2876 4712
527 311 756 375 -315-

84 501 113 563 in
136 501 241 582 prima
266 500 463 566 institutione
490 499 586 564 locuti
613 517 738 564 sumus:
765 497 858 564 bodie
886 515 963 562 uero
992 516 1061 562 curn
1089 496 1204 562 iudicia

84 618 335 684 extraordinaria
356 619 433 696 sint,
464 623 497 684 et
525 618 609 683 omni
638 623 779 701 tempore
800 617 991 696 habeantur,
1016 615 1127 682 merito
1150 615 1204 680 bo-

83 756 196 802 norum
226 738 421 804 uenditiones
448 740 481 804 in
508 759 568 805 usu
600 757 662 804 non
692 744 776 804 sunt.
821 743 853 803 et
882 740 909 804 si
938 757 1031 821 quern
1060 735 1203 818 pluribus

84 856 198 922 debere
227 863 420 940 compertum
449 859 508 938 sit,
539 857 639 923 officio
667 858 778 926 iudicis
808 858 904 924 datur
933 857 1141 923 creditoribus
1169 857 1204 920 li-

84 977 186 1042 centia
212 977 246 1042 in
274 978 445 1044 communis
474 977 625 1044 debitoris
652 979 806 1044 bonorum
833 977 1063 1062 possessionem
1084 975 1238 1054 uenires

84 1116 182 1180 eaque
213 1097 379 1180 disponere
404 1102 501 1180 prout
529 1099 605 1181 ipsis
634 1099 693 1166 sibi
720 1099 798 1166 utile
829 1117 898 1165 esse
927 1097 1083 1163 uideatur.
1132 1095 1206 1163 licet

85 1223 191 1284 antem
212 1218 291 1284 baec
313 1237 351 1284 ex
365 1217 477 1284 latiore
492 1219 694 1301 Digestorum
710 1219 903 1302 expositione
917 1217 1086 1298 perfectius
1101 1235 1202 1282 nosse.

85 1337 164 1402 Olim
187 1355 266 1402 uero
292 1336 370 1403 haec
397 1337 444 1402 ita
464 1335 589 1404 fiebant
635 1339 771 1421 siquis,
799 1357 870 1404 curn
898 1336 1042 1419 pluribus
1065 1336 1202 1414 deberet,

86 1455 196 1523 deinde
217 1457 374 1536 latitaret,
402 1475 503 1539 neque
531 1457 571 1523 ab
593 1458 697 1540 aliquo
721 1457 956 1536 defenderetur,
985 1455 1204 1522 conuenientes

86 1575 257 1642 creditores
284 1581 463 1658 praetorem
490 1576 619 1642 adibant
646 1577 741 1660 idque
770 1577 854 1660 apud
882 1576 1256 1659 eumquerebantnr310

87 1701 213 1778 praetor
234 1715 310 1762 uero
338 1697 383 1762 eis
412 1697 494 1762 bona
521 1696 671 1763 debitoris
692 1696 854 1779 possidere
876 1696 1074 1774 concedebat,
1101 1701 1204 1761 erant

87 1816 199 1898 quein
223 1835 331 1882 eorum
353 1816 549 1897 possessione
570 1835 628 1898 per
649 1821 751 1882 certos
774 1817 849 1884 dies.
887 1817 1002 1899 quibus
1025 1816 1203 1894 transactis,

88 1935 186 2000 altera
211 1933 307 2000 fiebat
335 1935 432 2001 aditio
462 1937 503 2002 ab
524 1937 642 2004 eisdem
664 1938 917 2021 postulantibus,
946 1942 983 2002 ut
1010 1938 1070 2003 sibi
1096 1937 1205 2002 liceret

88 2072 181 2118 unum
204 2073 241 2119 ex
263 2072 321 2119 sno
342 2073 473 2120 numero
495 2056 619 2139 eligere,
646 2076 817 2140 perquem
840 2058 923 2124 bona
944 2058 1096 2124 uenirent.
1130 2075 1203 2121 nam

89 2192 154 2238 cum
176 2192 239 2238 non
260 2172 350 2240 facile
373 2193 479 2241 omnes
496 2176 589 2241 simul
604 2176 732 2242 cottidie
755 2178 921 2243 conuenire
943 2181 1081 2260 possent,
1104 2194 1202 2239 unum
1223 2181 1254 2232 15

90 2313 122 2359 er
143 2313 201 2360 suo
227 2311 358 2361 numero
385 2295 557 2378 eligebant,
586 2297 640 2379 qui
669 2297 858 2379 magister
885 2298 1060 2363 uocabatur
1087 2295 1204 2378 quique

90 2414 151 2497 ipse
173 2415 319 2498 deinceps
348 2434 419 2482 cum
448 2435 550 2482 emere
579 2417 757 2484 uolentibus
787 2417 1001 2482 contrahebat.
1046 2414 1204 2496 fiebatque

91 2535 272 2617 proscriptio
293 2534 326 2600 in
341 2536 516 2618 conspicuis
531 2536 619 2602 urbis
634 2536 777 2620 partibus
799 2537 877 2602 haec
900 2537 1076 2602 continens:
1103 2533 1204 2599 »Ille

94 2653 272 2720 »debitor
299 2659 433 2720 noster
461 2655 497 2720 in
520 2674 672 2721 causam
693 2656 837 2722 incidit
856 2656 1045 2721 bonorum
1067 2651 1204 2719 uendi-

95 2775 246 2839 ·tionis:
268 2792 337 2840 uos
353 2773 437 2841 eius
453 2774 679 2841 creditores
695 2775 1082 2842 bonadistrahimus:
1105 2791 1203 2854 emp·
1220 2782 1254 2832 no

95 2899 174 2958 »tor
195 2895 259 2976 qui
282 2895 393 2960 nolet
421 2891 616 2960 accedat«.
661 2895 790 2974 Deinde,
814 2896 922 2978 paucis
944 2893 1058 2976 clapsis
1082 2892 1200 2970 diebus,

93 3014 182 3078 tertia
206 3031 329 3095 quoque
356 3011 452 3078 fiebat
477 3013 590 3093 aditio,
620 3034 684 3097 qua
716 3016 865 3098 »legem
891 3016 1080 3081 bonorum
1108 3031 1202 3077 uen-

94 3131 329 3198 dnndorum‹
360 3131 463 3200 facere
496 3135 773 3219 permittebantur:
811 3143 878 3205 turn
910 3128 991 3202 enim
1021 3130 1201 3220 praedictae
