2870 4716
497 422 727 486 ..336-

62 610 168 692 quibus
192 610 310 676 dietum
332 615 390 688 est,
413 608 479 674 siue
501 607 606 673 studio
628 611 660 673 et
681 606 763 672 faoto
783 605 983 688 promissoris
998 597 1169 683 deraserit,

61 731 248 812 extinguitur
277 729 448 812 stipulatio.
493 733 529 792 ut
557 746 628 794 ecee
653 727 923 809 interrogauerarn
951 731 996 792 te:
1028 743 1171 808 »spou-

60 849 170 915 desne
187 849 365 915 Stichum
387 849 583 914 homiuem
606 847 700 912 milri
720 846 853 912 darei«
878 847 928 912 hie
943 852 1050 912 autem
1065 846 1170 910 Primo

60 969 223 1048 seruiebat,
251 974 284 1036 et
304 970 414 1052 procul
436 968 531 1034 dubio
554 968 682 1034 ualebat
703 967 882 1050 stipulatio:
910 967 1024 1032 accidit
1044 971 1081 1032 ut
1101 966 1129 1030 is
1152 984 1172 1030 a

60 1089 180 1154 domino
203 1108 261 1154 sno
282 1109 345 1155 non
368 1109 405 1156 ex
427 1095 483 1155 tua
505 1090 669 1156 uoluntate
691 1089 979 1156 manumitteretur:
1004 1085 1054 1151 uel
1076 1085 1205 1150 inter-s

59 1229 242 1292 rogauerum
270 1215 316 1276 te:
354 1209 605 1293 »spondesne
636 1210 726 1274 mihi
758 1209 855 1274 hune
882 1209 1009 1273 locum
1035 1205 1167 1271 daret«

59 1331 107 1413 qni
127 1331 247 1414 priuati
270 1331 347 1396 iuris
369 1335 451 1395 erat:
474 1335 586 1413 postea
608 1349 683 1396 uero
706 1335 778 1395 ante
800 1328 982 1412 petitionem
1006 1345 1095 1392 saoer
1116 1330 1172 1389 aut

59 1451 218 1532 religiosus
231 1451 343 1536 ,iactus
365 1456 427 1530 est;
455 1449 574 1515 inutilis
602 1449 781 1533 stipulatio,
810 1449 856 1512 nti
879 1447 1084 1524 dictumest,
1108 1443 1172 1510 effi·

58 1572 166 1637 cietur:
199 1589 269 1636 cnm
297 1571 380 1637 enim
408 1570 440 1635 iu
468 1569 620 1636 eiusmodi
647 1589 754 1635 casum
782 1588 832 1634 res
856 1565 1032 1644 domuerit,
1064 1582 1172 1646 aquo

59 1692 206 1772 originem
228 1691 367 1774 accipere
389 1711 449 1756 uon
471 1691 628 1774 potuisset
649 1690 850 1772 extinguitur.
888 1688 958 1754 Nou
981 1687 1063 1751 euim
1085 1689 1223 1769 pote-1⁰

59 1829 120 1874 ram
155 1811 197 1875 ab
230 1809 317 1875 initio
350 1810 484 1875 liberum
518 1810 673 1875 hominem
705 1828 762 1875 neo
795 1827 862 1874 rem
894 1825 1016 1873 sacram
1050 1805 1172 1886 religio

58 1949 162 1996 samue
191 1931 345 2015 stipulari.
398 1929 480 2007 Quid
506 1935 612 1996 antem
639 1935 687 1996 eat
716 1930 835 2011 siquis
862 1928 1020 1994 delibero
1048 1925 1173 1991 homine

59 2049 100 2114 ita
114 2049 298 2133 stipuletur:
324 2047 568 2132 »Spondesne
590 2048 681 2114 mihi
697 2049 848 2114 Titium
870 2048 964 2114 dare
987 2065 1069 2114 enm
1091 2063 1173 2110 ser-

59 2189 126 2236 uus
148 2170 274 2236 exiti«
300 2174 357 2235 aut
378 2168 417 2236 de
439 2189 474 2235 re
495 2170 527 2234 in
554 2169 679 2252 publico
702 2187 778 2234 usu:
810 2165 1049 2251 »spondesne
1076 2163 1171 2229 mihi

59 2289 417 2369 hunoloeumdare,
442 2290 503 2354 ubi
519 2288 799 2355 theatrumuel
821 2287 1030 2370 cynegium
1052 2289 1124 2363 est,
1140 2284 1172 2349 si
1193 2290 1223 2343 15

60 2409 208 2490 priuati
222 2409 324 2475 iuris
338 2408 447 2474 fiatlx
462 2411 606 2492 protinus
617 2409 737 2474 inutilis
750 2409 810 2473 erit
821 2405 993 2488 stipulatio,
1006 2423 1078 2470 uam
1091 2421 1173 2486 quae

59 2534 170 2594 natura
185 2535 261 2595 sunt
277 2534 385 2596 nostro
401 2529 538 2595 dominio
554 2533 699 2611 exempta
714 2546 777 2592 non
792 2531 927 2610 possunt
946 2527 976 2590 in
999 2523 1174 2606 stipulatio

25 2665 45 2716 a.
61 2667 129 2716 nem
140 2649 260 2715 deduci.
285 2651 314 2715 3.
328 2649 361 2714 Si
374 2649 443 2730 quis
455 2648 659 2731 spoponderit
669 2647 803 2714 alterum
816 2645 965 2710 daturum
976 2643 1174 2708 facturumue

61 2769 175 2850 aliquid
196 2789 259 2835 uon
275 2769 475 2851 obligabitur,
499 2769 598 2834 ueluti
613 2769 639 2834 si
662 2769 780 2834 dicam:
807 2764 1002 2849 »spondeo
1025 2762 1174 2828 Titium

61 2887 240 2953 daturum
262 2888 339 2954 tibi
369 2888 499 2954 decem
522 2905 682 2954 aureos«
709 2886 760 2952 uel
792 2885 967 2950 »domum
989 2879 1174 2947 aedifica·
1191 2893 1226 2944 ao

61 3011 228 3071 turum«.
276 3007 330 3072 Sin
354 3012 458 3072 antem
478 3005 649 3089 spondeam
671 3024 710 3070 ue
725 3003 918 3083 effecturum,
942 3009 979 3067 ut
992 3002 1094 3067 Titius
1117 2999 1174 3065 tibi

67 3126 168 3192 decem
190 3145 303 3193 aureos
326 3126 389 3206 det,
412 3126 531 3191 ualebit
552 3125 724 3208 stipulatio,
748 3143 853 3190 meum
875 3124 958 3190 euim
971 3121 1091 3187 factum
1104 3138 1177 3203 pro-

26 3269 46 3317 1.
64 3248 139 3312 misi.
172 3253 201 3314 4.
225 3249 260 3314 Si
275 3248 345 3331 quis
361 3249 423 3328 alii,
446 3248 496 3313 ε111
511 3247 671 3313 subiectus
686 3264 749 3312 non
764 3246 815 3323 sit,
838 3244 1016 3326 stipuletur,
1037 3238 1175 3305 inualido

63 3368 237 3449 stipulatur.
283 3369 376 3451 plane
398 3368 512 3434 solutio
539 3367 634 3432 etiarn
656 3367 688 3430 in
711 3372 893 3431 extraneam
914 3379 1081 3445 personam
1104 3377 1175 3424 oon-

64 3487 134 3552 lern'
156 3492 279 3571 potest;
302 3488 401 3554 ueluti
423 3489 450 3554 si
473 3507 530 3568 ego
546 3489 591 3552 ita
606 3487 754 3569 stipuler:
782 3484 899 3550 »mihi
922 3488 990 3549 ant
1004 3482 1093 3548 Seio
1116 3478 1176 3542 de-
