3092 4702
596 305 809 368 ..64-

143 499 189 556 tur
212 492 321 558 ualere
344 492 505 572 incipiunt,
540 493 646 571 itaque
668 491 849 572 relinquunt
871 495 1018 571 parentes
1038 492 1175 553 tutorem
1189 485 1266 553 libe·

141 610 178 676 ris
207 611 277 676 suuis
304 610 534 691 impuberibus,
562 609 630 676 siue
652 609 799 676 masculis
821 610 889 674 siue
905 606 1046 674 ‘leminis
1098 607 1264 686 nepotibus

140 735 246 794 entem
265 729 474 810 neptibusque
496 730 541 794 itu
563 729 687 794 demum
703 729 776 794 linet
791 733 929 794 tutorem
944 727 1129 808 relinquere,
1151 727 1266 807 sipost

141 853 274 914 mortem
296 847 351 912 uui
371 847 403 912 in
426 846 476 912 sni
498 847 597 929 petris
620 851 809 927 potestatem
831 864 893 911 non
923 845 987 909 sint
1012 845 1161 910 recasuri.
1207 845 1266 910 ite·

140 987 196 1048 que
219 968 248 1030 si
270 967 341 1049 quis
363 965 462 1030 lilium
484 965 516 1030 in
539 971 696 1048 potestate
718 965 834 1030 habeut
862 972 958 1045 atque
984 983 1021 1028 ex
1049 981 1086 1027 eo
1108 969 1263 1045 nepotem,
1299 986 1316 1037 5

139 1085 297 1167 relinquet
317 1093 423 1153 eutem
451 1087 557 1169 nepoti
587 1091 725 1151 tutorem
754 1086 785 1150 in
816 1090 1023 1161 testamento,
1053 1084 1080 1146 si
1103 1084 1264 1150 testatoris

140 1205 250 1272 mortis
271 1209 413 1285 tempore
435 1204 537 1268 media
558 1220 693 1283 persone
714 1204 746 1266 iu
768 1203 836 1268 eius
858 1201 994 1268 mensori
1016 1207 1189 1284 potestate,
1213 1219 1265 1268 ue·

140 1329 227 1402 potes
249 1323 523 1388 testamentarium
544 1328 682 1388 tutorem
705 1341 766 1387 non
789 1321 962 1388 habebunt·
1004 1327 1078 1404 post
1107 1322 1189 1386 enim
1211 1322 1264 1386 eni

139 1443 185 1508 sui
206 1446 343 1508 mortem
365 1442 396 1505 in
418 1439 518 1520 patuis
541 1441 590 1504 sui
613 1445 803 1522 potestatem
831 1441 989 1518 recident,
1018 1439 1152 1520 ideoque
1179 1439 1264 1506 nullo

140 1561 206 1626 inne
229 1565 336 1625 tutore
357 1563 503 1635 utentur,
533 1576 603 1624 eum
633 1558 697 1624 iem
726 1557 844 1624 dictum
873 1559 916 1624 sit
942 1557 1159 1625 filiusfamilias
1186 1575 1316 1628 nun-10

139 1697 232 1760 qnam
260 1679 293 1743 in
314 1675 415 1743 tutele
436 1693 515 1741 esse.
559 1679 607 1741 sin
630 1682 734 1742 eutem
757 1675 860 1742 medie
882 1694 1017 1759 persona
1038 1679 1148 1743 mortis
1170 1684 1265 1744 teste·

139 1799 215 1864 tonis
239 1805 381 1882 tempore
401 1802 450 1866 sui
472 1802 550 1866 iuris
573 1801 626 1880 sit,
647 1808 723 1869 tunc
744 1801 799 1868 eui
822 1818 905 1868 mors
934 1811 1080 1884 nepotem
1108 1805 1156 1869 sui
1184 1803 1264 1870 iuris

140 1917 244 1997 efficit,
266 1924 363 2001 atque
384 1920 500 1986 tutoris
522 1921 609 1987 detio
631 1921 726 1999 ualet,
749 1927 860 2004 utpote
881 1940 963 2004 quae
984 1922 1017 1987 in
1038 1921 1264 2004 patrefamilias

101 2057 123 2106 4.
139 2038 298 2120 procedat.
331 2041 363 2102 4.
385 2039 507 2106 Liberis
529 2047 634 2108 autem
657 2043 774 2108 nostris
796 2043 850 2126 qui
872 2043 903 2109 in
926 2059 1031 2108 rerum
1055 2047 1168 2106 nutura
1190 2049 1265 2108 eunt

139 2173 229 2238 posse
250 2175 309 2222 nus
331 2163 466 2228 intorem
488 2158 667 2242 relinquere
688 2160 890 2228 menifestum
905 2167 967 2236 est;
991 2179 1030 2228 au
1047 2161 1142 2228 etiam
1156 2161 1315 2242 postu-1⁵

138 2276 220 2342 nis?
239 2277 379 2359 postumi
392 2283 497 2344 autem
514 2283 591 2344 sunt
605 2280 658 2362 qul
673 2285 746 2361 poet
766 2283 898 2346 montem
919 2285 1059 2346 nostrem
1081 2285 1263 2346 naseuntur.

140 2401 171 2462 et
186 2395 324 2463 manue
339 2415 439 2480 posse,
463 2415 533 2464 uum
548 2399 580 2462 in
596 2396 806 2481 compluribus
821 2397 925 2466 oeusie
940 2417 998 2481 pm
1019 2396 1082 2464 iem
1104 2398 1187 2464 natis
1207 2398 1264 2464 lue·

137 2514 271 2581 beentur
281 2523 368 2584 reete
382 2523 488 2583 antem
499 2521 620 2583 tutores
631 2517 784 2598 postumie
800 2522 876 2583 tune
891 2518 1016 2595 dentur,
1030 2517 1058 2582 si
1072 2517 1103 2582 in
1119 2535 1157 2582 ee
1168 2533 1264 2582 oense

136 2633 201 2698 sint
222 2639 258 2699 nt
280 2635 308 2700 si
330 2633 419 2701 uobis
440 2635 523 2701 uiuis
546 2639 751 2702 nascerentur
773 2635 803 2704 in
826 2641 936 2702 nostra
957 2634 1069 2704 fierent
1097 2639 1263 2718 potestete,

96 2767 121 2817 5.
136 2749 220 2817 idest
240 2753 300 2831 sni,
323 2755 445 2819 nemine
467 2753 684 2836 praecedente.
723 2756 753 2821 5.
777 2749 832 2821 Sin
854 2761 959 2823 antem
982 2756 1177 2838 emancipato
1198 2751 1263 2821 lilio
1280 2768 1316 2820 uu

135 2875 227 2951 peter
248 2871 280 2936 in
303 2878 493 2940 testamento
516 2878 652 2942 tutorem
676 2875 842 2958 relinquet,
865 2891 928 2941 non
950 2873 1037 2942 ualet
1058 2873 1186 2958 quidem
1209 2873 1264 2940 de·

135 2989 181 3054 tio
204 2990 375 3056 meandum
402 2991 480 3056 iuris
507 2991 732 3074 suptilitatem,
754 2995 829 3075 quie
850 2993 968 3060 dietum
995 2991 1111 3058 estiis
1140 2997 1262 3059 tentum

134 3108 189 3187 qni
212 3108 261 3173 eni
282 3109 358 3174 iuris
380 3109 444 3174 sint
465 3114 589 3176 tutores
612 3109 644 3174 in
667 3115 857 3177 testumento
880 3109 1014 3192 relinqui
1036 3128 1144 3193 posse:
1174 3127 1262 3193 pree

131 3233 186 3292 tur
217 3245 293 3294 uero
319 3232 376 3293 eut
400 3242 528 3310 praeses
560 3227 742 3309 prouinciae
770 3227 910 3295 ueinneti
940 3227 1135 3296 uoluntatem
1164 3228 1261 3294 adlm-

133 3343 203 3427 plet
224 3353 318 3428 atque
339 3344 492 3416 eiusmodi
514 3347 673 3415 dationem
696 3347 764 3415 sine
785 3347 987 3429 inquisitione
1009 3343 1186 3426 confirmet,
1216 3348 1261 3412 ni·
1279 3350 1313 3402 2⁶
