2926 4708
574 328 804 392 -198-

126 513 265 602 μένατῇ
292 511 346 578 τοῦ
375 511 531 598 ἡμετέρου
560 513 719 596 βασιλέως
747 514 894 586 διατάξει.
946 515 1015 578 τότε
1050 513 1086 576 δὲ
1119 514 1147 576 οῖ
1156 514 1181 595 ¹)
1212 535 1251 576 ιι-

130 614 253 691 νοῦντες
274 616 329 702 τὴν
352 615 388 679 δε
410 613 586 682 inofficioso
608 617 745 704 ίογυρῶς
766 615 861 702 ταύτη
881 617 1065 703 χρήσονται,
1087 615 1174 700 ηνίκα
1197 616 1252 678 πά-

129 739 187 806 σης
215 718 359 802 ἑτέρας’)
390 718 571 806 ἐστέρηνται
595 718 768 804 βοηθείας·
801 719 915 806 ἐσχάτη
945 720 1007 804 γάρ
1035 717 1118 780 ἐστιν
1144 719 1163 803 η
1190 717 1250 780 ἀπὸ

127 823 182 906 τῆς
205 820 245 885 de
265 820 441 886 inofficioso
462 821 615 906 βοήθεια·
638 823 655 882 ό
679 821 739 907 γὰρ
762 818 907 905 εὐπορῶν
926 821 1037 904 ἑτέρου
1060 819 1176 883 δικαίου
1205 817 1249 882 δι’

93 919 195 1006 505⁸)
230 922 397 1009 δυνησηται
432 924 485 1008 τὴν
516 928 616 987 πᾶσαν
643 921 698 986 τοῦ
725 923 966 1009 τελευτησαντος
994 922 1101 1003 λαβεῖν
1130 943 1250 1008 περιου-

128 1025 196 1088 σίαν
219 1025 238 1111 ἢ
259 1026 358 1111 μέρος
380 1024 476 1111 αὐτῆς
503 1025 558 1090 οίικ
587 1025 650 1113 ἔχει
678 1027 818 1109 πάροδον
841 1025 890 1088 έπί
917 1023 971 1110 τὴν
1001 1023 1040 1088 de
1066 1021 1248 1088 inofficioso.

130 1131 217 1191 τοῦτο
240 1127 276 1191 δὲ
299 1127 335 1192 οδ
355 1129 452 1211 μόνον
476 1129 546 1211 περί
574 1133 638 1192 τῶν
667 1128 700 1191 ἐν
729 1128 819 1212 φύσει
846 1129 981 1202 παίδων,
1010 1128 1087 1190 ἀλλὰ
1113 1128 1174 1211 γὰρ
1203 1129 1250 1188 καί

127 1230 175 1292 ἐπί
196 1230 374 1312 postdmwn
399 1230 538 1294 νοεῖσθαι
556 1232 630 1318 γρή.
675 1233 704 1296 3.
745 1232 842 1295 Ταῦτα
864 1231 901 1294 δὲ
924 1230 1007 1294 οὕτω
1029 1229 1200 1319 δεχόμεθα,
1223 1231 1249 1293 εί
1264 1241 1288 1292 3.

125 1333 224 1417 μηδὲν
246 1333 351 1406 αὐτοῖς
367 1335 525 1409 παντελῶς
540 1333 598 1396 ὑπὸ
614 1337 669 1398 τοῦ
686 1335 925 1420 τελευτησαντος
939 1332 1137 1418 κατελείφθη,
1160 1336 1250 1395 τοῦτο

80 1455 109 1502 10
127 1436 188 1518 γὰρ
210 1437 259 1498 καί
287 1434 322 1498 ἐκ
343 1436 516 1510 διατάξεως
538 1439 592 1499 τοῦ
614 1435 777 1500 θειοτάτου
800 1435 985 1520 ἡμετέρουέ)
1013 1436 1169 1518 βασιλέως
1190 1435 1250 1500 ἐπι-

129 1537 269 1623 νενόηται
292 1539 328 1622 τῇ
351 1536 442 1621 φύσει
465 1539 519 1622 την
542 1538 765 1623 προσήκουσαν
788 1536 1008 1613 δποσιόζοντος
1030 1535 1120 1602 αίδιό.
1160 1541 1251 1602 πάλαι

128 1640 196 1722 γὰρ,
220 1639 247 1701 εί
267 1640 311 1724 μὴ
335 1641 368 1700 τδ
391 1639 594 1724 ὀφειλόμενον
617 1640 699 1702 ἅπαν
720 1636 927 1723 κατελείφθη,
950 1636 1073 1701 ἐδίδοτο
1101 1641 1194 1726 χώρα
1216 1649 1253 1726 τη

127 1739 167 1805 de
193 1737 379 1806 inofficioso.
438 1741 520 1804 οἷον·
546 1727 799 1823 υνομισμάτων
829 1735 893 1827 είγέ
920 1763 965 1816 τις
995 1739 1150 1823 οιίσίανθ)
1186 1741 1250 1808 ἔδει

127 1839 220 1904 αὐτὸν
243 1827 421 1926 πάντωςρ
442 1844 519 1926 ναί)
559 1844 746 1924 καταλιπεῖν,
779 1842 919 1907 τουτέστι
954 1844 989 1904 τὸ
1017 1843 1166 1928 τέταρτον
1194 1849 1249 1930 τῆς

79 1979 108 2029 15
127 1944 243 2022 οόσίας,
266 1944 314 2008 ίνα
335 1946 379 2031 μ)
401 1946 512 2032 κινηθῇ
534 1946 584 2031 ff)
614 1945 654 2008 de
675 1943 861 2010 inofficioso.
913 1945 1052 2029 σηρερον
1082 1945 1118 2008 δὲ
1147 1947 1174 2010 ελ
1202 1953 1251 2013 καί

127 2045 160 2110 έν
183 2049 314 2130 νόμισμα
336 2050 382 2132 τῷ
405 2046 608 2132 θκίτοτθᾶίιθφ
630 2046 650 2133 ἢ
672 2049 722 2110 καί
750 2045 940 2134 όσονδηποτε
969 2047 1068 2131 μέρος
1098 2051 1154 2133 τῆς
1183 2049 1250 2135 κλη-

123 2149 274 2234 ρονομίας
296 2148 497 2235 καταλειφθῇ,
521 2149 616 2236 ἤγουν
640 2151 687 2212 καί
709 2153 837 2234 πρᾶγμα
859 2148 1059 2234 οίονδηποτε,
1088 2149 1108 2234 ι)
1138 2148 1173 2213 ἐκ
1195 2154 1250 2236 τῆς

126 2250 166 2315 de
187 2249 364 2316 inofficioso
385 2251 500 2336 μέμψις
522 2250 660 2335 άργεῖθ),
687 2254 744 2336 της
766 2250 940 2325 διατάξεως
968 2252 1004 2313 τὸ
1035 2249 1174 2314 ἐλλεῖπον
1203 2256 1249 2337 τῷ

126 2353 266 2437 τετάρτῳ
288 2357 344 2438 τῆς
367 2351 405 2425 ἐξ
424 2352 592 2417 άδιαθέτου
613 2351 729 2436 μοίρας
750 2351 997 2438 δναπληροόοης,
1021 2353 1048 2414 εί
1068 2355 1118 2416 καί
1141 2355 1249 2439 τάμά·

75 2485 109 2535 20
127 2453 214 2516 λιστα
235 2455 252 2516 δ
276 2453 462 2537 διαθέμενος
484 2453 540 2517 οὐκ
561 2453 715 2538 ἐνέγραφε
737 2477 774 2539 τη
801 2453 897 2541 οίκείᾳ
916 2457 1017 2542 χειρί,
1048 2455 1094 2518 ότι
1123 2455 1191 2518 ἐάν
1218 2479 1249 2518 τι

127 2553 275 2641 εὑρεθῇ
312 2554 496 2619 ἐλλεῖπον
535 2554 730 2637 βούλομαι
769 2555 864 2620 αότδ
903 2556 1249 2644 ἀναπληρωθῆναι

126 2655 268 2741 άνδρδς
288 2656 439 2738 ἀγαθοῦ
459 2659 651 2744 μεσιτείᾳ.
697 2663 787 2720 τοῦτο
809 2661 869 2741 γὰρ
892 2661 942 2722 καί
960 2662 1005 2746 μὴ
1028 2662 1247 2742 προσκείμενον

126 2760 145 2844 η
169 2759 245 2845 αὐτη
266 2759 404 2840 διάταξις
426 2763 471 2836 ὡς
493 2760 583 2844 φύσει
606 2763 824 2844 παρεπόμενον
846 2760 1012 2848 δέχεταιθ)
1048 2765 1077 2825 4.
1111 2761 1183 2826 Ἐάν
1206 2786 1247 2838 τις
1262 2768 1285 2817 4·

126 2862 299 2948 ἀσπάσηται
323 2864 376 2947 τὴν
398 2867 453 2926 τοῦ
476 2865 594 2945 πατρὸς
614 2863 777 2949 βούλησιν,
802 2863 837 2925 οό
861 2863 989 2927 δύναται
1016 2865 1154 2950 αδτὴνίθ)
1178 2866 1248 2928 ιίνα-

76 2992 108 3044 25
127 2963 248 3046 τρέπειν
271 2965 322 3027 διὰ
349 2969 404 3049 τῆς
432 2965 472 3030 de
499 2964 685 3030 inofficiosa
743 2964 818 3027 όθεν
849 2965 909 3050 θρα
939 2965 1004 3028 οἷον
1034 2965 1181 3054 ἐξητηθη.
1231 2970 1247 3030 ό

126 3065 201 3147 ἐρδς
223 3067 405 3142 θπεξούσιος
426 3066 617 3150 ἐπετρόπευε
646 3065 770 3151 ρυρίίίιι
801 3068 888 3141 τινός.
934 3070 1088 3132 τελευτῶν
1115 3070 1179 3152 ἐγὼ
1201 3071 1248 3134 καί

125 3170 251 3254 γράφας
273 3170 382 3255 ἕτερον
403 3169 611 3256 κληρονόμον,
640 3173 695 3232 τδν
724 3169 846 3252 έρδνῃ)
872 3171 1053 3243 ὑπεξοόσιον
1076 3171 1248 3239 exheredd·

126 3273 226 3348 tensa,
251 3271 464 3358 κατέλειφα”)
488 3271 524 3335 δὲ
546 3274 679 3354 ληγάτον
710 3277 755 3357 τῷ
776 3271 926 3356 ρυφίίίιρ,
949 3271 1048 3359 οὕπερ
1070 3273 1108 3360 ἦν
1130 3275 1247 3360 ἐπίτρο-

128 3392 193 3446 πος.
237 3373 379 3461 ἀπῄτησε
400 3378 435 3439 τὸ
459 3377 591 3461 ληγάτον
613 3376 631 3438 δ
653 3374 730 3459 ἐμὸς
751 3379 822 3451 παῖς
843 3377 878 3439 τὸ
900 3376 1105 3458 καταλειφθὲν
1120 3381 1171 3462 τῷ
1193 3398 1248 3460 pu·

77 3500 111 3550 30
129 3473 230 3560 ρίίίφ·
251 3477 332 3558 μετὰ
355 3475 450 3540 ταῦτα
470 3477 619 3560 βούλεται
640 3481 761 3563 κινῆσαι
781 3480 836 3564 τὴν
853 3476 892 3542 de
914 3477 1101 3558 inofficiose,
1126 3483 1173 3556 ὡς
1192 3503 1247 3566 μη

127 3575 182 3638 δὲν
204 3575 285 3664 ἔχων
307 3577 342 3640 ἐκ
365 3583 419 3665 τῆς
441 3578 636 3663 πατρῴαςῑθ)
661 3579 847 3664 περιουσίας.
882 3579 946 3664 ἇρα
968 3581 1097 3645 δόναται
1119 3580 1183 3667 ἢῑ4)
1203 3582 1247 3666 μη

127 3765 150 3830 1)
169 3761 194 3817 d.
215 3761 255 3816 Vi.
273 3763 305 3818 B.
367 3763 390 3829 ἵ)
408 3763 434 3818 d.
453 3763 493 3817 vi.
511 3764 544 3820 R.
601 3765 625 3828 θ)
642 3763 667 3816 d.
686 3763 724 3817 M.
775 3766 799 3832 ⁴)
817 3765 870 3819 M.:
889 3772 940 3819 cet.
960 3767 1048 3835 ἡμῶν.
1099 3769 1122 3832 θ)
1139 3781 1249 3834 περιου-

126 3845 185 3898 σίίν
206 3847 248 3901 vi.
266 3847 298 3903 R.
407 3847 800 3914 8)(1.1ι1.Ιι18.Ιι6.Ῡί.Ιλ.
904 3851 927 3918 ί)
946 3850 1046 3905 Addidi
1063 3866 1125 3906 cum
1143 3850 1187 3904 vi.
1204 3850 1247 3904 R:

126 3934 186 4004 κινῇ
204 3933 221 3986 l.
239 3933 288 3987 116.
401 3935 423 4002 Β)
440 3936 495 4002 γάρ
513 3935 539 3986 εί
555 3935 594 3990 Μ.
733 3935 756 4000 9)
774 3935 812 3988 Μ.
831 3935 895 3989 hd:
914 3937 972 4006 δέγ.
991 3936 1029 3996 ὡς
1045 3953 1073 4004 φ.
1091 3955 1119 3990 π.
1137 3935 1186 3990 Ll.
1205 3935 1247 3990 d:

126 4021 249 4086 φυσικῶς
268 4021 452 4093 παραδέχεται
469 4020 551 4090 ἤγουν
570 4023 607 4082 ὡς
624 4041 652 4090 φ.
672 4041 699 4078 π.
718 4019 760 4076 vi.
778 4021 811 4076 R.
945 4023 981 4089 10)
999 4022 1051 4075 ΜΛ
1070 4028 1123 4078 det.
1139 4022 1247 4092 ταύτην.

127 4106 161 4172 ιι)
180 4103 205 4158 d.
225 4105 263 4162 Μ.
367 4106 402 4174 ¹¹)
421 4107 563 4160 -ἑλειπον
581 4107 623 4161 vi.
642 4107 675 4162 R.
780 4107 815 4172 ι3)
833 4108 976 4176 προτέρας
993 4106 1041 4160 Ιιθ.
1117 4108 1152 4173 1⁴)
1169 4105 1194 4158 εί
1211 4105 1247 4159 Μ.
