2876 4712
522 374 562 386 ..
606 339 674 418 2⁷1:
713 375 755 388 -

75 525 204 592 esttibi
227 524 351 608 gradui
373 526 437 592 dic:
451 528 574 594 tertio:
599 546 731 596 necesse
760 535 822 604 est·
837 531 920 597 enim
949 537 981 598 te
1006 532 1048 601 ad
1067 541 1198 615 'patrem

76 649 268 716 adscendere
289 656 328 715 et·
344 650 462 729 dicere,
492 669 542 717 me
569 653 680 733 genuit
709 659 815 734 pater,
841 662 962 736 patrem
992 661 1097 722 antem
1119 643 1199 721 anus

77 785 114 832 en
138 769 218 834 duae
240 769 470 850 generationes:
498 773 580 836 idem
608 791 688 838 auus
708 753 854 854 patruum
877 775 986 856 genuit
1016 793 1199 856 menmzen

76 897 140 953 tres
162 889 380 969 generationes
402 897 467 957 tres
489 891 607 972 gradus
630 892 842 974 perficientes
873 895 919 960 ita
945 902 982 960 ut
1008 896 1103 960 tertio
1126 895 1200 959 mihi

76 1011 176 1092 gradu
197 989 329 1092 patruus
350 1011 400 1074 sit.
445 1011 491 1077 sic
513 1019 544 1076 et
566 1013 710 1096 deinceps
734 1013 833 1079 eidem
856 1014 983 1096 regulae
1004 1013 1199 1080 animaduer-
1235 1020 1251 1070 t

78 1137 155 1207 teus,
180 1129 296 1212 gradus
318 1129 461 1198 inuenire
483 1132 609 1212 poteris.
655 1132 734 1198 Cum
755 1133 833 1199 haee
860 1133 919 1198 tihi
941 1143 1106 1215 perspecta
1128 1134 1200 1213 sint,

79 1250 196 1316 nidesis
220 1269 302 1332 qnae
323 1257 480 1318 secuntur.
525 1253 645 1334 siquis
668 1260 810 1320 mortuns
839 1253 935 1320 tuerit
962 1255 1082 1319 nullum
1109 1273 1201 1321 snum

80 1369 225 1436 heredem
248 1371 437 1452 relinquens,
460 1391 561 1454 neque
584 1372 639 1453 qni
669 1391 796 1438 suorum
824 1374 934 1440 ordine
961 1365 1128 1440 nauseatur
1149 1373 1201 1440 uel

81 1511 98 1556 a
125 1499 285 1572 praetore,
316 1492 413 1557 ueluti
443 1494 687 1574 emancipatum,
714 1493 769 1558 uel
797 1513 816 1558 a
840 1494 1125 1573 constitutionibus,
1147 1511 1202 1559 ue·

80 1610 134 1675 luti
155 1611 313 1692 praefatos
334 1619 472 1692 nepotes,
496 1613 557 1691 uei,
581 1611 732 1678 eiusmodi
754 1633 905 1696 personae
921 1620 1062 1680 extantes
1076 1633 1201 1696 quoquo
1222 1624 1253 1675 10

82 1730 168 1795 modo
185 1729 389 1795 hereditatem
406 1750 466 1796 non
481 1731 626 1803 adierint,
649 1739 714 1796 tum
730 1733 781 1797 lex
795 1731 857 1798 XII
872 1733 1049 1798 tabularum
1064 1734 1201 1808 seeundo

53 1869 69 1916 ι.
84 1851 187 1915 ordine
209 1847 384 1932 proximum
406 1851 576 1932 adgnatum
607 1859 699 1916 uocat
728 1853 767 1917 ad
797 1852 1014 1919 hereditatem.
1062 1855 1090 1916 l.
1121 1850 1203 1918 Sunt

84 1977 183 2036 autem
205 1969 350 2052 adgnati,
374 1977 409 2036 ut
431 1973 463 2036 in
491 1973 592 2053 prima
620 1991 744 2055 qunque
774 1971 976 2038 Institutione
1004 1972 1201 2048 tradidimus

84 2091 200 2172 cognati
213 2110 269 2172 per
284 2090 383 2156 uirilis
399 2109 491 2156 sexus
503 2110 652 2173 personas
663 2093 818 2157 coniuncti
831 2094 921 2172 qnasi
932 2111 952 2158 a
962 2099 1055 2175 patre
1068 2089 1201 2172 cognati.

85 2212 183 2292 itaque
205 2210 315 2276 eodem
338 2217 427 2290 patre
450 2209 562 2276 iratres
578 2211 644 2275 nati
660 2210 789 2291 adgnati
811 2210 871 2298 sibi
892 2209 1027 2276 inuicem
1050 2216 1132 2288 sunt,
1155 2217 1203 2276 at-
1224 2229 1255 2280 lo

87 2348 138 2409 qne
158 2328 258 2395 latine
280 2330 502 2410 consanguinei
524 2331 658 2397 audiunt
673 2332 797 2414 (graece
812 2347 889 2397 uero
904 2330 1057 2415 ὅμαιμοι);
1079 2349 1136 2396 nec
1158 2329 1204 2396 di·

91 2449 269 2530 stingnimus
293 2453 400 2516 utrnm'
420 2471 457 2517 ex
485 2452 593 2518 eadem
622 2459 721 2517 matre
750 2470 789 2516 an
818 2471 856 2518 ex
885 2449 1020 2516 diuersis
1050 2449 1204 2516 matribus

89 2570 153 2634 sint
196 2577 229 2636 et
249 2577 384 2653 patruus
407 2589 494 2638 meus
517 2571 593 2638 mihi
614 2572 771 2654 adgnatos
793 2576 842 2637 est
868 2579 903 2636 et
923 2589 981 2654 ego
1010 2567 1065 2634 illi.
1110 2575 1144 2636 et
1165 2582 1204 2636 ex

93 2690 205 2757 dnobus
226 2691 379 2760 iratribus
402 2691 501 2759 uirilis
523 2709 616 2760 sexus
644 2691 711 2759 nati
740 2691 942 2774 adgnationis
970 2690 1041 2756 iura
1068 2689 1204 2756 innioem

91 2807 212 2888 hahent,
247 2817 279 2876 et
313 2811 462 2878 dicuntur
492 2810 643 2876 iratres
671 2812 894 2894 patrueles,
932 2811 1064 2878 abusiue
1098 2817 1256 2876 autem-ao

88 2931 323 2996 consobrini.
358 2930 585 2997 consobrini
607 2930 689 2996 enim
710 2932 733 2995 ii
755 2929 952 3012 potissimum
974 2937 1129 2997 notantur
1150 2929 1204 3012 qui

87 3066 128 3112 ex
147 3048 262 3116 duabus
284 3051 443 3117 sororibus
464 3051 531 3118 uati
553 3057 636 3131 sunt,
658 3050 750 3134 quasi
774 3049 1089 3118 ›consororini‹
1137 3047 1205 3114 Hae
1259 3029 1263 3040 ⁵
