2864 4736
520 344 760 406 -441-

92 519 206 583 actione
222 517 292 598 quis
309 524 456 604 arpertus
472 518 525 600 sit,
550 518 638 582 uerbi
655 517 767 599 gratia,
789 538 857 582 cum
875 518 1002 598 quidam
1019 539 1062 582 ex
1079 525 1197 582 testa-

48 651 205 712 acmanto
229 662 326 726 agere
349 642 488 724 deberet,
513 643 577 725 egit
593 663 637 706 ex
660 642 858 726 stipulatu,
883 644 934 706 nel
959 643 1053 708 etiam
1079 650 1195 709 contra.

91 773 136 834 36.
148 767 203 830 Est
219 767 284 830 alia
300 786 424 848 quoque
440 767 595 831 actionum
619 767 743 831 diuisio.
777 768 930 848 quaedam
956 768 1039 832 enim
1057 768 1197 833 actiones

90 901 165 968 sunt,
189 893 300 972 quibus
316 913 378 956 uon
395 892 529 956 solidum
546 892 627 973 quod
646 893 737 956 nobis
754 892 885 956 debetur
899 894 1127 976 persequimur,
1151 903 1198 957 sot

89 1017 175 1082 modo
192 1017 335 1098 solidum,
360 1017 452 1081 modo
469 1017 587 1097 minus;
612 1017 707 1081 ueluti
732 1018 759 1080 si
782 1024 885 1082 tecum
904 1017 942 1082 de
960 1018 1083 1100 peculio
1105 1040 1197 1101 agam
1236 1032 1251 1082 5

87 1142 139 1204 lilii
161 1142 285 1206 seruiue
309 1142 354 1206 tui
379 1145 405 1205 X
430 1163 544 1206 aureos
568 1149 685 1224 petens.
729 1164 799 1206 uam
824 1143 850 1206 si
874 1143 1014 1225 locuples
1039 1144 1195 1226 peculium

88 1273 145 1346 est,
169 1267 200 1330 X
224 1287 337 1330 aureos
372 1267 544 1349 accipiam3
580 1268 607 1331 si
642 1286 717 1331 uero
752 1287 803 1330 res
838 1267 1014 1350 peculiares
1039 1269 1064 1330 l'
1095 1269 1199 1332 aureis

86 1391 245 1456 dumtaxat
276 1392 390 1474 dignae
421 1400 509 1472 suut,
538 1393 570 1455 iu
594 1393 620 1454 V
648 1393 859 1457 tantummodo
889 1401 981 1476 pater
1014 1393 1197 1457 dominusne

85 1516 348 1580 condemnabitur.
410 1517 668 1597 quemadmodum
711 1525 816 1582 autem
858 1518 1014 1601 peculium
1056 1519 1197 1600 intellegi

40 1641 199 1705 uidelicet
225 1641 355 1705 inferius
384 1642 531 1706 monendi
562 1663 676 1708 sumus.
727 1647 777 1709 37.
806 1643 862 1707 ust
888 1649 1014 1726 praeter
1042 1644 1198 1708 actionem
1220 1653 1253 1704 10

83 1766 120 1828 de
144 1766 268 1848 peculio
293 1766 357 1830 alia
381 1787 519 1848 quoque,
549 1787 629 1848 quae
653 1787 716 1831 non
743 1787 867 1851 semper
891 1769 986 1832 habet
1009 1769 1040 1831 iu
1064 1768 1198 1832 solidmn

82 1889 383 1955 condemnationem.
430 1913 502 1956 nam
526 1893 553 1956 si
577 1893 681 1957 dotem
705 1914 725 1955 a
747 1911 819 1956 mea
841 1909 939 1956 uxore
964 1895 1143 1975 acceperim
1169 1904 1200 1958 et

81 2015 211 2096 nuptiae
235 2016 441 2096 constiterint,
473 2015 586 2081 deiude
610 2018 731 2082 solutae
755 2017 887 2096 fuerint,
918 2018 987 2101 ipsa
1015 2038 1135 2082 mecum
1160 2039 1198 2083 ex

81 2140 233 2222 stipulatu
257 2160 355 2223 agens
372 2141 413 2204 ad
429 2142 532 2206 dotem
556 2143 816 2225 persequendam,
840 2163 903 2206 non
919 2163 1048 2227 prorsus
1065 2144 1198 2208 solidum

80 2271 306 2347 consequetur3
332 2273 379 2329 set
402 2275 555 2348 quatenus
578 2267 745 2331 facultates
768 2288 858 2333 meae
883 2269 1050 2351 patiuntur.
1092 2271 1198 2350 itaque
1219 2283 1252 2334 15

80 2389 107 2452 si
146 2390 216 2453 doti
254 2391 420 2470 quantitati
439 2392 609 2484 ¹bonorum
648 2413 785 2456 meorum
824 2393 984 2473 quantitas
1026 2401 1199 2473 concurrat,

79 2515 217 2578 solidum
241 2516 352 2579 mulier
375 2525 594 2596 consequetur3
619 2517 667 2581 sin
692 2523 805 2598 autem,
830 2539 900 2581 cum
917 2518 973 2581 dos
992 2517 1015 2580 Ο
1032 2529 1198 2581 aureorum

78 2639 128 2720 sit,
154 2660 249 2704 meae
271 2641 437 2705 facultates
455 2643 480 2705 L
496 2648 616 2706 tautum
640 2662 753 2706 aureos
777 2643 923 2723 efficiant,
948 2644 980 2706 in
1007 2643 1033 2705 L
1057 2642 1199 2706 condem-

77 2765 198 2846 nabor;
228 2784 296 2828 cum
325 2772 454 2829 eatenus
477 2771 596 2830 tantum
621 2766 771 2831 soluendo
795 2767 862 2830 sim.
908 2766 1066 2830 interdum
1095 2772 1198 2830 autem

76 2888 154 2952 licet
191 2889 315 2954 soluere
348 2890 479 2972 possim,
514 2909 576 2954 uon
610 2890 788 2955 omnimodo
823 2910 902 2954 uxor
936 2911 1007 2954 mea
1044 2892 1198 2972 integram
1219 2903 1253 2954 20

77 3013 216 3096 recipiet
239 3013 341 3078 dotem
366 3021 493 3098 propter
516 3015 698 3105 oppositam,
716 3015 746 3078 ei
769 3015 985 3096 retentionem,
1011 3035 1092 3097 quae
1117 3013 1198 3078 dotis

75 3138 302 3222 repetitionem
326 3139 443 3203 minuit.
481 3159 554 3202 nam
578 3139 604 3202 si
620 3139 696 3202 mihi
718 3160 768 3202 res
785 3140 816 3203 in
833 3138 938 3204 dotem
956 3140 1049 3203 datae
1073 3138 1198 3218 fuerint,

75 3283 163 3343 quae
182 3263 214 3326 M
229 3263 334 3327 aureis
358 3262 420 3328 sint
442 3263 568 3345 dignae,
593 3264 798 3346 impenderim
822 3273 925 3328 autem
949 3265 980 3327 in
1006 3284 1060 3328 eas
1085 3284 1197 3328 aureos

76 3388 111 3468 (l,
139 3386 247 3451 soluto
271 3387 481 3468 matrimonio,
510 3388 537 3452 si
560 3388 591 3450 M
615 3407 779 3452 aureorum
803 3409 923 3452 summa
947 3409 966 3451 a
989 3409 1038 3452 me
1062 3393 1196 3471 petatur,

73 3512 211 3576 obicere
234 3531 361 3594 possum
384 3532 434 3576 me
451 3512 475 3575 G
490 3532 604 3576 aureos
628 3512 787 3577 infandos
812 3512 947 3576 aedesuc
971 3513 1097 3576 nomine
1115 3511 1196 3576 dotis
1217 3522 1250 3574 25

72 3637 155 3701 mihi
184 3637 275 3701 datos
299 3637 497 3720 impendisse.
532 3644 562 3700 et
586 3637 660 3719 quia
683 3637 752 3719 ipso
776 3637 842 3701 iure
858 3637 1013 3701 eiusmodi
1035 3637 1197 3720 impensae
