2932 4704
524 326 758 390 -121-

96 512 132 577 Et
150 529 239 576 nemo
263 511 347 578 dicut
368 513 400 578 iu
422 512 597 579 hereditate
622 530 674 578 res
703 510 880 592 corporales
906 510 1059 594 inueniri;
1087 509 1209 576 heredi·

98 639 141 694 tus
162 628 245 694 euim
267 637 300 694 et
321 648 430 696 seruos
453 637 486 696 et
506 647 600 712 agros
621 634 655 696 et
675 629 770 695 cedes
798 635 832 694 et
859 625 958 694 libros
986 627 1019 693 in
1046 645 1081 693 sc
1101 629 1207 706 hebet,

95 761 124 812 ct
142 747 340 814 ususfructus
362 747 395 812 iu
417 765 451 812 sc
473 745 594 812 fructus
615 745 720 824 hubet,
741 747 796 826 qui
818 765 856 812 ex
877 743 974 811 fundo
995 747 1209 828 percipiuntur

98 873 125 930 et
148 863 326 945 corporales
352 873 435 930 suut.
493 869 526 930 et
558 865 643 944 quod
674 883 713 930 cx
740 863 932 946 obligatione
959 864 1048 930 uobis
1077 863 1210 930 debetur

95 982 316 1064 plerumque
338 982 500 1065 corporale
522 991 580 1060 est,
602 983 702 1050 ueluti
724 981 840 1048 firudus
862 982 955 1048 homo
976 982 1116 1064 pecunie
1139 981 1210 1048 ideo
1242 983 1261 1034 ⁵

94 1107 189 1166 sutem
215 1101 447 1184 plerumque
469 1101 551 1179 dixi,
574 1101 675 1181 quod,
697 1108 734 1166 ut
760 1120 818 1167 suo
847 1100 915 1166 loco
944 1099 1131 1166 admouendi
1158 1117 1210 1164 su·

93 1237 167 1298 tuus,
200 1221 327 1302 saepius
357 1224 389 1284 et
414 1237 484 1285 rem
517 1219 742 1300 incorporalem
774 1239 812 1284 ex
844 1219 1032 1300 obligatione
1064 1218 1209 1300 petimus.

93 1356 174 1402 remo
196 1337 296 1418 igitur
318 1336 406 1403 dicet
426 1337 632 1404 hereditatem
656 1343 688 1402 et
709 1336 905 1404 usufructum
928 1343 960 1402 ct
980 1336 1118 1417 legatum
1145 1355 1210 1403 cor-

95 1455 210 1535 porolia
235 1473 305 1522 csse
327 1455 474 1536 quonium
496 1472 578 1535 quoe
607 1455 639 1520 in
662 1455 759 1520 isdem
790 1456 1004 1532 continentur,
1031 1462 1068 1520 ut
1093 1455 1210 1520 dictum

93 1581 144 1646 est,
165 1573 344 1656 corporolia
366 1580 448 1640 suut.
498 1574 704 1653 spectandum
733 1578 782 1638 est
808 1572 889 1638 euim
918 1573 1019 1654 ipsum
1047 1572 1098 1638 ius
1126 1573 1210 1656 quod
1230 1577 1263 1628 10

93 1692 161 1758 mihi
182 1692 365 1759 iocultutem
387 1692 502 1759 tribuit
522 1694 554 1756 iu
577 1693 760 1758 uniuersum
782 1692 989 1758 alienatore
1013 1691 1208 1775 adquirendi,

98 1828 148 1875 scu
168 1811 271 1876 elieuo
295 1811 392 1876 iuudo
413 1811 537 1878 fruendi
559 1829 614 1876 seu
637 1810 720 1893 quod
743 1810 876 1876 debetur
896 1807 1036 1892 petendi,
1058 1811 1142 1893 quod
1164 1812 1210 1877 iu·

60 1939 81 1988 s.
97 1927 252 2008 corporale
268 1933 327 2008 est,
342 1927 416 1994 licet
430 1945 561 2007 corpora
575 1929 608 1992 iu
620 1927 750 2010 singuiis
762 1927 970 1994 continentur.
992 1927 1021 1991 3.
1037 1928 1099 1994 Res
1110 1931 1210 1996 incor-

95 2044 211 2126 porales
233 2051 309 2112 suut
329 2047 433 2124 etium,
456 2063 536 2129 quus
557 2055 680 2124 uocant,
703 2047 889 2126 seruiturus,
917 2055 982 2112 tum
1010 2049 1210 2129 praediorum

99 2165 282 2231 urbanorum
305 2183 399 2247 quam
421 2166 619 2230 rusticorum.
664 2165 795 2248 etquid
825 2169 875 2232 est
904 2165 1042 2232 seruitus
1069 2166 1211 2246 praedio·
1229 2184 1261 2238 1⁶

98 2301 162 2347 rum
184 2281 397 2350 urbanorum?
418 2284 555 2348 seruitus
577 2282 776 2362 praediorum
799 2284 989 2350 urbanorum
1012 2284 1124 2350 estius
1145 2304 1210 2352 cer·

96 2401 134 2464 tis
162 2401 263 2466 modis
298 2401 504 2467 coustitutum
537 2401 747 2484 incorporale,
776 2421 839 2486 quo
867 2401 989 2470 uicinus
1023 2403 1210 2470 necessitato

95 2517 298 2600 eustriugitur
329 2519 423 2585 uicini
459 2538 556 2585 onere
587 2519 772 2586 sustinendi.
822 2521 959 2588 seruitus
987 2527 1092 2587 sutem
1121 2539 1209 2604 pruc-

97 2635 214 2703 tiorum
236 2637 425 2704 rusticorum
448 2645 496 2703 est
518 2639 568 2704 ius
590 2637 688 2704 certis
710 2640 811 2706 modis
833 2641 1046 2720 coustitutum,
1068 2641 1211 2722 incorpo-

95 2754 172 2835 rulo,
192 2773 254 2838 quo
283 2757 353 2838 egri
377 2773 540 2838 possessor
567 2757 778 2840 adstringitur
803 2760 990 2826 necessitate
1018 2757 1131 2826 adfinis
1160 2761 1210 2825 sui
1227 2793 1262 2845 to

93 2891 187 2938 oueru
207 2855 392 2940 sustiucudi.
435 2875 517 2942 udde
538 2883 572 2941 et
597 2895 699 2942 usum.
751 2875 901 2959 quidnam
931 2884 980 2944 est
1005 2877 1103 2944 usus?
1133 2895 1210 2945 usus

94 2997 141 3058 est
161 2991 209 3060 ius
230 2993 326 3062 certis
356 2995 456 3060 modis
475 2996 679 3062 coustitutum
705 2996 898 3078 incorporale
926 2996 973 3062 rei
999 2995 1119 3062 eliense
1141 3003 1210 3062 tou·

94 3113 249 3177 tummodo
271 3114 389 3178 utendi.
433 3113 514 3179 udde
535 3121 569 3180 et
589 3113 825 3180 habitationem.
868 3114 1016 3195 quonum
1046 3121 1095 3180 cst
1123 3113 1213 3179 hebi·

94 3230 194 3294 tctio?
214 3231 365 3298 habitatio
388 3233 510 3298 estius
533 3233 627 3299 certis
648 3233 750 3300 modis
771 3207 976 3300 coustitutum
1003 3231 1208 3316 incorporale,

94 3365 156 3428 quo
177 3347 250 3413 milri
271 3347 397 3416 licentio
419 3349 572 3417 tribuitur
593 3351 625 3416 iu
647 3349 758 3418 ulieuis
778 3351 910 3418 cedibus
932 3349 1107 3430 hebituudi,
1130 3351 1210 3418 citro
1225 3375 1260 3430 π

92 3481 185 3534 usum
205 3474 236 3536 ct
256 3467 462 3536 usustuotuur.
