2926 4708
549 329 780 396 -218-

106 519 176 595 oter
202 513 281 580 iuria
307 512 437 597 regulae
464 515 504 580 ab
533 513 624 580 adita
648 513 822 581 hereditate
849 533 935 582 more
963 521 1071 584 uetere
1098 518 1222 584 cedent

105 649 173 697 eum
200 632 279 698 haec
305 632 365 698 tihi
390 639 554 714 perapoetu
580 632 712 708 hahere,
744 631 818 700 uide
850 633 926 716 quid
958 634 1031 700 inde
1064 641 1222 715 aequatur.

104 748 203 816 Stichi
233 751 318 816 serui
351 749 413 816 mei
441 751 597 831 peculium
627 749 747 831 legati,
775 751 831 831 qui
857 757 930 832 poet
955 759 1086 817 mortem
1112 771 1223 832 meum,

106 875 177 933 mte
199 886 276 933 nero
297 867 472 933 aditionem
494 867 648 950 quaedam
671 867 732 933 eibi
754 867 921 951 quaesiuit
951 869 1016 935 utri
1037 869 1115 936 haec
1136 869 1224 937 lucro

106 985 220 1050 erunt?
240 995 347 1052 utrum
369 986 477 1052 heredi
500 1003 540 1052 eu
563 986 740 1069 legatario?
766 994 799 1052 et
826 986 945 1070 placuit
972 987 1093 1054 Iuliano
1114 989 1143 1054 ai
1164 990 1223 1072 ipai
1256 1008 1275 1059 t

107 1105 213 1171 Sticho
245 1107 277 1169 in
311 1110 499 1172 testamento
532 1107 722 1172 manumisso
758 1104 855 1172 inerit
885 1107 1043 1189 peculium
1075 1105 1222 1189 legatum,

105 1222 256 1303 quidquid
278 1230 353 1290 ante
373 1222 498 1292 heredia
519 1224 692 1304 quaesierit
712 1225 891 1304 editionem,
913 1244 1007 1291 seruo
1034 1225 1095 1308 ipai
1117 1244 1224 1292 manu·

106 1342 341 1408 descrecere.
391 1360 456 1425 qua
482 1349 588 1408 autem
614 1343 737 1408 ratione
764 1343 912 1408 dicemus.
962 1344 1114 1409 eiusmodi
1141 1346 1223 1410 enim

105 1460 195 1543 legati
219 1461 286 1526 dies
308 1460 350 1526 ah
371 1462 495 1526 heredia
517 1461 654 1527 aditione
683 1460 780 1540 cedit;
808 1478 879 1526 nam
909 1461 937 1526 ai
965 1465 1106 1528 amorte
1127 1469 1224 1528 testa·

107 1581 180 1644 toria
203 1580 340 1658 cederet,
363 1579 471 1645 heredi
493 1581 669 1646 deberetur.
714 1579 908 1645 differentiae
936 1585 1039 1645 eutem
1069 1595 1223 1659 quaenam
1243 1593 1275 1646 ιο

106 1705 151 1764 eat
179 1697 299 1764 musei
331 1697 503 1764 cessionem
536 1717 605 1764 esee
633 1697 808 1781 legatorum
837 1698 974 1764 nondum
1004 1705 1222 1781 perceptorum

106 1818 142 1883 ad
162 1817 296 1884 heredes
323 1815 592 1884 manumissionem
620 1818 718 1898 probe
744 1817 836 1884 nosti.
885 1816 937 1884 hic
963 1819 1067 1884 eutem
1097 1815 1223 1882 Stichus

109 1935 241 2017 legatum
271 1933 333 2002 eibi
364 1934 520 2017 pecudum
551 1943 625 2000 aute
657 1935 826 2000 aditionem
858 1933 982 2001 cuinam
1010 1936 1223 2002 transmittere

107 2054 245 2136 noaret?
271 2053 313 2118 ad
335 2053 482 2119 heredem
509 2071 720 2135 nequaquamr
746 2071 858 2120 aeruna
885 2053 967 2119 enim
994 2051 1142 2119 heredem
1168 2052 1222 2118 ha·

108 2171 178 2238 bere
197 2173 319 2255 nequit,
342 2179 390 2238 eet
412 2172 537 2239 domino
558 2174 690 2252 quaerit
720 2171 845 2254 etquis
868 2176 941 2238 unte
962 2171 1132 2238 aditionem
1154 2173 1222 2237 eiua
1242 2189 1274 2242 15

108 2299 154 2356 eet
174 2291 341 2357 dominus?
363 2293 473 2358 merito
495 2293 591 2373 igitur
617 2309 679 2356 non
708 2291 793 2356 cedit
820 2291 968 2372 legatum.
1018 2295 1089 2372 poet
1116 2295 1222 2356 autem

109 2410 273 2476 editionem
297 2427 365 2476 cum
392 2409 474 2475 liber
498 2408 542 2474 ait
567 2408 669 2475 iactus
697 2409 905 2490 heredemque
932 2410 1049 2476 hahere
1075 2409 1223 2492 potuerit,

107 2529 213 2594 cedere
239 2546 333 2612 porse
358 2529 496 2612 legatum
526 2528 627 2610 palam
657 2535 714 2594 eat
765 2529 925 2610 anigitur
954 2545 1076 2606 casum,
1101 2527 1134 2592 in
1160 2544 1222 2610 quo

108 2645 198 2712 hodie
220 2665 344 2729 quoque
365 2667 403 2712 ex
426 2653 534 2714 uetere
556 2648 624 2712 iure
650 2646 734 2712 cedit
761 2647 802 2712 ab
830 2644 918 2711 edita
943 2643 1119 2711 hereditate
1140 2644 1223 2726 lega·

107 2771 181 2830 tum
224 2767 292 2830 iure
314 2764 421 2847 itaque
447 2783 518 2830 cum
545 2771 619 2830 ante
640 2765 811 2831 censionem
833 2763 970 2830 creuerit
996 2761 1149 2844 legatum,
1176 2763 1223 2827 lu·
1239 2783 1274 2835 no

107 2899 195 2948 crum
216 2901 305 2948 omne
326 2884 366 2948 ad
388 2881 529 2947 Stichum
551 2883 737 2963 legatarium
764 2879 921 2947 transibit
972 2879 1021 2946 ain
1044 2883 1149 2946 antem
1172 2897 1223 2944 er-

106 3005 216 3067 traneo
235 3001 357 3068 cuidem
380 3000 480 3068 Stichi
503 2999 659 3081 peculium
681 2998 867 3081 legonaum,
895 3019 977 3083 quae
998 3003 1222 3081 postmortem

104 3136 175 3185 mee
198 3120 301 3186 addita
322 3119 441 3187 fuerint
462 3119 545 3202 apud
568 3119 713 3187 heredem
736 3121 915 3186 manebunt.
965 3115 1118 3184 dusnodi
1140 3115 1223 3180 enim
