2932 4704
556 319 784 384 -106-

78 510 200 580 mantea
221 523 290 572 meo
312 504 487 587 pertineret
508 505 653 572 dominio.
697 505 749 570 23.
782 503 814 570 Si
836 505 973 572 rotrudi
996 506 1086 572 aluoo
1109 507 1140 572 in
1163 507 1229 572 uui-

118 641 233 688 uersum
257 622 416 700 derelicto,
439 625 502 688 olla
523 629 613 706 parte
634 622 732 690 fluere
752 624 894 706 coeperit
907 622 1032 702 flumen,
1054 625 1140 705 prior
1161 625 1228 707 qui·

117 743 177 807 dem
204 740 316 807 alueus
346 761 453 810 eorum
477 743 546 820 erit„
570 744 623 825 qui
646 714 743 824 prope
769 743 868 824 ripam
897 745 965 808 eius
995 743 1111 824 praeda
1132 745 1228 825 possi-

116 863 180 926 dent
200 880 260 942 pro
281 859 373 926 modo
395 859 513 927 scilicet
533 861 708 926 latitudinis
730 861 881 943 cuiusque
903 863 981 942 agri,
1005 863 1058 944 qui
1082 861 1228 944 umiuquc

115 979 158 1058 sit,
179 997 263 1060 quae
285 979 420 1045 latitudo
442 998 539 1062 prope
562 979 661 1060 ripam
684 981 741 1045 sit:
772 999 873 1046 nouus
894 987 999 1046 autem
1030 980 1140 1046 alueus
1162 979 1229 1046 eius
1262 979 1279 1030 ὅ

114 1099 183 1165 iuris
204 1118 276 1165 esse
298 1099 418 1182 incipit,
441 1099 531 1166 cuius
546 1105 579 1164 et
593 1101 695 1181 ipsum
710 1098 835 1178 fiumen,
857 1098 889 1163 id
905 1107 952 1165 est
968 1097 1093 1181 publici.
1115 1099 1229 1180 quodsi

115 1226 176 1301 post
195 1219 324 1300 aliquod
346 1225 469 1301 tempus
492 1219 532 1284 ud
559 1218 695 1301 priorem
717 1218 842 1284 alueum
870 1237 1031 1285 reuersum
1056 1217 1152 1285 luerit
1173 1217 1229 1284 flu·

113 1355 185 1417 meu,
206 1355 321 1402 rursus
343 1337 398 1418 qui
420 1356 502 1403 nuuc
523 1337 653 1402 relictus
676 1343 724 1402 est
751 1338 862 1403 alueus
888 1355 995 1404 eorum
1024 1353 1094 1403 esse
1117 1338 1228 1419 incipit

70 1461 160 1541 arqui
179 1478 279 1541 prope
299 1461 399 1540 ripam
422 1460 490 1524 sius
512 1458 641 1540 praedia
662 1458 833 1540 possident
868 1459 918 1521 at.
944 1455 1012 1521 Alia
1034 1473 1110 1522 saue
1132 1473 1228 1523 causa

115 1583 157 1644 est
176 1577 203 1643 si
226 1577 341 1642 flumen
370 1578 461 1657 aquis
489 1576 670 1642 redundans
698 1595 801 1642 meum
827 1575 1028 1642 inunduuerit
1050 1575 1226 1655 praedium:
1247 1582 1280 1634 1⁰

112 1703 177 1764 tuuc
197 1698 283 1763 enim
305 1716 366 1763 uon
394 1697 524 1762 dicimus
545 1696 707 1778 praedium
729 1696 886 1778 publicum
909 1693 978 1760 fieri
1001 1713 1102 1776 neque
1129 1694 1227 1759 domi·

114 1815 189 1882 aium
204 1823 346 1895 mutare3
362 1820 469 1881 manet
483 1816 564 1882 euim
580 1816 779 1882 nihilominus
794 1831 908 1880 meum.
935 1830 1032 1894 quare
1047 1814 1074 1878 si
1090 1831 1227 1878 recesse-

113 1936 150 2000 rit
161 1934 274 2001 flumen
290 1937 330 2000 ab
346 1933 396 2000 his
411 1936 497 2012 locis,
520 1953 598 2018 quos
621 1935 775 2001 inundans
797 1933 967 2015 cooperuit,
991 1951 1092 1999 meum
1115 1951 1226 2014 agrum

112 2056 258 2135 recipiam,
275 2073 376 2136 neque
391 2055 561 2121 dominium
578 2054 618 2120 iis
633 2056 810 2138 pertinebit
827 2055 881 2138 qui
895 2071 993 2137 prope
1007 2051 1121 2118 flumen
1137 2069 1226 2134 prae·

113 2171 158 2238 dia
170 2174 346 2254 possideut;
362 2172 455 2239 sicuti
471 2190 571 2239 nouus
586 2175 696 2239 alueus
711 2173 853 2255 publicus
868 2173 979 2252 lactus,
994 2170 1122 2238 flumine
1144 2189 1227 2237 rece·
1246 2187 1277 2238 ro

69 2293 210 2371 audente,
239 2311 347 2358 eorum
369 2292 406 2357 lit
427 2293 482 2375 qui
503 2311 601 2375 prope
628 2293 727 2374 ripam
758 2291 887 2374 praedia
917 2290 1043 2356 habent.
1095 2289 1145 2353 25.
1179 2289 1226 2354 Ex

116 2411 209 2478 alera
231 2411 365 2476 materia
387 2413 520 2493 speciem
542 2411 613 2492 quis
636 2409 723 2475 lecit:
751 2408 914 2492 quaeritur
941 2417 1013 2474 uter
1035 2409 1150 2491 speciei
1172 2426 1226 2473 na·

113 2531 198 2594 turali
220 2531 341 2598 rstioue
363 2529 507 2596 domiuus
528 2530 579 2606 sit,
603 2536 709 2595 utrum
725 2527 780 2611 qui
795 2529 956 2594 materiam
972 2529 1012 2592 ad
1028 2527 1162 2608 speciem
1178 2545 1225 2591 rc·

111 2649 201 2729 duxit,
224 2669 264 2715 sn
286 2649 392 2730 potius
415 2649 563 2714 materiae
586 2649 729 2714 dominus
757 2647 874 2730 speciei
900 2664 1025 2728 quoque
1055 2645 1225 2726 proprieta-

111 2775 168 2832 tem
189 2769 397 2834 uanciscetur.
441 2775 477 2832 ut
498 2787 584 2844 ecce,
608 2785 646 2832 ea
667 2767 776 2832 alienis
799 2767 870 2832 uuis
892 2771 949 2830 aut
970 2765 1062 2830 oliuis
1089 2769 1145 2829 aut
1165 2764 1225 2845 spi·
1242 2777 1276 2827 ao

112 2887 282 2952 ricuinum
310 2897 367 2952 aut
400 2887 502 2953 oleum
535 2893 591 2952 aut
623 2886 814 2952 frumentum
845 2883 930 2963 fecit,
964 2893 1021 2948 aut
1053 2903 1089 2949 ex
1123 2900 1225 2948 massa
1294 2863 1297 2870 ⁴

112 3001 208 3070 uteru
229 3007 297 3070 auri
319 3013 376 3071 aut
397 3007 517 3087 urgenti
547 3013 603 3071 aut
630 3006 712 3070 aeris
741 3022 800 3070 uas
828 3003 955 3086 aliquod
983 3003 1072 3078 lecit,
1101 3002 1152 3067 uel
1186 3019 1224 3065 ex

109 3123 205 3189 alieno
233 3125 306 3190 uiuo
335 3131 368 3191 et
396 3123 486 3190 melle
515 3125 648 3189 mulsum
678 3125 819 3201 miscuit,
847 3123 899 3188 uel
927 3141 965 3188 cx
991 3119 1102 3186 alienis
1129 3117 1225 3183 medi·
1289 3163 1292 3170 .

112 3241 256 3308 ramentis
278 3243 481 3324 emplastrum
503 3248 561 3308 aut
582 3241 743 3325 collyrium
766 3241 958 3322 composuit,
988 3238 1039 3306 uel
1062 3256 1100 3302 ex
1122 3235 1224 3301 alieru

109 3361 177 3426 lana
198 3368 315 3428 uestem
337 3362 419 3456 lecit,
443 3362 494 3428 uel
516 3361 684 3428 euclionis
707 3360 823 3427 tabulis
845 3377 958 3427 nauem
980 3356 1033 3426 uel
1054 3355 1224 3422 armarium
1242 3386 1276 3437 25

111 3481 159 3545 uel
180 3481 358 3547 subsellium
380 3481 557 3548 fabricauit.
602 3488 636 3547 et
657 3486 747 3548 erant
768 3480 808 3546 de
830 3481 888 3546 hoc
910 3479 1017 3562 plures
1039 3475 1225 3558 ambiguita-
