2884 4728
525 357 566 364 ·-
614 320 677 384 379
724 355 765 364 -

89 498 226 562 nerins
259 495 471 579 Negidiust.
529 495 641 560 deiude
676 496 736 560 bae
768 495 971 578 stipulatione
1005 495 1146 576 perleota
1173 498 1205 558 et

90 623 234 688 omnibus
246 623 279 687 in
292 623 458 687 uerborum
469 620 694 704 obligationem
709 620 855 700 redactis,
869 619 1036 685 Numerius
1051 619 1204 702 Negidius

90 768 126 812 ex
152 747 280 812 diuerso
306 747 478 812 seeundum
497 745 700 828 ,aquilianam
728 745 895 810 formulam
917 745 1032 807 Aulum
1056 744 1204 826 Agerium

88 874 277 955 interrogat:
308 871 510 954 »quidquid
534 871 605 935 tibi
624 871 809 936 hodierna
828 869 887 934 die
912 889 980 951 ego
1004 869 1204 934 Numerius

87 997 278 1080 Negidius
312 1017 379 1081 per
411 996 645 1079 aquilianam
684 995 975 1078 stipulationem
1008 993 1205 1077 spopondi,
1242 1004 1258 1056 t

88 1123 127 1185 id
154 1143 259 1188 omne
283 1122 450 1186 babesue
479 1121 716 1204 aeoeptum‘l‹
741 1119 912 1204 respondet
933 1119 1033 1183 Aulus
1056 1117 1204 1200 Agerius:

89 1247 234 1312 »babeo
259 1251 531 1331 aoeeptumque
554 1245 655 1310 tuli«.
688 1252 720 1310 et
740 1229 887 1328 eeoe'per
903 1244 1003 1308 uerba
1018 1243 1124 1327 priora
1138 1262 1207 1308 uer-

89 1374 201 1436 borum
226 1371 377 1454 obligatio
407 1370 555 1452 oonstitit,
588 1370 668 1434 baeo
700 1389 776 1435 uero
804 1389 862 1453 per
889 1368 1082 1449 aquilianam
1110 1367 1207 1451 stipu-

88 1497 240 1562 lationem
258 1515 380 1560 omuem
397 1494 639 1579 praecedentem
659 1515 788 1558 eausam
802 1493 946 1574 nouauit;
970 1492 1208 1576 persequentia

88 1627 197 1685 autem
221 1620 422 1704 aooeptilatio
445 1621 532 1684 faeta
555 1625 616 1700 est,
646 1640 727 1702 quae
752 1619 945 1700 aquilianam
973 1617 1207 1701 stipulationem
1227 1626 1261 1678 10

88 1746 183 1810 tollit.
233 1746 366 1811 ethaeo
398 1751 446 1809 est
470 1766 552 1828 quae
580 1745 676 1827 uulgo
702 1744 814 1809 dieitur
838 1743 1034 1825 aquiliana
1059 1742 1208 1807 solutio.

60 1880 82 1930 3.
94 1875 122 1936 3.
135 1871 243 1935 Etiam
259 1870 416 1936 nouatio
434 1869 643 1952 obligationes
658 1869 770 1934 tollere
786 1870 874 1934 solet.
899 1869 926 1932 si
942 1868 1024 1933 enim
1040 1866 1073 1931 id
1089 1866 1172 1948 quod
1187 1887 1209 1931 a

93 2004 122 2059 te
149 1996 296 2076 debetur,
321 2015 381 2078 ego
407 2016 426 2059 a
448 1995 532 2059 Titio
557 1995 626 2058 dari
656 1995 822 2079 stipulatus
850 1993 976 2070 fuerim,
1003 2013 1088 2056 noua
1115 1993 1208 2056 inter-

89 2120 407 2203 ueniente'persona,
431 2139 516 2184 noua.
538 2119 678 2183 nascitur
702 2118 854 2201 obligatio
880 2125 911 2182 et
931 2117 1017 2200 prior
1038 2117 1157 2182 tollitur
1176 2117 1209 2180 in

90 2245 299 2328 posteriorem
326 2244 490 2309 translata.
539 2251 569 2307 et
595 2244 676 2308 adeo
701 2244 779 2307 baeu
804 2244 848 2307 ita
871 2249 951 2324 sunt,
975 2247 1009 2305 ut
1032 2248 1063 2306 et
1086 2241 1113 2306 si
1136 2261 1208 2306 oon·
1228 2247 1261 2299 lb

88 2369 194 2452 tingat
210 2369 444 2454 stipulationem
458 2389 527 2433 esso
541 2369 692 2450 inutilem,
717 2368 802 2452 prior
814 2368 939 2449 quidem
955 2368 1092 2448 tollatur,
1109 2367 1209 2431 altera

89 2515 167 2559 uero
190 2495 259 2559 iure
287 2495 507 2578 promissorem
530 2514 594 2558 non
618 2494 746 2575 obliget.
793 2492 893 2557 ueluti
911 2493 938 2556 si
960 2492 1002 2572 id,
1028 2492 1111 2572 quod
1134 2490 1211 2555 mibi

91 2619 198 2683 Titius
222 2619 369 2698 debebat,
395 2639 415 2682 a
438 2618 558 2702 pupillo
582 2618 650 2683 sine
666 2618 779 2682 tutoris
802 2617 988 2682 auctoritate
1008 2618 1097 2680 fuero
1114 2615 1211 2699 stipu-

89 2746 192 2823 latus;
217 2745 249 2808 in
262 2744 320 2809 boe
333 2763 411 2808 easu
427 2744 567 2807 debitum
583 2742 658 2806 mibi
674 2743 765 2826 perit,
790 2762 861 2806 nam
879 2747 910 2805 et
924 2741 1025 2805 Titius
1042 2740 1211 2805 nouatione

88 2868 248 2934 liberatur
275 2874 307 2932 et
334 2866 473 2952 pupillus
505 2888 568 2930 non
604 2867 762 2949 obligatur
789 2867 865 2930 mibi
892 2871 999 2950 utpote
1029 2866 1080 2946 qui
1110 2870 1211 2930 tutore
1229 2867 1264 2920 bo

89 3001 224 3057 auctore
248 3012 311 3057 non
334 2993 521 3076 promiserit.
567 3012 631 3056 non
653 2991 738 3056 idem
761 2997 866 3055 tamen
894 2991 969 3054 iuris
994 2999 1054 3070 est,
1084 2989 1112 3053 si
1141 2988 1211 3071 quis

88 3139 107 3181 a
135 3136 231 3182 seruo
257 3117 394 3180 alienum
418 3116 501 3181 solui
524 3116 662 3180 debitum
686 3116 780 3180 fuerit
807 3115 982 3198 stipulatus.
1039 3135 1112 3178 nam
1139 3120 1212 3178 tuno

87 3242 182 3325 prior
205 3240 357 3323 obligatio
381 3240 512 3323 proinde
528 3240 647 3305 intaeta
662 3246 777 3320 manet,
800 3259 838 3304 ao
855 3239 882 3304 si
898 3239 986 3303 nulla
1001 3245 1112 3322 postea
1127 3238 1213 3302 faeta

86 3365 190 3430 fuerit
213 3365 382 3448 stipulatio.
417 3370 448 3429 et
463 3383 554 3430 nemo
572 3364 656 3430 dieat
672 3383 796 3430 seruum
813 3383 853 3428 ex
869 3363 1071 3447 stipulatione
1087 3368 1211 3425 natura-
