2936 4704
520 336 772 408 ηπ...

112 521 198 592 Ictum
216 523 378 606 proedo
400 521 481 592 vm
500 523 623 594 alienae
642 522 764 608 machi
779 523 932 595 demedi
954 524 1200 606 modiormtio,

112 660 178 727 oure
193 643 231 710 td
248 642 419 724 pristim
436 645 600 712 mindam
628 649 768 726 euocat
795 643 925 712 morti.
969 642 1062 710 VIIII
1083 663 1121 712 ax
1142 661 1202 713 aaa

110 761 227 830 oderade
246 761 381 829 mecm
401 763 515 844 speciei
537 763 698 830 confectio.
742 763 928 831 xdoorum
950 763 1101 832 materiis
1122 763 1203 832 cios·

38 863 43 880 '
112 882 167 948 dero
193 881 348 949 dirersiue
381 881 506 966 generis
543 883 718 950 commixtio
749 901 788 949 ex
815 882 1010 950 dominorum
1040 883 1203 952 uoluntate

78 989 85 1010 '
113 1019 155 1066 scr
180 1001 309 1070 fortuita
358 1000 406 1068 x1
432 1003 541 1086 regula
562 1021 600 1069 ex
626 1021 689 1086 qua
717 1003 958 1088 superImposita
984 1003 1135 1072 eubIectis
1154 1024 1204 1074 oe·
1236 1018 1254 1070 a

113 1120 182 1198 dont
200 1127 234 1186 ot
253 1120 362 1187 multis
383 1120 532 1203 exemplis
553 1122 656 1187 cisum
678 1129 740 1188 est:
762 1123 860 1190 ueluti
882 1123 1027 1204 quodens
1042 1143 1081 1190 ox
1101 1122 1205 1192 aliena

112 1238 219 1306 materia
245 1240 371 1306 domum
399 1239 432 1306 io
458 1257 527 1307 meo
554 1240 620 1307 solo
649 1240 877 1308 aedificarerim
905 1243 956 1310 uel
984 1261 1022 1308 ex
1041 1262 1119 1310 drea
1143 1261 1205 1310 ma·

113 1357 176 1423 terit
198 1357 228 1424 in
254 1357 322 1425 solo
351 1358 453 1425 alieno
482 1359 533 1426 uei
560 1360 704 1427 arborem
732 1360 864 1428 aderam
891 1363 924 1428 in
950 1381 1018 1430 meo
1045 1363 1206 1446 panace

113 1479 158 1542 rim
176 1475 281 1559 fundo,
308 1479 364 1545 uel
386 1495 425 1544 ex
446 1475 573 1545 diuerso
598 1480 742 1545 arborem
770 1497 872 1546 meam
900 1481 932 1547 In
958 1482 1059 1549 aliero
1086 1483 1207 1566 plecta·

112 1597 191 1662 oerim
210 1598 272 1665 solo
293 1604 341 1668 ot·
353 1604 386 1668 ct
407 1597 529 1666 radices
552 1598 652 1682 egerit
673 1599 725 1668 uel
745 1599 961 1668 litteraemds
976 1601 1094 1668 chartis
1112 1619 1205 1668 mem·
1226 1602 1259 1655 1⁰

114 1716 237 1785 bardae
264 1718 437 1802 inscriptae
465 1719 538 1786 sint.
588 1719 742 1802 porrois
766 1720 901 1803 imagine
930 1720 1041 1802 regola
1067 1727 1207 1806 emeter-

113 1834 191 1902 misaa
209 1843 269 1916 erc
292 1837 379 1904 cedit
400 1837 484 1904 enim
505 1837 613 1904 moola
635 1839 785 1922 metune
812 1835 878 1904 XII
898 1825 999 1906 bonae
1019 1837 1092 1906 fidei
1113 1839 1208 1906 alieni

115 1953 169 2034 agri
187 1958 338 2037 possessio
360 1963 393 2022 at
414 1955 505 2025 satio.
549 1957 630 2022 XIII
650 1955 811 2024 thensauri
832 1955 972 2024 quentio
993 1957 1025 2024 In
1048 1959 1116 2024 Ioco
1137 1976 1207 2042 pro-

113 2074 168 2152 orio
189 2091 313 2144 saccom
339 2076 525 2159 religiosooe
552 2076 695 2142 fortuite:
719 2077 746 2144 si
768 2077 848 2144 enim
870 2077 902 2145 io
925 2077 1026 2145 alieno
1048 2077 1116 2144 looo
1137 2079 1208 2161 quis

115 2192 255 2278 inuenerit,
278 2195 425 2262 dimidiae
446 2195 547 2280 partis
569 2194 714 2261 dominus
735 2193 799 2276 fiet,
822 2195 890 2262 siue
904 2195 1022 2279 priuati
1043 2197 1111 2264 siue
1132 2195 1209 2264 an-
1228 2207 1259 2260 lc

115 2311 180 2379 saris
198 2312 263 2382 siue
284 2313 353 2381 fisci
376 2314 444 2382 side
465 2313 603 2383 etnicos
630 2313 716 2382 locta
746 2315 797 2382 sit.
849 2311 945 2382 XIIII
974 2315 1120 2399 deinceps
1146 2321 1210 2382 tra·

114 2433 187 2502 ditio
222 2436 299 2504 ioris
321 2437 423 2507 ciuilis
452 2435 678 2520 adquitiones
706 2435 779 2504 odito
806 2436 931 2518 quidem
953 2437 1105 2519 quinque,
1127 2453 1210 2503 nunc

115 2571 177 2618 sero
201 2563 357 2639 quatuor.
414 2567 450 2622 ct
484 2575 556 2623 ecce
581 2555 598 2619 I
626 2555 777 2639 nampio
804 2555 836 2622 II
866 2557 1016 2622 dicturae
1042 2556 1209 2638 possessio.

114 2669 155 2735 III
171 2676 247 2757 qood
268 2675 344 2742 olim
366 2677 527 2759 optinebat
547 2675 598 2742 ius
620 2674 822 2742 adcrescendi
837 2695 875 2742 ex
889 2681 1007 2743 temere
1021 2675 1105 2742 iacta
1126 2675 1211 2742 serui

113 2796 212 2876 proprii
233 2797 482 2863 manumissione.
527 2793 593 2860 IIII
613 2794 761 2878 legatum„
795 2793 1127 2862 VfideIcommIssum.
1162 2802 1211 2862 set
1228 2809 1263 2862 ao

115 2910 162 2976 hae
184 2915 356 2998 singulares
385 2915 532 2981 dicuntur
557 2914 784 3002 adquisitiones
813 2916 888 2998 quid
916 2933 1013 2981 onum
1045 2913 1122 3000 quid
1151 2921 1212 2994 est,

114 3033 182 3112 qood
202 3033 372 3120 perficitor,
393 3041 425 3101 et
447 3033 589 3120 qugulae
610 3052 661 3100 res
683 3034 714 3100 in
744 3039 882 3102 noscam
910 3034 1099 3118 perueniunt
1125 3039 1213 3118 pote-

113 3155 220 3218 ratem
263 3159 338 3222 sont
358 3161 392 3220 et
411 3154 494 3224 aliae
517 3152 746 3236 adquiritionea
771 3171 828 3236 per
856 3155 1107 3234 atrocitatem,
1134 3171 1213 3238 quas

114 3277 221 3352 iotam
244 3272 413 3358 inquibus
434 3291 529 3340 coam
550 3273 675 3357 quidem
697 3279 748 3340 est
774 3273 858 3356 qdod
889 3273 939 3353 fit,
970 3271 1076 3355 plures
1105 3275 1212 3338 autam

112 3403 155 3454 res
179 3409 232 3472 per
259 3409 355 3458 acuar
385 3397 488 3458 adum
510 3391 543 3457 io
571 3397 711 3458 nostrum
734 3391 905 3458 domininus
927 3395 1101 3458 transeunt
1139 3395 1214 3457 sont
1230 3395 1265 3450 io

112 3513 203 3573 soom
232 3511 457 3593 adquisitiones
484 3529 542 3594 per
568 3510 804 3578 uniuersitatem
833 3510 907 3576 hac:
936 3509 1093 3576 hereditas
1119 3509 1214 3576 hono·

111 3644 170 3693 rom
189 3633 343 3712 possessio
366 3631 530 3714 adrogatio
550 3637 584 3698 et
604 3629 777 3698 alienorum
797 3629 948 3697 doceam
970 3629 1106 3696 addictio
1121 3627 1213 3696 libcr-

112 3746 212 3816 odom
244 3749 527 3820 consecrandarum
561 3767 664 3818 musa
724 3767 761 3818 ac
792 3748 881 3834 prius
914 3747 953 3814 de
985 3745 1213 3816 hereditatibus
