2960 4704
703 340 891 403 ..9-

239 521 291 584 καλ
313 503 395 596 τίνες
416 519 501 586 οὖτοι
528 525 576 586 καί
603 501 670 598 πῶς
696 524 735 588 τὰ
764 523 845 610 παρ’
874 526 1008 592 ἑκάστου
1034 527 1287 612 νομοθετούμενα
1310 534 1353 596 κε’·

239 625 354 712 κληται.
363 625 390 709 ¹)
440 615 497 698 Ἵίξ
525 627 611 710 παρὰ
640 626 796 712 ρωμαίοις
828 627 903 691 ελσιν
937 627 996 711 οί1)
1030 628 1205 712 νομοθέται
1261 632 1353 722 δῆμος

238 726 367 814 γυδαῖος
389 726 488 814 δῆμος
510 727 678 815 σύγκλητος
699 728 847 810 βασιλεὺς
876 729 1026 819 ἄρχοντες
1055 736 1110 818 τῆς
1134 735 1279 823 ῥώμηςέ)
1305 737 1354 802 σο-

239 829 301 914 φοί.
329 831 395 893 ,καί
420 829 451 893 τί
477 829 541 894 ἐστι
570 830 684 918 δῆμοςς
715 834 817 917 κοινῆς
843 831 938 920 τύχης
968 833 1101 910 σύνοδος
1127 837 1205 900 κατὰ
1232 839 1351 918 ταῦτδ1)

204 931 537 1017 υσυναριθμουμένων
572 935 635 1006 τοῖς
663 931 799 1006 ἰδιώταις
826 935 874 997 καί
902 937 966 999 τῶν
989 939 1204 1024 συγκλητικῶν.
1263 941 1353 1007 τὸδὲ

179 1056 204 1126 ᾖ
238 1035 326 1118 παρὰ
346 1037 401 1098 τοῦ
425 1035 527 1122 δῆμου
543 1034 811 1120 νομοθετούμενον
824 1036 946 1118 λέγεται
960 1036 1022 1104 lex.
1037 1039 1144 1128 ἐπειδὴ
1150 1044 1176 1126 1)
1191 1043 1354 1129 ἐγγράφως

239 1137 257 1200 ύ
280 1136 379 1222 δῆμος
401 1137 611 1223 ἐνομοθέτησε
636 1140 735 1203 κοινδν
758 1139 824 1223 δέ1)
847 1143 911 1204 τῶν
938 1141 1108 1225 ἐγγράφων
1135 1147 1239 1229 νόμων
1260 1147 1354 1233 ὄνομα

238 1240 273 1301 τδ
282 1238 307 1320 1)
321 1236 385 1318 lex,
401 1241 508 1328 ἐπειδὴ
515 1242 541 1320 1)
558 1241 806 1326 κορυφαιότατος
822 1243 840 1306 ό
854 1242 954 1329 δῆμός
961 1243 987 1328 ⁹)
1010 1243 1076 1309 ἐστι
1090 1249 1153 1309 τῶν
1168 1249 1354 1333 νομοθετῶν,

239 1339 303 1406 ἔδει
324 1345 415 1428 καλῑθ)
437 1344 492 1432 τὴν
515 1343 612 1410 αὐτοῦ
644 1342 832 1430 νομοθεσίαν
860 1344 1080 1431 κεκοσμεῖσθαι
1107 1351 1156 1435 τῷ
1184 1358 1278 1437 κοινῷ
1293 1355 1354 1416 τῶν

190 1461 222 1512 10
241 1444 410 1532 ἐγγράφων
438 1447 541 1533 νόμων
567 1447 704 1533 όνόματι.
748 1447 865 1528 ἐγίνετο
900 1447 980 1531 δέ11)
1017 1452 1124 1513 τοῦτον
1154 1453 1206 1515 τὸν
1233 1453 1355 1537 τρόπον.

236 1550 292 1612 τοῦ
316 1550 513 1636 συγκλητικοῦ
535 1549 686 1640 ἄρχοντος
707 1549 772 1613 οἷον
795 1553 850 1615 τοῦ
858 1549 896 1632 11)
919 1551 1037 1615 ὑπάτου
1053 1550 1236 1637 ἐρωτῶντος
1256 1555 1284 1618 ελ
1292 1556 1355 1643 χρὴ

236 1651 312 1716 τόδε
336 1653 524 1736 νομοθετεῖν,
554 1654 695 1740 δδῆμος
722 1651 899 1717 ἐπένευσεν.
908 1653 945 1735 ¹⁸)
987 1654 1050 1736 ύ11)
1076 1654 1207 1743 γυδαῒος
1227 1657 1357 1744 θλδημός

237 1753 302 1818 ἐστι
325 1755 358 1818 τδ
385 1756 489 1819 λοιπὸν
517 1755 599 1819 ἅπαν
627 1755 746 1842 πλῆθος
776 1755 1020 1842 όπεξηρημένων
1050 1761 1113 1822 τῶν
1142 1759 1356 1844 συγκλητικῶν.

236 1857 272 1919 τδ
296 1856 332 1918 δὲ
355 1857 435 1940 παρ’
458 1857 560 1921 αύτῶν
584 1856 849 1942 νομοθετούμενοι
871 1857 1061 1941 plebisciton
1076 1859 1205 1940 λέγεται,
1221 1861 1359 1926 τουτέστι

189 1965 220 2015 15
239 1959 273 2021 τὸ
298 1958 355 2021 ύπὸ
377 1961 434 2025 τοῦ
464 1958 603 2046 πλήθους
631 1961 772 2041 γνωσθὲν
798 1961 849 2024 καί
874 1959 1028 2044 κυρωθέν.
1073 1968 1128 2026 τοῦ
1156 1963 1217 2048 γὰρ
1243 1962 1360 2046 plebis-

238 2061 350 2146 citu²⁵)
372 2061 523 2152 ἄρχοντος
545 2063 682 2128 τουτέστι
703 2067 759 2128 τοῦ
786 2062 951 2146 τριβούνου
980 2061 1085 2147 (οὗτος
1107 2063 1143 2128 δέ
1165 2064 1244 2129 ἐστιν
1267 2067 1284 2127 ό
1307 2064 1360 2151 δη·

238 2165 375 2252 μαρχος)
403 2163 603 2249 ἐρωτῶντος,
638 2165 818 2249 ἐνομοθέτει
850 2166 884 2228 τδ
918 2164 1045 2253 πλῆθος.
1101 2169 1135 2230 τό
1165 2169 1201 2230 δὲ
1229 2166 1361 2255 χυδαῖον

237 2267 356 2354 πλῆθος
369 2271 423 2332 τοῦ
434 2266 534 2354 δημου
548 2267 648 2352 τούτῳ
664 2268 830 2356 διενήνοχε,
846 2265 875 2353 ᾦ
890 2266 1049 2356 διενήνοχε
1063 2267 1153 2348 γένος
1167 2269 1229 2332 άπὸ
1244 2267 1360 2345 εἴδους.

238 2371 357 2456 τῇγὰρ
380 2373 435 2435 τοῦ
457 2371 558 2454 δημου
582 2369 780 2458 προσηγορίᾳ
803 2371 916 2445 πάντες
936 2371 1136 2456 σημαίνονται
1157 2372 1286 2447 πολῖται,
1309 2395 1364 2436 συ·

185 2474 221 2526 2⁰
239 2471 497 2557 ναριθμουμένων
520 2475 685 2559 πατρικίων
711 2476 760 2538 καὶ
783 2473 999 2560 συγκλητικῶν.
1044 2473 1140 2560 τῇδὲ
1163 2476 1218 2540 τοῦ
1238 2471 1361 2556 plebis-

236 2573 346 2658 eitum)
369 2575 522 2662 ὀνομασίᾳ
544 2576 616 2664 δίγα
638 2576 804 2661 πατρικίων
835 2599 869 2639 τε
897 2576 946 2639 καί
975 2576 1181 2662 συγκλητικῶν
1210 2577 1240 2638 οί
1260 2575 1365 2640 λοιποὶ

237 2678 356 2741 πολῖται
377 2678 549 2765 δηλοῦνται.
594 2679 628 2744 ἐν
651 2681 736 2766 τρίτη
760 2681 847 2752 τάξει
869 2675 1035 2761 νομοθετεῖ
1054 2677 1141 2762 παρὰ
1159 2678 1318 2763 ρωμαίοις
1342 2681 1366 2766 η

236 2779 412 2865 σύγκλητος.
458 2781 627 2869 σύγκλητος
648 2781 685 2846 δέ
706 2781 772 2845 ἐστι
799 2781 944 2867 σύστημα
972 2779 1011 2852 ἐξ
1035 2779 1198 2843 ἐπιλέκτων
1228 2779 1368 2866 ἀνδρῶν
1475 2849 1476 2856 γ

235 2880 413 2966 καθαρεῦον
437 2882 560 2948 ἰδιώτου
583 2886 704 2958 παντός.
744 2886 777 2948 τὸ
801 2884 837 2947 δὲ
859 2881 938 2966 παρ’
963 2882 1066 2946 αὐτῶν
1089 2879 1367 2966 νομοθετούμενον
1475 2915 1476 2945 .

185 3003 219 3054 25
238 2985 358 3066 λέγεται
380 2985 511 3071 ίδικςῦΠ)
542 2986 668 3071 όνόματι
689 2991 818 3052 senatus
840 2984 1028 3064 consultum,
1051 2983 1188 3047 τουτέστι
1209 2989 1265 3071 τῆς
1288 3009 1371 3067 συγ·

234 3088 346 3176 κλήτου
367 3089 403 3151 τό
426 3088 592 3172 θέσπισμα.
619 3089 689 3154 ἀλλ’
712 3088 774 3178 ἔχει
795 3111 840 3165 τις
866 3089 974 3151 εἰπεῖν·
1005 3091 1072 3161 πῶς
1099 3087 1267 3169 δυνάμενοι
1289 3110 1372 3151 συν-

235 3194 354 3278 ιέναι11)
385 3193 433 3255 καὶ
460 3193 560 3277 legem
586 3194 681 3282 ἤγουν
711 3193 804 3277 νόμον
827 3197 922 3256 ποιεῖν
944 3191 988 3264 ελς
1011 3190 1185 3276 διαφόρους
1206 3189 1373 3276 διηρηθη·

306 3364 328 3432 1)
347 3380 464 3430 -ηνται
482 3363 510 3416 P.
618 3362 685 3426 1)(1.
704 3361 734 3414 P.
845 3362 869 3428 ³)
886 3360 930 3412 καί
947 3359 1008 3414 add.
1025 3359 1055 3416 P.
1164 3360 1188 3425 1)
1206 3357 1267 3410 κατ’
1289 3358 1372 3411 αὐτὸ

235 3450 266 3504 Ρ.
376 3452 399 3515 ⁵)
417 3449 472 3516 γάρ
490 3447 551 3502 add.
569 3447 601 3501 F.
712 3449 735 3512 6)
753 3446 778 3501 d.
797 3446 827 3501 P.
938 3446 961 3510 1)
980 3445 1049 3497 καθδ
1071 3443 1105 3502 ἐξ
1120 3444 1207 3496 αὐτοῦ
1225 3444 1373 3510 κατάγον-

235 3553 280 3587 ται
297 3535 324 3586 αί
342 3535 436 3587 λοιπαί
458 3535 618 3598 νομοθεσίαι
635 3533 667 3586 R.
685 3547 827 3601 perperam
845 3531 895 3584 ins,
1008 3530 1032 3594 11)
1048 3529 1103 3596 γὰρ
1127 3528 1188 3582 add.
1210 3527 1241 3582 P.
1265 3528 1315 3596 qui
1339 3533 1374 3582 et

235 3622 383 3688 κορυφαῖον
409 3619 472 3674 hab.
591 3619 614 3686 9)
633 3633 683 3672 om.
706 3617 738 3670 L.
764 3621 786 3670 l.
803 3621 827 3670 2.
946 3617 981 3683 ¹⁰)
1000 3614 1025 3666 d.
1052 3613 1081 3668 P.
1108 3613 1151 3664 καί
1169 3611 1224 3664 ἔδει
1240 3613 1290 3666 Ll.
1314 3611 1374 3666 L'.

237 3707 272 3770 11)
289 3705 344 3773 γὰρ
367 3705 399 3759 P.
510 3703 545 3772 11)
568 3703 593 3757 d.
616 3702 646 3756 P.
757 3703 793 3769 13)
816 3701 945 3754 ἐπένευεν
969 3699 998 3752 P.
1021 3697 1053 3752 F.
1075 3698 1108 3752 R.
1220 3700 1255 3764 14)
1280 3699 1309 3752 d.
1337 3699 1375 3752 P.

237 3793 272 3855 ¹⁵)
290 3789 340 3844 Ll.
357 3789 407 3844 112.
431 3789 603 3854 πλεβισκίτου
631 3787 661 3840 Ρ.
685 3787 715 3840 F.
734 3786 782 3853 Β..
806 3787 852 3855 qui
874 3799 1016 3853 perperam
1039 3787 1072 3851 ej.
1090 3783 1176 3852 plebis
1194 3787 1253 3836 τοῦ.

235 3879 271 3940 11)
289 3876 337 3930 Ll.
360 3876 410 3929 11².
452 3873 633 3944 πλεβισκήτου
656 3873 687 3928 Ρ.
721 3871 808 3940 plebis
834 3871 865 3924 F.
891 3871 924 3924 R
1044 3870 1079 3930 11)
1098 3869 1127 3924 Ρ.
1154 3868 1187 3922 R.
1215 3869 1276 3925 edd.
1306 3875 1376 3924 net.

234 3961 358 4032 ἰδιωτικῷ
376 3962 424 4016 1ι1.
443 3961 493 4014 m.
511 3960 542 4013 F.
647 3959 683 4025 11)
701 3958 730 4010 P.
750 3957 798 4012 Ll.
818 3957 967 4020 δυναμένου
990 3954 1038 4008 1.².
1063 3957 1115 4007 τοῦ
1138 3955 1224 4024 οῆμου
1246 3954 1313 4009 add.
1336 3955 1375 4008 F.

238 4047 271 4104 R.
290 4048 387 4102 nomin.
406 4047 558 4101 absolutum
577 4059 635 4098 esse
653 4043 769 4112 uidetur,
787 4042 860 4112 quod
877 4058 930 4097 non
943 4040 1024 4096 semel
1037 4041 1110 4110 apud
1122 4041 1219 4095 Thum.
1232 4040 1374 4096 occurrit.

309 4137 336 4200 ο)
357 4134 416 4188 Bas,
435 4131 518 4185 schol.
535 4131 570 4185 ad
588 4133 629 4198 60,
646 4134 672 4193 3,
693 4134 715 4184 1.
