2960 4704
550 345 761 406 -19,

105 531 201 597 uentio
212 531 399 597 semritntem
414 528 598 596 introduxit.
621 531 671 594 ius
686 531 768 595 enim
785 531 857 597 belli
873 532 904 596 in
920 538 1107 614 potestatem
1125 531 1223 597 uicto·

74 667 90 717 u.
105 669 162 716 rum
184 652 289 718 uictos
309 650 416 716 tradit.
443 650 473 714 3.
497 647 588 714 Serui
610 655 716 716 nutem
740 669 777 716 ex
800 670 836 716 eo
859 659 933 717 sunt
955 651 1114 734 appellati,
1138 651 1222 730 quod

103 772 300 850 imperotores
330 771 472 850 captiuos
502 789 580 852 quos
611 770 747 838 uendere
780 771 896 837 uellent
924 772 1095 838 seruabant
1121 787 1223 850 nequo

104 887 196 956 oooidi
218 890 372 956 sinebant.
417 908 436 954 o
464 891 665 957 seruando
694 889 794 972 igitur
822 893 929 956 serui
959 898 1033 958 sunt
1063 891 1222 974 appellati,

103 1012 266 1094 quintium
288 1010 487 1092 munoipiu
509 1011 583 1077 dicti
606 1017 681 1076 sunt
703 1011 777 1090 quia
800 1011 854 1088 [ub
876 1010 1033 1088 hostibus]
1057 1026 1151 1073 manu
1174 1027 1225 1073 cu·
1257 1019 1274 1070 5

71 1130 232 1212 uniuntur.
278 1133 308 1194 4.
345 1131 436 1196 Serui
451 1137 557 1196 autom
580 1137 637 1196 uut
664 1137 837 1196 nuscuntur
866 1136 923 1196 aut
952 1129 1039 1195 fiunt.
1091 1147 1223 1194 noscun-

103 1256 148 1314 tur
166 1249 222 1329 qui
245 1268 283 1314 ex
304 1248 421 1314 nostris
444 1249 617 1329 gignuntur
639 1246 776 1326 amillio,
799 1247 878 1313 fiunt
900 1249 969 1313 iure
991 1249 1149 1329 gentium,
1177 1249 1224 1312 id-

102 1375 145 1434 est
165 1388 201 1434 ox
233 1371 434 1450 continuate,
465 1375 523 1434 out
547 1371 616 1435 iure
645 1368 748 1446 ciuili,
782 1387 853 1435 oum
885 1371 979 1434 homo
1013 1369 1092 1433 liber
1125 1368 1223 1431 rnaior

102 1488 180 1554 XXV
209 1507 364 1554 annorum
394 1489 435 1554 nd
464 1489 601 1570 pretium
627 1491 880 1571 participandum
902 1509 972 1554 sese
995 1490 1102 1554 uenire
1124 1489 1223 1570 patio-

105 1617 157 1673 tur.
196 1607 300 1673 ueluti
322 1609 350 1671 si
373 1607 496 1672 cuidam
519 1609 669 1675 suadeam
694 1617 729 1674 ut
751 1629 801 1674 mo
822 1609 881 1674 XX
904 1610 1017 1684 aureis,
1040 1608 1130 1674 uerbi
1153 1627 1222 1688 gru·
1242 1597 1276 1650 ¹⁰

104 1727 144 1792 tia
163 1729 296 1808 uendut,
319 1736 351 1795 et
372 1730 440 1812 ipse
460 1731 586 1809 quidem
613 1729 638 1794 V
661 1733 748 1798 lucro
771 1732 902 1808 habeat,
931 1728 1007 1795 mihi
1031 1735 1136 1794 autem
1159 1725 1223 1790 XV

103 1854 255 1933 praebeat.
301 1851 354 1930 qui
385 1851 468 1918 enim
490 1851 522 1915 id
545 1849 640 1916 iaciat
662 1851 789 1933 proprio
811 1868 1009 1915 romanorum
1040 1849 1108 1913 iure
1132 1849 1223 1914 liber·

104 1975 192 2036 tutem
227 1971 361 2048 omittit,
396 1989 489 2056 quam
523 1969 692 2052 ignominia
726 1969 857 2046 adiecit,
890 1987 928 2034 ou
959 1987 1028 2033 seso
1061 1968 1223 2050 indignum

104 2088 266 2154 ostendens
289 2095 322 2154 ot
343 2088 525 2155 fucultatem
548 2089 621 2154 iudo
648 2089 709 2155 sibi
732 2095 959 2171 competentem
989 2088 1144 2166 abiciam,
1167 2086 1223 2150 uili

70 2226 90 2278 o.
105 2217 225 2292 arrepto
253 2227 341 2275 auro.
391 2209 420 2272 5.
453 2209 497 2274 Et
525 2227 689 2274 seruorum
719 2209 845 2289 quidem
874 2207 1015 2274 condicio
1038 2207 1154 2272 nullam
1177 2225 1224 2271 re·
1244 2202 1275 2252 1⁵

105 2328 173 2409 cipit
195 2330 397 2407 diuisionem,
425 2348 486 2395 non
510 2331 592 2394 enim
615 2331 654 2394 de
676 2329 722 2395 eis
751 2329 811 2394 dici
839 2334 945 2410 potest
970 2327 1091 2392 »minus
1113 2327 1224 2408 plusne

105 2465 240 2514 seruus«.
297 2455 347 2514 est
379 2449 477 2531 igitur
511 2451 674 2517 indiuiduo
707 2451 853 2517 seruitus.
908 2452 941 2516 iu
974 2451 1081 2516 liboris
1115 2457 1224 2514 contra

105 2567 204 2649 plures
227 2569 422 2636 differentius
444 2573 724 2653 deprehendimus3
746 2579 803 2638 uut
826 2573 906 2638 enim
923 2571 1050 2654 ingenui
1073 2576 1146 2636 suut
1168 2575 1224 2632 aut

103 2685 245 2754 libertini.
