2932 4704
557 323 787 386 ..Ῑοῖ-

106 512 209 578 sinere
235 517 267 578 et
288 513 471 594 occupantis
492 509 568 577 fieri.
584 509 644 576 tuit
658 511 751 575 tertie
773 526 896 590 quoque
910 511 1066 576 sententie
1086 527 1224 590 quorun·

107 631 177 697 dum
200 633 255 714 qui
276 637 469 713 putauerunt
497 649 558 697 non
580 630 671 696 etiter
694 647 757 708 me,
779 629 832 711 qui
854 628 1106 707 uulnereucrim,
1129 629 1226 694 domi·

107 769 180 817 num
203 752 323 818 bestiae
344 749 428 829 fieri,
460 768 551 834 quum
581 750 608 814 si
636 767 704 816 eem
734 748 879 832 ceperim.
930 755 962 814 et
990 749 1070 815 hanc
1099 748 1224 814 tertiam

106 873 294 936 sententiam
317 867 479 936 confirmet
500 868 644 951 princeps
666 876 788 942 noster,
812 867 963 934 eiusmodi
989 866 1107 934 cidens
1131 867 1224 932 ratic

107 1008 191 1055 nem:
216 991 263 1055 ait
285 988 367 1056 enim
389 987 480 1072 plura
506 987 663 1054 interdum
686 987 828 1054 cecidere
849 1003 950 1068 pesse,
978 1005 1058 1069 quae
1086 1003 1135 1052 me
1163 1005 1224 1052 non
1259 999 1275 1050 s

107 1108 213 1174 sinunt
236 1128 304 1174 cern
327 1128 438 1193 cepere
459 1110 607 1175 bestiam:
631 1108 711 1174 forte
740 1110 820 1174 enim
849 1105 916 1173 fere
942 1106 1093 1190 quaedem
1123 1104 1226 1171 bellus

106 1247 273 1294 occurrens
295 1227 459 1308 impediuit
480 1245 530 1294 me
551 1228 672 1308 longius
693 1224 847 1309 progredi,
871 1225 921 1292 uel
944 1225 1049 1306 repuit
1065 1227 1148 1308 qnod
1164 1243 1223 1309 ego

107 1347 358 1426 eminentiorem,
381 1348 440 1425 uel,
457 1365 526 1412 cum
542 1363 755 1429 persequerer,
778 1346 810 1410 iu
825 1346 984 1426 asperiore
998 1343 1066 1410 loen
1088 1346 1226 1412 incidens

67 1475 98 1523 14·
107 1467 240 1533 bestium
261 1484 412 1548 quaerere
433 1483 494 1532 uon
517 1468 616 1548 potui.
648 1467 696 1528 14.
721 1467 833 1545 Apium
856 1471 970 1529 nnturs
999 1463 1066 1529 iere
1088 1473 1146 1530 est.
1170 1466 1225 1529 ite-

107 1605 165 1667 que
188 1603 264 1668 apes
287 1603 368 1667 quae
388 1585 420 1650 in
443 1591 498 1650 tua
520 1586 632 1651 arbore
647 1584 853 1660 consederint,
877 1585 935 1649 sub
951 1591 1038 1648 tuum
1055 1583 1224 1648 dominium
1245 1592 1276 1643 10

107 1723 165 1770 non
189 1703 375 1786 rediguntur
396 1709 563 1788 antequem
585 1723 639 1770 ecs
661 1704 693 1768 in
716 1703 816 1769 alueis
838 1702 992 1782 includes,
1014 1720 1092 1783 ques
1114 1703 1223 1786 κυψέλ-

108 1823 161 1896 λας
184 1824 326 1888 uocitnut
346 1823 473 1888 Graeci:
501 1825 582 1888 sicut
604 1831 636 1888 et
659 1821 838 1900 uolucrum,
864 1839 945 1902 qune
974 1824 1004 1886 in
1032 1828 1088 1887 tue
1114 1826 1226 1888 arbore

108 1941 213 2008 nidum
236 1942 375 2022 iecerint,
398 1947 565 2022 antequam
580 1942 743 2024 capientur
763 1941 905 2007 dominus
928 1959 989 2007 non
1012 1941 1077 2006 fies.
1100 1942 1170 2009 ideo
1194 1943 1222 2006 si

109 2063 177 2141 quis
199 2081 254 2128 ees
276 2081 351 2145 apes
379 2065 410 2128 in
438 2065 573 2145 propriis
600 2064 698 2130 alueis
726 2065 814 2147 prior
841 2065 1019 2140 incluserit,
1056 2065 1083 2130 is
1116 2081 1225 2131 etrum

111 2181 251 2246 dominus
272 2184 341 2247 erit
374 2182 462 2248 [nuos
484 2201 617 2265 quoqne,
640 2184 666 2248 si
688 2201 766 2264 quos
787 2185 827 2249 cb
847 2185 960 2264 apibus
989 2183 1057 2250 fieri
1090 2184 1223 2267 contige·
1246 2195 1276 2246 rs

112 2301 159 2377 rit,
180 2301 312 2380 quilibet
333 2303 467 2368 eximere
488 2308 606 2382 potest:
637 2302 732 2368 etium
760 2304 785 2368 si
813 2304 843 2369 in
870 2303 966 2370 fundo
995 2323 1063 2370 mec
1093 2304 1220 2372 fuerint

111 2419 198 2502 pinne
220 2422 249 2486 si
269 2429 436 2503 antequem
458 2422 539 2490 nlius
560 2424 650 2491 senos
672 2426 820 2509 tetigerit,
844 2443 901 2508 ego
915 2425 1106 2507 preuiderim
1131 2431 1226 2508 etque

112 2559 179 2605 enm
200 2539 414 2623 prohibuerim
445 2563 484 2610 ne
510 2544 543 2608 in
569 2544 700 2611 fundum
728 2562 832 2612 meum
861 2544 1058 2626 ingredietur
1086 2545 1225 2628 (pessum

111 2661 189 2726 enim
211 2659 247 2726 id
268 2662 337 2726 iure
358 2661 482 2745 iecere),
506 2662 595 2729 fnum
617 2664 692 2730 mihi
714 2681 851 2741 sumum,
879 2665 1001 2730 nemine
1028 2663 1225 2746 impediente.

112 2783 215 2864 epium
244 2803 372 2852 memen
398 2787 483 2869 quud
512 2789 575 2853 tuis
597 2787 694 2853 alneis
727 2786 844 2854 relictis
871 2787 1060 2865 cnoleuerit,
1088 2803 1227 2868 eousque
1245 2805 1278 2858 uo

111 2906 201 2968 tunm
223 2923 292 2970 esee
313 2904 513 2988 intellegitur,
535 2906 633 2974 donee
655 2907 687 2972 in
709 2913 877 2988 conspectu
900 2907 943 2972 eit
957 2925 1014 2973 nec
1030 2903 1164 2973 difficilis
1187 2905 1229 2970 eit

112 3020 182 3088 eins
202 3024 386 3104 persecutio.
429 3041 501 3091 nem
523 3025 551 3091 si
573 3023 708 3092 dtificilis
731 3025 773 3090 sit
798 3023 975 3106 persecutio
1003 3025 1053 3092 uel
1083 3041 1230 3106 conspec-

67 3148 183 3206 15.tnm
205 3149 291 3209 tuum
312 3142 437 3226 ingerit,
463 3145 644 3229 occupantis
670 3144 734 3213 fiet.
781 3147 830 3211 15.
863 3145 1024 3212 Pnucnum
1054 3150 1087 3211 et
1115 3145 1230 3210 colum-

113 3259 225 3326 bnrnm
254 3269 368 3328 ncture
394 3261 461 3330 iere
487 3270 556 3332 est:
589 3271 622 3330 et
653 3283 744 3332 nemo
777 3265 860 3334 dicet
891 3265 989 3330 isdem
1016 3282 1132 3330 morem
1161 3279 1230 3328 esse
