2884 4728
527 347 769 410 -410—

99 521 183 583 domo
209 520 279 600 quis
301 519 433 596 habitet,
459 521 526 584 siue
550 521 583 585 in
599 520 763 600 condocta,
788 520 841 584 uel
857 519 955 602 gratis
980 520 1047 584 siue
1070 520 1208 603 hospitio

69 645 132 707 aab
155 643 263 726 aliquo
287 651 433 727 receptus
457 645 506 709 sit.
553 649 581 711 9.
605 645 722 708 Atrox
745 644 860 708 iniuria
887 643 1070 708 aestimatur
1093 644 1145 708 nel
1169 665 1208 708 ex

95 769 174 832 facto
198 768 250 832 nel
274 788 314 832 cx
336 769 407 833 loco
432 770 483 833 uel
507 789 547 834 ex
569 789 716 853 persona.
763 788 807 832 ex
829 768 947 849 facto,
972 768 1071 832 ueluti
1095 769 1208 850 siquis

96 895 131 957 ab
154 893 261 973 aliquo
292 893 475 958 uulneratus
498 893 608 974 fuerit,
638 893 690 958 nel
717 893 853 958 fustibus
881 912 1007 957 caesus:
1037 913 1080 958 ex
1108 893 1207 974 loco,

95 1017 188 1082 ueluti
211 1018 239 1081 si
262 1018 331 1099 quis
355 1017 525 1082 inthaatro
549 1018 601 1082 uel
616 1019 649 1082 in
665 1018 732 1083 loro
749 1018 802 1083 uel
818 1018 850 1082 in
866 1025 1037 1100 conspectu
1051 1017 1208 1100 praetoris
1246 1031 1263 1082 5

94 1141 237 1206 iniuriam
273 1142 314 1207 sit
347 1163 475 1226 passus:
516 1163 561 1207 ex
599 1163 767 1226 persona
804 1142 902 1206 ueluti
940 1143 968 1206 si
1005 1143 1209 1224 magistratus

94 1267 237 1329 iniuriam
261 1266 302 1331 sit
325 1287 448 1350 passus,
477 1267 528 1331 nel
552 1267 691 1331 senatori
714 1267 754 1331 ab
778 1266 887 1330 humili
910 1266 1026 1330 iniuria
1048 1267 1134 1331 lacta
1157 1267 1208 1348 sit,

94 1396 145 1454 ant
170 1391 355 1473 parentibus
377 1411 397 1454 a
416 1391 526 1455 liberis
551 1398 606 1454 ant
627 1391 770 1474 patronis
791 1411 811 1454 a
830 1391 961 1455 libertis,
1007 1391 1100 1455 aliter
1127 1392 1209 1455 enim

92 1514 245 1578 senatoris
275 1522 306 1578 et
334 1515 474 1598 parentis
503 1515 705 1598 patronique,
734 1515 826 1579 aliter
854 1515 996 1580 extranei
1024 1522 1056 1580 et
1083 1515 1209 1580 humilis

91 1659 245 1722 personae
273 1640 389 1704 iniuria
419 1641 610 1705 aestimatur.
657 1659 890 1722 nonnumquam
921 1646 953 1704 et
986 1641 1095 1705 locus
1129 1641 1209 1704 nnl—
1230 1651 1265 1703 10

91 1765 192 1828 neris
210 1771 348 1829 atrocem
365 1765 511 1829 iniuriam
527 1764 613 1846 facit,
638 1765 737 1829 ueluti
755 1765 831 1830 siin
848 1765 937 1829 oculo
955 1765 1024 1846 quis
1041 1785 1209 1848 percussus

90 1889 193 1954 luerit.
245 1909 347 1972 neque
382 1890 513 1955 interest
545 1895 647 1954 unum
679 1890 899 1973 patrifamilias
933 1911 974 1953 an
1005 1889 1209 1954 filiofamilias

90 2014 161 2078 talis
186 2013 304 2079 iniuria
326 2015 413 2079 lacta
437 2015 491 2097 sit;
519 2015 553 2078 in
580 2015 724 2079 omnibus
753 2016 834 2079 enim
864 2022 955 2079 atrox
984 2015 1209 2079 aestimabitur.

44 2142 139 2205 10.10.
164 2143 199 2202 In
225 2159 346 2203 summa
370 2145 474 2203 autem
498 2139 659 2204 sciendum
684 2145 732 2204 est
753 2159 849 2223 posse
873 2159 957 2221 enm,
986 2139 1040 2222 qni
1062 2139 1209 2203 iniuriam

89 2269 136 2326 est
159 2283 285 2346 passus,
308 2264 361 2328 uel
385 2264 589 2328 criminaliter
613 2283 709 2346 agere
732 2264 784 2328 uel
808 2264 950 2328 ciuiliter.
986 2270 1017 2328 et
1040 2263 1067 2327 si
1084 2263 1209 2344 quidem
1229 2282 1264 2334 15

89 2387 227 2452 ciuiliter
250 2393 335 2470 agat,
360 2389 493 2452 iniuriae
518 2388 696 2453 aestimatio
721 2387 891 2453 secundum
915 2387 999 2470 quod
1023 2387 1137 2451 dictum
1162 2394 1211 2452 est

86 2511 139 2576 fiet
168 2518 203 2576 et
231 2512 263 2576 in
290 2519 411 2576 tantum
440 2513 658 2577 condemnatio
686 2513 754 2577 fiet:
785 2512 832 2576 sin
861 2519 966 2577 autem
996 2511 1208 2593 criminaliter,

87 2637 231 2701 officium
259 2644 307 2701 est
334 2637 447 2702 iudicis
478 2638 652 2718 quamlibet
680 2637 963 2702 extraordinariam
991 2657 1125 2721 poenam
1155 2656 1210 2701 reo

86 2761 250 2844 inrogare,
267 2762 366 2826 ueluti
377 2763 605 2846 relegationem
615 2768 670 2826 aut
681 2763 835 2826 bonorum
847 2761 946 2845 partis
957 2762 1209 2845 publicationem.

83 2885 209 2967 ubique
243 2891 348 2950 antem
383 2887 572 2951 seruandum
608 2893 670 2966 est,
706 2886 791 2968 qnod
826 2886 1047 2951 constitutione
1073 2886 1209 2950 Zenonis
1229 2903 1267 2955 20

85 3008 183 3074 dinae
210 3011 381 3074 memoriae
406 3017 454 3074 est
476 3012 696 3094 introductum,
721 3016 755 3075 ut
777 3030 890 3094 nempe
913 3011 975 3074 uiri
989 3011 1127 3075 illustres
1144 3011 1209 3091 qui·

83 3153 145 3214 que
183 3132 349 3216 dignitatis
385 3136 564 3218 superiores
603 3142 689 3216 sunt,
733 3136 854 3219 possint
895 3155 952 3218 per
989 3143 1209 3219 procuratores

82 3257 280 3322 iniuriarum
296 3260 500 3324 criminaliter
515 3280 620 3343 agere,
640 3260 714 3324 licet
729 3280 817 3324 reum
834 3259 971 3324 criminis
990 3280 1047 3344 per
1061 3279 1212 3342 procura·
