2864 4736
522 413 760 477 -453—

53 603 76 649 4.
89 608 193 652 noxae
216 589 346 672 aeoepit,
370 609 391 651 a
415 595 560 671 praetore
583 589 824 652 manumittetur.
863 593 891 653 4.
908 587 987 652 Sunt
1003 596 1107 654 autem
1131 609 1202 654 oon-

88 714 218 777 stitutae
238 712 370 776 noxales
387 712 525 777 aetioues
542 719 597 776 aut
611 712 761 794 legibus
786 719 839 776 aut
855 712 979 777 edioto
1003 715 1203 797 praetoris.

88 837 257 920 legibus,
290 837 388 902 ueluti
415 837 503 918 furti,
537 857 630 916 quarn
657 836 708 900 lex
735 837 797 901 XII
820 838 997 902 tabularum
1025 837 1203 902 introduxit.

91 969 140 1026 est
175 961 269 1026 etiam
304 962 428 1026 noxalis
468 961 550 1025 aetio
587 960 667 1043 legis
703 961 862 1042 Aquiliae:
901 963 981 1025 hano
1016 962 1098 1026 enirn
1130 961 1203 1048 [lex]

91 1085 223 1166 Aquilia
248 1085 419 1150 constitnit:
448 1085 636 1168 praetoris
669 1086 809 1165 edicto,
845 1085 943 1149 ueluti
970 1087 1093 1150 noxalis
1122 1088 1204 1160 aetio
1242 1105 1257 1154 5

52 1218 77 1267 e.
96 1209 279 1274 iniuriarum
296 1220 326 1273 et
342 1209 465 1273 noxalis
489 1209 571 1274 aotio
595 1210 626 1272 ui
651 1211 801 1273 bonorum
824 1220 993 1291 raptorum.
1029 1215 1057 1276 5.
1081 1211 1205 1293 Regula

90 1335 184 1398 nobis
223 1353 243 1398 a
284 1334 443 1398 ueteribus
489 1333 606 1397 tradita
655 1339 703 1397 est
751 1353 884 1396 noxam
934 1341 1045 1417 eaput
1089 1336 1204 1415 sequi.

91 1459 172 1522 haeo
210 1478 285 1522 uero
325 1457 357 1520 iu
401 1457 553 1521 eiusmodi
595 1456 720 1521 ossibus
755 1465 921 1540 spectatur.
987 1478 1096 1522 seruus
1133 1465 1204 1523 tuus

91 1603 144 1646 res
186 1602 272 1646 meas
312 1589 360 1645 est
398 1582 533 1664 iuratus3
580 1582 727 1662 quamdiu
771 1583 801 1644 iu
846 1589 900 1646 tua
943 1590 990 1646 est
1038 1591 1204 1666 potestate,

91 1713 202 1771 ooutra
234 1713 264 1770 te
294 1707 418 1771 aetione
446 1706 518 1770 furti
547 1706 653 1771 noxali
681 1706 815 1789 experiri
845 1714 969 1789 potero;
999 1708 1081 1788 quod
1109 1709 1136 1772 si
1164 1709 1205 1772 ad
1225 1725 1258 1775 10

91 1833 190 1896 aliurn
214 1832 373 1895 dominum
396 1833 583 1913 peruenerit,
609 1852 678 1895 eum
702 1831 756 1895 illo
781 1832 839 1895 erit
861 1832 944 1896 aetio
968 1833 1106 1914 noxalis;
1132 1833 1206 1897 etsi

93 1958 303 2021 manumissus
339 1957 446 2036 t'nerit,
482 1958 633 2022 directam
665 1960 736 2022 furti
773 1965 882 2022 eontra
916 1979 986 2023 eum
1018 1961 1141 2024 habebo
1175 1966 1206 2022 et

92 2082 218 2145 noxalis
250 2082 452 2162 extinguitur.
511 2102 549 2146 ex
578 2083 702 2147 diuerso
732 2083 850 2148 directa
877 2085 959 2147 aetio
988 2084 1111 2148 noxalis
1138 2083 1205 2148 fieri

93 2213 213 2288 potest;
244 2207 368 2270 namsi
396 2207 477 2271 liber
503 2208 595 2271 homo
626 2228 712 2271 meas
740 2229 789 2271 res
818 2208 858 2271 sit
884 2209 1005 2272 ‘furatus
1034 2215 1065 2272 et
1092 2209 1204 2273 deiude

95 2350 206 2394 seruus
231 2350 301 2394 esse
326 2331 465 2412 eoeperit
489 2331 605 2410 (ueluti,
629 2332 721 2396 siouti
744 2332 844 2414 prima
860 2333 1052 2396 institutione
1076 2333 1258 2404 tradidi-15

95 2476 180 2533 mus,
205 2455 232 2517 si
260 2455 367 2518 uenire
396 2475 429 2518 se
459 2456 498 2517 ad
527 2455 659 2537 pretium
689 2456 938 2539 partieipandum
961 2457 1001 2520 sit
1024 2459 1149 2540 passus)
1174 2465 1205 2522 et

94 2599 205 2643 semus
229 2586 300 2643 tuus
324 2580 425 2643 faetus
449 2580 502 2658 sit,
532 2580 640 2662 ineipit
663 2600 743 2644 nuno
768 2601 836 2643 esse
864 2581 987 2644 noxalis
1010 2583 1083 2644 furti
1111 2582 1203 2664 aetio,

51 2709 79 2756 6-
97 2723 180 2782 quae
206 2712 301 2768 antea
325 2705 443 2769 direota
466 2705 577 2768 fuerat.
617 2710 645 2771 6.
667 2705 782 2768 Seruus
799 2725 885 2768 meus
909 2725 959 2768 res
975 2725 1062 2770 meas
1086 2706 1205 2771 furatus

94 2835 157 2906 est3
183 2828 271 2890 nulla
293 2828 366 2892 inde
391 2829 488 2892 oritur
513 2831 609 2909 aetio;
634 2851 706 2893 nam
730 2831 809 2893 iuter
825 2829 980 2894 dominum
1002 2837 1032 2894 et
1048 2851 1128 2911 eum,
1154 2833 1205 2911 qui

94 2952 126 3014 in
152 2951 220 3015 eius
244 2960 397 3034 potestate
422 2961 482 3032 est,
507 2953 594 3017 nulla
622 2954 772 3036 obligatio
800 2955 888 3018 nasei
916 2961 1027 3037 potest.
1074 2955 1205 3036 ideoque
1226 2973 1260 3023 to

96 3082 126 3139 et
151 3075 178 3138 si
203 3077 234 3138 in
259 3077 394 3140 alienam
411 3083 598 3159 potestatem
615 3098 723 3142 seruus
739 3079 917 3160 peruenerit
933 3086 986 3142 aut
998 3079 1206 3142 manumissus

93 3200 199 3278 suerit,
223 3221 324 3281 neque
348 3221 417 3265 oum
440 3202 509 3284 ipso
532 3203 722 3266 manumisso
739 3221 841 3282 neque
857 3223 926 3266 oum
942 3222 990 3282 eo,
1016 3203 1102 3266 ouius
1126 3222 1206 3266 nuno

94 3325 125 3388 in
154 3331 312 3406 potestate
343 3331 407 3406 est,
436 3345 532 3406 agere
561 3347 696 3408 possum.
742 3327 876 3390 nondum
906 3328 986 3390 euim
1019 3334 1094 3389 nata
1123 3326 1205 3390 aetio

94 3449 194 3530 (quae
211 3468 250 3511 ex
266 3450 334 3531 ipso
350 3450 504 3515 maleficio
526 3471 589 3514 non
606 3458 654 3514 est
670 3456 747 3531 orta,
771 3452 846 3531 quia
866 3471 952 3515 meus
969 3470 1078 3514 seruus
1094 3451 1205 3528 fuerat,

94 3572 150 3652 qui
173 3572 296 3637 furatus
319 3577 389 3658 est),
418 3575 526 3655 nequit
553 3581 665 3658 postea
688 3574 758 3638 ideo
786 3575 888 3655 nasei,
917 3574 999 3655 quod
1022 3573 1112 3638 fure
1136 3593 1206 3636 mea
1226 3592 1258 3642 ‘25

94 3695 211 3759 exierit
249 3703 412 3780 potestate.
473 3699 553 3762 adeo
592 3704 694 3762 autem
734 3719 840 3763 uerum
881 3706 928 3762 est
965 3699 1043 3762 iuter
1082 3717 1206 3761 seruum
