2898 4712
546 309 774 378 ...243-

106 494 355 564 deleommiasnm
377 498 495 582 recepit
516 496 647 568 ntllibus
668 499 845 572 aefioulbos
858 504 1026 587 'experitur
1039 509 1135 588 atone
1149 522 1221 574 non·

104 615 237 696 nenitnr,
259 616 291 682 in
313 619 518 702 quadrantem
540 626 646 688 antam
668 620 761 690 hares
782 623 908 692 directis
922 624 1095 693 actionibus
1117 633 1150 692 at
1170 643 1222 694 ex·

102 735 222 819 peritur
248 743 281 804 et
312 739 507 806 eonuenitnr.
555 747 590 808 at
615 740 642 806 si
671 741 742 826 plns
769 760 864 828 qnam
892 744 1092 824 dodrantem,
1121 741 1221 812 ueluti

103 853 279 923 dextantem
302 857 352 925 nel
376 858 543 938 deuncem,
571 859 623 926 nel
650 862 744 928 etiam
773 869 873 929 totam
900 861 1107 932 hereditatem
1129 862 1220 932 heres

102 975 268 1045 restituere
282 984 411 1061 rogatus
425 987 519 1060 esset,
540 999 641 1066 neque
655 1001 692 1050 ex
708 983 870 1051 uoluntate
885 984 1046 1051 testatoris
1067 984 1222 1067 quadran·
1254 985 1272 1037 ὅ

104 1101 161 1163 tam
184 1096 358 1174 habuisset,
378 1098 465 1167 loeus
488 1107 558 1168 erat
578 1101 748 1185 pegasiann
769 1103 1050 1173 senstusoonsulto.
1078 1111 1111 1172 et
1131 1105 1223 1172 heres

102 1217 152 1298 qni
177 1217 276 1286 semel
298 1217 435 1300 adisset,
463 1218 610 1288 simodo
638 1240 696 1290 sna
723 1224 886 1291 uoluntate
912 1226 982 1308 (eur
1010 1231 1115 1294 summ
1145 1243 1223 1292 »sna

101 1335 281 1404 uoluntate«
304 1336 443 1406 dieamus
464 1338 595 1408 inferius
616 1342 760 1425 patebit),
783 1342 852 1410 siue
874 1344 1055 1412 retinuisset
1076 1351 1221 1428 quartam

101 1463 229 1540 partam,
252 1457 321 1525 siue
342 1460 493 1528 noluisset
515 1460 660 1544 retinere,
683 1463 752 1548 ipse
773 1463 865 1532 heres
887 1463 1036 1534 uniuersa
1050 1484 1148 1533 onera
1168 1465 1222 1534 he·

103 1577 250 1644 reditaria
271 1579 456 1652 snsunebot
479 1592 529 1652 eet
548 1589 662 1670 quarta
683 1589 817 1664 retenta,
839 1585 1119 1670 interponebantur
1139 1587 1222 1653 inter
1241 1589 1274 1644 1⁰

103 1715 169 1764 enm
200 1706 235 1766 et
262 1696 350 1766 illum
382 1698 436 1783 qni
468 1695 740 1770 hdeioommissum
774 1708 935 1781 receperat
968 1695 1068 1782 partis
1101 1703 1133 1764 et
1165 1714 1222 1782 pro

102 1828 190 1906 parte
213 1821 443 1909 stipulationes,
465 1829 615 1906 unquam
637 1821 720 1888 inter
746 1820 893 1889 heredem
914 1825 1010 1906 etque
1038 1819 1222 1903 partiarium

102 1943 296 2026 legatarium
340 1944 367 2010 si
390 1961 467 2011 nero
488 1948 589 2010 totam
611 1941 817 2010 hereditatem
845 1939 1052 2018 restituisset,
1078 1937 1224 2006 oesmbat

103 2061 331 2145 trebellianum,
350 2081 424 2130 tum
445 2063 605 2148 quadrans
626 2081 665 2130 ex
687 2063 850 2131 uoluntate
876 2061 1038 2130 testatoris
1050 2058 1148 2144 ¹apud
1169 2059 1223 2128 he·

104 2181 208 2250 redem
231 2200 293 2249 non
316 2187 415 2263 essm,
443 2183 588 2250 cessabat
616 2181 712 2250 eliam
742 2182 958 2266 pegasiannm,
988 2199 1058 2249 eum
1088 2181 1274 2250 retinuero

103 2303 262 2382 noluisset,
285 2310 318 2371 et
340 2301 410 2371 ideo
433 2322 494 2370 non
517 2304 798 2388 interponebantur
817 2301 917 2387 partis
939 2307 973 2368 et
992 2318 1049 2385 pro
1065 2303 1154 2382 parte
1168 2299 1224 2366 sti·

103 2423 289 2505 palationee
333 2429 366 2490 et
388 2441 459 2491 enm
481 2423 586 2492 omnia
607 2421 776 2491 delicerent
796 2421 922 2500 auxilia,
943 2419 1222 2504 interponebantur

104 2544 322 2630 stipulationes
354 2552 479 2628 emptae
506 2543 652 2612 uenditas
680 2543 874 2612 hereditatis.
931 2543 1009 2612 haee
1037 2540 1163 2628 quidem
1196 2539 1222 2606 si

104 2667 170 2748 qnia
191 2672 305 2748 sponte
327 2663 532 2732 inmeditate·
551 2663 654 2732 adeat
699 2671 748 2731 sat
768 2664 795 2730 ai
816 2671 941 2732 reeuset
962 2663 1033 2746 qnia
1061 2663 1149 2732 adire
1170 2664 1222 2732 he

105 2785 269 2854 reditatum
296 2785 337 2854 ob
364 2785 396 2852 id
417 2786 501 2869 qnod
530 2786 614 2854 dieat
641 2803 709 2854 eam
738 2787 798 2855 sibi
825 2795 1003 2872 suspectam
1032 2805 1102 2858 essa
1130 2788 1221 2875 quasi
1238 2795 1274 2850 2⁰

105 2904 293 2982 damnosam,
315 2907 446 2973 canetur
467 2905 637 2989 pegasiano
658 2907 927 2975 senatusconsulto
947 2915 984 2974 ut
997 2909 1092 2976 edent
1111 2909 1149 2988 is,
1170 2909 1222 2976 oni

105 3023 271 3094 restituere
292 3025 440 3107 debetur,
462 3032 639 3112 praetorem
667 3027 722 3110 qni
751 3027 860 3096 iubeat
888 3027 1035 3096 heredem
1062 3027 1164 3109 adire,
1190 3035 1223 3096 et

105 3163 224 3215 omnem
246 3147 452 3216 hereditatem
473 3148 651 3216 restituere.
673 3154 706 3215 et
726 3149 856 3233 perinde
876 3149 908 3216 in
930 3148 1063 3216 solidum
1084 3147 1222 3216 aedonee

106 3266 311 3338 hereditariae
333 3268 363 3338 ei
383 3273 480 3354 atque
500 3268 532 3334 in
555 3287 641 3346 enm,
661 3269 713 3336 oni
739 3269 896 3338 hereditas
925 3269 1120 3350 restituitur,
1146 3269 1222 3336 dnn·

106 3389 170 3471 tur,
199 3390 266 3458 anei
295 3407 333 3457 er
361 3388 634 3459 senatusconsulto
662 3387 845 3457 trebelliano
871 3389 1030 3458 restitutio
1058 3387 1144 3457 laeta
1169 3389 1221 3456 sit
1238 3401 1272 3454 nu

106 3515 197 3591 atque
212 3511 246 3576 iu
264 3507 419 3577 eiusmodi
440 3527 514 3576 nasu
529 3514 698 3595 utrumqne
720 3510 1026 3578 senatusconsultum
1047 3507 1221 3589 oonenrrit;

109 3633 139 3695 et
151 3629 356 3714 pegasimm
369 3628 496 3714 quidem
511 3631 661 3722 scriptum
677 3629 823 3697 heredem
845 3627 934 3698 adire
948 3627 1042 3714 tutilo
1064 3627 1221 3698 trebellia-
