2932 4704
534 358 766 420 -112-

96 547 195 614 ditans
217 547 258 613 ab
280 566 317 612 oo
340 547 393 629 qni
415 544 534 624 iecerit,
556 545 714 628 impensas
735 545 910 628 scripturae
930 543 1054 611 solnore
1075 550 1205 627 paratus

95 685 144 732 non
175 667 251 744 sim,
279 665 415 750 repellar
437 665 618 748 exceptione
645 663 708 731 doli
730 663 821 742 mali,
849 663 958 744 ntique
988 665 1014 730 si
1043 681 1204 746 possessor

54 787 164 852 amno
189 784 251 852 fide
273 785 368 852 inerit
388 787 442 869 qni
463 786 497 851 id
520 785 690 868 scripserit
736 785 787 850 34.
822 781 932 850 Aliena
953 785 1024 866 quis
1053 801 1129 850 osas
1158 789 1204 849 ta·

93 907 175 979 boia,
202 905 306 987 pinxit
327 912 359 972 et
380 905 547 986 imaginem
571 904 711 971 coniecit
758 905 933 988 quaesitum
963 911 1012 970 est
1039 905 1128 971 euius
1157 909 1203 968 ta

92 1022 155 1090 bnla
175 1025 265 1104 pieta
287 1030 379 1090 esset
433 1023 619 1106 etquidem
647 1023 774 1090 aiebant
802 1024 951 1106 pictorem
982 1022 1108 1090 tabulae
1136 1021 1203 1090 fieri
1238 1029 1254 1080 ⁵

92 1143 258 1224 dominnm,
285 1143 486 1226 tabulamque
512 1146 653 1227 picturae
675 1143 802 1222 oedere;
830 1143 884 1209 aiii
912 1150 1018 1210 antem
1044 1143 1203 1210 dominnm

93 1262 212 1329 aenae
233 1263 328 1328 etiam
351 1262 492 1344 picturae
513 1261 582 1330 fieri
604 1263 862 1344 proprietarium,
885 1263 1120 1346 qualiscumque
1141 1263 1203 1344 pie·

90 1387 154 1447 tora
176 1399 258 1448 esse.
301 1382 446 1464 princeps
472 1387 578 1449 autem
604 1389 711 1448 noster
739 1383 874 1464 priorem
903 1383 1052 1463 praetulit
1081 1387 1204 1450 senten·

90 1500 166 1579 tien,
187 1502 404 1585 pietatemque
426 1501 584 1567 dominum
608 1501 734 1569 tabulae
756 1503 859 1587 pictae
886 1501 954 1568 fieri
981 1503 1083 1568 iussit
1127 1501 1203 1568 ridi·

91 1621 185 1686 enlnm
209 1623 292 1687 enim
314 1622 440 1702 putauit
462 1620 579 1706 Apellis
603 1622 653 1687 nei
674 1619 833 1689 Parrhasii
856 1623 1011 1705 picturam
1033 1623 1201 1689 uilissimae
1221 1630 1254 1682 10

90 1741 193 1808 eadere
212 1742 349 1808 tabulae.
394 1739 467 1809 ideo
489 1742 517 1808 si
540 1743 682 1808 dominus
704 1743 831 1810 tabulae
852 1743 1018 1828 imaginem
1033 1743 1200 1826 possideat,

89 1859 184 1940 pietor
205 1867 312 1928 entem
335 1861 376 1928 ad
398 1861 621 1930 uindicandum
643 1869 718 1944 agat
739 1881 797 1930 neo
827 1859 953 1930 tabulae
979 1861 1114 1944 pretinm
1141 1861 1200 1928 sol·

91 1987 140 2044 nat
152 1998 210 2061 per
224 1978 288 2046 doli
303 1979 377 2046 mali
392 1982 603 2063 exeeptionem
619 1981 797 2062 repelletur.
813 1988 847 2047 at
861 1982 888 2046 si
902 1981 929 2046 is
943 1983 997 2064 qui
1012 1981 1111 2063 pinxit
1124 1981 1200 2046 imo·

91 2099 186 2180 ginem
197 2099 366 2181 possideat,
378 2101 522 2167 dominns
533 2101 660 2167 tabulae
670 2100 791 2168 directa
800 2102 833 2167 in
848 2119 914 2168 rem
929 2101 1052 2168 actione
1066 2101 1201 2183 experiri

92 2219 200 2300 nequit,
215 2218 354 2285 dominio
369 2220 451 2287 enim
466 2220 533 2286 eius
549 2219 670 2301 cecidit,
687 2239 756 2286 enm
771 2221 857 2304 pieta
870 2221 978 2296 inerit3
994 2221 1081 2286 utilia
1096 2225 1201 2288 tamen
1222 2235 1252 2286 io

92 2337 203 2404 iorem
223 2340 306 2406 aetio
328 2339 356 2404 ei
378 2340 481 2417 datur,
504 2357 598 2422 qnam
620 2338 786 2408 intendens
815 2339 913 2407 dieat:
943 2339 1054 2422 qnasi
1082 2339 1201 2406 domi·

92 2474 155 2522 nne
176 2475 310 2524 essem.
333 2476 396 2541 qna
415 2458 486 2524 utili
507 2459 630 2526 aetione
652 2459 684 2526 in
705 2477 772 2526 rem
794 2477 871 2526 usus
892 2459 954 2526 nisi
975 2459 1079 2526 soluat
1099 2459 1200 2542 pieta·

91 2593 141 2642 rae
154 2577 324 2660 impensam
347 2579 375 2644 ei
397 2579 450 2662 qni
473 2578 556 2646 bona
578 2576 641 2644 fide
662 2579 770 2662 pinxit,
793 2576 963 2662 repetetur
985 2595 1041 2659 per
1061 2575 1126 2647 doli
1149 2597 1199 2646 ex·

90 2696 263 2776 epaonu.
320 2703 353 2763 et
385 2697 462 2764 haee
493 2697 533 2764 de
560 2696 705 2781 imaginis
731 2696 924 2780 proprietate
952 2703 1088 2764 mactata
1114 2703 1197 2764 onnt

89 2811 162 2880 iilnd
184 2817 263 2882 enim
285 2817 388 2899 palam
411 2823 468 2896 est,
491 2817 585 2899 qnod,
608 2817 676 2882 siae
698 2817 724 2882 is
747 2816 800 2899 qni
822 2815 924 2898 pinxit
937 2816 1096 2900 subripuit
1109 2817 1198 2884 tebo-
1214 2836 1250 2889 aa

88 2932 146 2998 lem
167 2934 232 3000 sine
253 2935 344 3011 eine,
366 2935 514 3018 competit
535 2935 660 3002 domino
681 2934 757 3002 iurti
786 2935 868 3002 aetio
894 2937 926 3003 in
948 2953 1019 3003 enm
1045 2936 1100 3017 qni
1125 2937 1198 3002 sno

44 3049 189 3134 arripuit
231 3053 281 3118 35.
315 3053 394 3120 Cum
416 3059 449 3121 te
471 3056 629 3122 dominnm
652 3073 721 3122 esse
748 3055 919 3134 eraderem,
947 3056 1008 3122 emi
1035 3062 1108 3122 ate
1129 3053 1198 3122 inn-

88 3169 158 3236 dnm
180 3171 320 3252 alienam,
342 3172 395 3240 uel
416 3193 455 3242 ex
475 3174 642 3242 donatione
663 3173 765 3242 alione
787 3191 869 3260 quae
890 3174 975 3242 insta
987 3191 1083 3240 eausa
1097 3190 1198 3255 aequo

87 3287 166 3355 bona
186 3287 255 3374 tide,
274 3291 376 3360 oelnti
396 3293 644 3375 permutatione,
670 3294 785 3377 aeeepi.
835 3291 989 3362 nataralia
1016 3294 1099 3374 ratio
1128 3293 1201 3362 unit
