2932 4704
715 262 947 326 -109-

272 473 358 514 σεται
388 451 472 536 κοινή
480 451 505 530 1)
536 452 642 534 σωρὸς
673 449 720 511 ἐπί
750 452 803 511 τοῦ
834 448 973 510 τοιούτου
1004 450 1212 531 δεματισμού,
1243 447 1377 532 ὥςπερή

271 553 366 637 ἀγέλη
389 557 451 615 τῶν
474 551 645 637 προβάτων
667 551 703 613 ον’
725 549 1093 634 κοινωνοποιηδήσεταιί)
1117 548 1171 611 ἐὰν
1194 549 1232 611 τά
1250 549 1378 631 πρύβατα

270 654 355 719 Titiu
378 657 439 727 τοῖς
459 658 524 726 σοῖς
540 652 711 738 προβάτοις
726 653 925 736 συναναμιγή.
948 649 1027 713 εἰδὲ
1050 651 1155 736 συμβῇ
1170 653 1224 737 τήν
1240 656 1293 716 τοῦ
1309 653 1379 716 άτοο

271 760 375 843 σωρὸν
390 757 410 843 ή
426 757 484 820 ἀπό
500 755 590 842 σοοή
606 758 664 819 ὑπὸ
679 756 762 821 Titiu
778 754 1061 843 διακατέγεσδαιί),
1085 757 1102 816 ύ
1119 755 1227 840 ἕτερος
1242 756 1317 819 κατὰ
1336 759 1378 817 τού

236 859 443 943 ονεμομένοο
471 859 582 943 κινήσει
605 861 660 944 τήν
681 857 713 921 in
735 878 813 922 rem.
858 855 1018 940 offici0n4)
1048 857 1085 920 δέ
1114 856 1199 921 ἐσται
1229 862 1283 921 τοῦ
1312 857 1379 920 δικα-

270 959 345 1024 στοῦ
367 961 445 1034 ὥςτε
469 959 712 1046 διατιμήσασδαι
734 962 841 1033 ύποίος
864 958 941 1046 ήνύ
971 959 1104 1022 ἑκάστου
1129 964 1212 1033 σῖτος
1242 962 1292 1022 καὶ
1318 963 1380 1043 πρὸς

271 1063 325 1148 τήν
349 1065 494 1149 ποιιίτητα
517 1065 621 1125 καὶτὸ
641 1063 758 1146 μέτρον
781 1065 826 1147 τῷ
848 1060 950 1126 fictori
981 1060 1181 1124 καταδικάσαι
1209 1064 1261 1124 τὸν
1291 1062 1378 1142 νομέα.

271 1166 322 1228 29.
354 1164 425 1228 Ἐάν
447 1188 492 1241 τις
520 1166 553 1227 ἐν
580 1168 626 1248 τῷ
656 1163 724 1249 ἰδίῳ
752 1163 862 1248 ἐδάφει
890 1163 973 1228 οἰκον
1000 1164 1216 1249 κατασκευάσῃ
1247 1162 1287 1235 ἐξ
1306 1164 1413 1225 ἀλλον).

271 1267 364 1351 τρίιον
387 1268 483 1345 ὑλῶν,
519 1267 674 1353 δεσπότης
695 1269 808 1349 γίνεται
836 1270 890 1329 τοῦ
917 1266 1239 1341 καταοκεοασδέντος·
1272 1269 1307 1329 τὸ
1331 1269 1381 1350 γὰρ

222 1386 253 1436 10
271 1367 517 1454 ἐποικοδομηδὲν
539 1367 610 1432 εἴκει
632 1372 680 1454 τῷ
703 1368 829 1453 ἐδάφει,
854 1369 971 1432 ἐκείνου
994 1369 1090 1456 δήλου
1113 1370 1203 1442 ὄντος
1233 1371 1280 1431 ὅτι
1303 1370 1318 1428 ὁ
1339 1371 1381 1452 τής

271 1469 344 1555 ὕλης
365 1471 519 1556 δεσπότης
541 1475 596 1556 τῆς
623 1471 838 1553 δεσποτείαςί)
868 1473 922 1535 οὐκ
951 1471 1084 1542 ἐκπίπτει
1114 1477 1169 1558 τῆς
1197 1472 1272 1557 ύλης
1301 1473 1382 1556 αύτής

272 1574 315 1649 εἰς
337 1576 371 1635 τὸ
394 1573 541 1659 διηνεκὲς,
564 1575 632 1636 ἀλλ’
660 1573 718 1657 ἐφ’
741 1575 814 1637 ὅσον
844 1572 952 1661 ἔστηκε
980 1577 1014 1636 τὸ
1042 1575 1209 1660 οἰκαδημα,
1239 1572 1313 1636 οὔτε
1339 1575 1382 1658 τήν

269 1675 303 1737 in
336 1694 403 1738 rom
435 1679 526 1738 κινεῖν
555 1673 625 1738 οὔτε
652 1677 707 1761 τήν
735 1674 777 1739 ad
806 1675 1020 1740 exhibendum
1031 1677 1056 1755 6)
1084 1675 1230 1754 δύναται,
1266 1675 1317 1738 διὰ
1342 1677 1384 1736 τὸν

271 1775 505 1840 δωδεκάδελτον
537 1779 644 1859 νύμον,
679 1770 761 1863 ᾦτινι
790 1776 986 1861 διηγύρεοται
1017 1777 1064 1840 ἵνα
1090 1776 1200 1863 μηδείς
1236 1779 1385 1862 ἀλλότριον

223 1896 252 1945 15
272 1877 361 1949 ξύλον
383 1877 550 1961 ἐργάσιμον
572 1883 636 1953 τοῖς
658 1877 746 1951 ἰδίοις
768 1878 913 1963 οἰκήμασι
936 1879 1139 1967 σοζεοχδένί)
1161 1878 1284 1951 ἐξελεῖν
1305 1880 1385 1958 ἀναγ-

270 1981 380 2066 κασδῃ,
403 1981 472 2043 ἀλλ’
495 1980 543 2043 ἵνα
567 1982 620 2067 τήν
642 1980 822 2044 διπλασίονα
844 1979 939 2044 αὐτοῦ
961 1981 1125 2066 καταβάλῃ
1149 1983 1237 2066 τιμήν
1259 1981 1388 2062 κινουμέ·

272 2105 325 2169 νης
347 2085 474 2167 ἀγωγῆς
499 2081 748 2165 ρθτεοιιαίίοεθ),
779 2085 845 2168 ήτις
866 2083 985 2164 λέγεται
1016 2083 1055 2148 de
1083 2083 1203 2166 tigno⁹)
1232 2083 1387 2162 iunot0¹⁰).

263 2189 360 2271 χοίρα
382 2184 418 2247 δέ
442 2185 536 2270 ταύτῃ
560 2187 596 2271 τῇ
617 2185 725 2270 ἀγωγή
747 2185 784 2247 ού
804 2187 914 2267 μιίνον,
937 2186 1022 2270 ήνίκα
1046 2187 1137 2258 ξύλον
1164 2188 1219 2270 τῆς
1247 2186 1326 2271 ἐμής
1345 2184 1389 2246 δε·

270 2287 415 2363 σποτείας
437 2287 579 2372 ὑποβάλῃ
602 2309 647 2361 τις
674 2289 719 2372 τῲ
747 2285 814 2370 ἰδίῳ
845 2286 1084 2372 οἰκοδομήματι,
1112 2288 1187 2350 ἀλλά
1215 2288 1279 2371 γάρ
1302 2288 1348 2349 καί
1366 2287 1389 2347 εἰ

219 2412 253 2462 20
271 2392 358 2466 ἰίδος
379 2387 427 2452 καί
454 2391 482 2452 εἰ
506 2389 649 2475 βήσαίον
677 2391 726 2452 καί
754 2390 781 2451 εἰ
808 2391 880 2452 κίιον
911 2387 993 2476 ή,“)
1023 2393 1060 2473 τῇ
1087 2391 1147 2473 γὰρ
1177 2388 1231 2451 τοῦ
1260 2387 1390 2471 tignu¹')

272 2493 467 2577 προσηγορίᾳ
496 2492 600 2555 ἅπασα
629 2491 685 2578 ὕλη
715 2492 909 2578 σημαίνεται,
945 2492 988 2555 δι’
1018 2493 1055 2577 ής
1086 2492 1260 2572 οἰκοδομεῖν
1291 2493 1390 2554 οἷόντε.

270 2594 322 2657 διὰ
344 2597 434 2656 τοῦτο
457 2593 493 2656 δὲ
516 2592 611 2656 ταῦτα
635 2594 874 2679 νενομοιίέτηται
894 2597 940 2679 τῷ
956 2593 1182 2677 δωδεκαδέλτιρ
1198 2595 1298 2679 νόμῳ,
1322 2595 1392 2666 ὥςτε

269 2698 313 2781 μή
335 2697 481 2759 κινεῖσδαι
504 2695 537 2759 in
559 2717 626 2761 rem
655 2695 674 2781 ή
702 2696 745 2761 ad
772 2695 1001 2775 exhibendum,
1034 2700 1189 2782 προφάσει
1220 2700 1278 2760 τοῦ
1308 2697 1391 2769 ξύλον

271 2801 326 2862 τοῦ
348 2799 631 2874 σαναναπλακέντος
654 2803 700 2884 τῷ
720 2798 787 2885 ἐμῷ
809 2798 1038 2885 οἰκοδομήματι,
1061 2799 1166 2885 ἵναμή
1182 2797 1238 2862 τοῦ
1254 2795 1393 2861 δικαστού

219 2918 252 2970 25
269 2925 310 2986 με
333 2901 635 2984 καταδικάσαντοςίἰ)
659 2902 702 2975 εἰς
725 2902 800 2964 αύτίι
824 2905 857 2963 τὸ
881 2908 1007 2987 πρᾶγμα
1030 2901 1220 2984 ἀναγκασδιῖι
1245 2903 1300 2962 τὸν
1320 2900 1394 2961 οίκιιν

271 3005 447 3084 καταλύσαι,
471 3007 626 3091 προφάσει
648 3008 702 3067 τοῦ
726 3008 846 3090 ποιήσαι
870 3008 907 3090 τῇ
929 3005 1085 3088 ἀποφάσει
1107 3005 1142 3065 τὸ
1169 3004 1285 3065 ίκανύν.
1333 3002 1396 3064 πολ-

270 3108 354 3184 λάκις
375 3110 436 3192 γὰρ
445 3109 482 3189 ¹⁴)
506 3111 560 3193 τῆς
583 3106 621 3180 ἐξ
647 3107 742 3170 αὐτοῦ
766 3106 912 3190 προνοίας
944 3105 1077 3191 ήξίιοσεν
1110 3107 1128 3164 δ
1163 3103 1396 3177 δωδεκάδελτος
1463 3125 1464 3140 1

341 3363 362 3426 ¹)
389 3362 429 3414 ita
455 3361 505 3414 M:
532 3369 582 3415 oet·
610 3359 670 3414 add.
697 3361 724 3428 7).
911 3361 934 3425 3)
962 3362 1000 3414 ita
1028 3359 1065 3412 M.
1093 3358 1166 3412 L².:
1193 3365 1245 3412 cet.
1272 3355 1397 3408 “κοινοπ.’

270 3447 293 3508 1)
312 3444 421 3507 ἀξίωμα
438 3445 487 3499 ins.
506 3446 553 3498 [ι’.
571 3446 639 3514 (sic).
764 3448 787 3511 ⁴)
806 3444 923 3499 officium
943 3446 985 3499 Vi.
1004 3445 1036 3499 B„
1165 3446 1189 3512 1)
1206 3443 1256 3495 οὐκ
1275 3445 1335 3495 lm.
1354 3445 1398 3507 τῆς

270 3530 347 3582 δεσπ.
366 3531 408 3583 vi.
427 3530 459 3585 R.
553 3532 577 3600 ἰ)
595 3529 675 3600 ήγοον
694 3533 744 3600 τὴν
763 3531 967 3599 παραστατικὴν
987 3529 1026 3589 εἰς
1043 3529 1186 3600 ἀπαίτησιν
1206 3527 1271 3584 uid.
1293 3529 1337 3582 Vi.
1356 3525 1398 3581 R:

270 3614 299 3667 P.
319 3636 351 3661 =
362 3613 583 3687 ’παραστατικὴν
601 3620 660 3669 τῶν
678 3619 847 3685 πραγμάτων
865 3617 1000 3687 ἀγωγήν’.
1123 3617 1146 3683 ἰ)
1165 3616 1318 3682 ἀλλοτρίαν
1337 3612 1398 3680 ὅλην

271 3739 276 3750 .
297 3741 303 3753 .
323 3702 518 3770 σαξεοχθεῑσαν
537 3701 586 3755 Ιιθ.
696 3704 719 3767 1)
738 3704 904 3773 περσσνάλίς
926 3703 967 3759 αδ.
986 3710 1039 3757 ant
1061 3703 1093 3757 F.
1213 3702 1236 3769 ⁹)
1256 3701 1334 3768 ligno
1353 3698 1400 3752 [εἰ.

271 3787 306 3850 ¹⁰)
323 3784 443 3840 iniuncto
464 3784 504 3842 Vi„
524 3787 557 3840 R.
671 3790 705 3856 1¹)
722 3789 762 3842 ita
779 3789 828 3851 Μ,
846 3803 907 3843 cum
924 3804 977 3859 quo
997 3790 1053 3842 fere
1071 3787 1138 3843 facit
1155 3787 1219 3842 L².:
1240 3796 1297 3842 eet.
1316 3788 1361 3838 και·
1378 3786 1401 3837 εἰ
1462 3790 1463 3796 ’

270 3870 346 3922 λίύίον
365 3872 382 3940 η
399 3871 427 3935 β,
448 3872 465 3940 ἢ
483 3872 567 3927 κίονα,
714 3874 748 3941 ¹²)
767 3873 841 3939 ligna
859 3872 910 3929 11².
1037 3872 1248 3938 11)καταδικα’σ.
1267 3890 1315 3935 με.
1334 3886 1401 3925 omn.

270 3962 380 4023 praeter
398 3955 435 4008 M.
545 3959 580 4024 11)
598 3957 643 4009 καί
660 3958 758 4026 πολλῆς
776 3959 818 4012 Vi.
838 3959 886 4012 R:
904 3958 952 4012 11².
970 3958 1020 4011 L⁶.
1039 3958 1079 4013 Μ.
1096 3957 1126 4011 Ρ.
1143 3957 1223 4012 Taur.
1243 3957 1278 4010 F.
1294 3956 1401 4008 ‘noua'-

271 4058 311 4101 κις
326 4041 404 4111 γὰρ’.
427 4042 467 4095 cf.
486 4058 557 4112 quae
574 4044 716 4098 nonuimus
734 4043 845 4099 Reudie.
865 4043 933 4097 lstit.
954 4043 1046 4099 Lomb.
1064 4043 1129 4098 XVI
1147 4045 1216 4098 5711.
