3092 4702
589 341 798 406 ..51-

136 548 218 598 mum
241 529 406 614 adrogatio
428 530 512 612 apud
534 527 706 612 principem
726 525 780 607 fit,
807 526 935 610 adoptio
957 533 1063 594 autam
1086 525 1170 608 apud
1192 543 1257 592 ma·

136 649 298 734 gisum
344 651 480 716 secunda
503 649 678 716 differentia
700 649 732 713 iu
755 666 792 714 so
814 649 967 728 coaddit,
989 647 1072 730 quad
1092 644 1256 730 adrogatio

136 769 168 835 in
188 768 433 852 patrefamilias,
460 769 587 851 adoptio
616 787 693 836 uero
720 769 752 834 in
778 767 987 834 filiisfamssias
1014 767 1115 834 lucum
1150 765 1256 833 habat.

137 893 184 953 est
205 895 312 954 autam
336 887 431 954 tertia
453 887 637 954 differentia.
681 888 823 971 impubes
845 883 1072 970 paterfamilias
1094 885 1167 952 olim
1190 885 1258 966 qui·

136 1007 206 1073 dem
228 1005 375 1090 adoptari
397 1025 457 1072 uun
481 1013 619 1089 poterat,
647 1007 678 1072 id
705 1016 812 1072 autam
841 1005 965 1072 demum
986 1002 1053 1072 fieri
1076 1021 1256 1071 concessam
1291 1009 1309 1060 δ

137 1133 187 1194 cst
209 1145 280 1192 cum
302 1128 438 1207 quadam
460 1125 673 1192 obsenmatia.
711 1145 781 1192 cum
804 1125 902 1208 igitur
923 1144 978 1208 per
999 1123 1171 1207 principale
1193 1142 1259 1190 res·

137 1246 273 1330 criptum
294 1245 437 1328 impubes
459 1246 682 1328 paterfamilias
703 1246 889 1326 adoptetur,
918 1244 1027 1326 quaeri
1048 1249 1187 1326 aportat,
1217 1261 1258 1309 aa

137 1366 271 1432 honesta
294 1366 447 1447 quaedam
470 1383 567 1432 causa
588 1365 787 1447 adoptionem
814 1365 1027 1438 constituerit,
1054 1383 1094 1430 aa
1115 1363 1197 1430 farta
1218 1363 1258 1428 ab

136 1489 262 1565 turpem
284 1499 422 1549 amorem
444 1482 571 1550 iuturus
592 1491 684 1567 pater
705 1483 874 1566 adoptiuus
895 1483 963 1549 fieri
984 1481 1183 1566 adoptionem
1206 1500 1259 1548 uc·

136 1601 191 1678 lit,
212 1608 310 1683 atque
336 1607 443 1667 utrum
472 1603 618 1685 expediat
645 1603 763 1687 pupillo
791 1621 898 1669 necue.
948 1602 1028 1670 forte
1057 1606 1138 1668 enim
1167 1603 1258 1684 inops
1279 1612 1311 1663 10

135 1729 185 1789 ast
213 1723 401 1804 adrogatur,
428 1721 498 1805 ipse
524 1727 629 1789 autem
656 1721 813 1806 locuples3
844 1723 897 1788 uel
931 1721 1026 1789 etiam
1057 1728 1259 1805 sumptuosus

136 1841 351 1924 (adrogatur):
374 1843 406 1908 id
433 1843 461 1908 si
490 1843 622 1926 liqueat,
651 1843 815 1926 adrogatio
844 1861 904 1910 noa
934 1843 1091 1924 procedet
1135 1847 1260 1928 oportet

135 1967 242 2028 autem
265 1967 429 2043 praetcrea
450 1981 563 2028 cauere
584 1963 803 2046 adrogatoram
830 1960 973 2043 publicae
1004 1979 1171 2043 personae,
1201 1961 1259 2029 hcc

137 2087 185 2146 est
204 2081 379 2160 tabulario,
402 2083 429 2146 si
450 2082 533 2147 intra
555 2081 752 2164 pubertatem
775 2082 947 2165 adrogatus
969 2081 1148 2160 decesserit,
1170 2083 1260 2148 resti·

139 2205 282 2266 futurum
305 2217 340 2265 se
362 2200 443 2267 bona
465 2201 540 2280 illis,
570 2203 624 2284 qui
654 2202 692 2267 ad
717 2202 785 2267 eius
806 2199 1035 2268 successionem
1058 2206 1163 2266 essent
1185 2217 1259 2268 uea·
1279 2215 1312 2267 lc

139 2320 215 2399 turi,
248 2317 310 2384 nisi
337 2337 372 2386 se
400 2317 616 2402 adrogaadum
644 2320 776 2388 dederit.
828 2337 929 2401 neque
958 2317 1036 2386 alias
1065 2313 1261 2402 emancipare

142 2437 291 2505 eiusmodi
320 2437 472 2521 pupillum
500 2441 671 2522 adrogatur
698 2448 818 2522 potest,
848 2460 941 2525 quam
972 2442 1056 2506 iusta
1084 2457 1179 2504 causa
1208 2437 1261 2504 ad·

142 2559 281 2639 probata.
332 2561 407 2640 quid
435 2560 516 2625 euim
545 2561 572 2624 si
594 2561 676 2642 patri
698 2577 756 2626 sua
777 2559 927 2643 adoptiuo
949 2558 1079 2626 insidias
1105 2557 1146 2624 sit
1175 2555 1262 2624 moli-

143 2682 202 2754 tas,
223 2684 280 2744 aut
302 2677 387 2744 aliud
410 2679 486 2760 quid
508 2680 625 2760 egerit,
646 2678 730 2759 quod
759 2697 831 2746 aum
853 2677 982 2760 mgnum
1003 2677 1185 2756 astauderit,
1208 2675 1261 2760 qui

143 2814 161 2859 c
196 2797 292 2877 patria
320 2797 459 2879 adoptiui
496 2795 613 2864 familia
643 2795 800 2864 eiciatur?
828 2796 874 2865 sic
910 2801 1014 2864 tamen
1051 2803 1088 2861 ut
1123 2795 1205 2861 bana
1232 2795 1261 2861 ei
1279 2801 1314 2852 2⁰

142 2915 322 2994 reddantur,
344 2933 426 2996 quae
447 2915 596 2998 adoptiuu
618 2917 700 2999 patri
727 2916 795 2998 ipsc
821 2915 1001 3000 quaesierit.
1051 2915 1079 2982 si
1107 2932 1183 2980 uero
1210 2914 1263 2978 da-

143 3035 255 3101 cedeas
287 3036 456 3119 adoptiuus
489 3043 579 3119 pater
612 3053 683 3102 eum
717 3035 957 3102 exheredauarit
994 3035 1045 3102 uel
1073 3035 1166 3100 uiuus
1196 3033 1263 3098 aiae

144 3155 231 3218 iusta
249 3171 343 3220 causa
364 3155 619 3236 emancipaaerit,
642 3155 770 3221 iubetur
791 3159 936 3236 quartam
962 3159 1085 3237 partem
1110 3152 1263 3218 banorum

145 3291 274 3340 sucrum
295 3275 324 3340 ai
346 3273 532 3355 relinquere,
555 3275 704 3342 uidelicet
725 3283 851 3356 praeter
873 3276 955 3341 bona
976 3291 1057 3357 quaa
1079 3273 1120 3338 ad
1142 3277 1263 3354 patrem

145 3391 324 3478 adoptiuum
347 3399 421 3458 suut
442 3391 597 3459 transuta
619 3401 651 3460 ct
672 3409 804 3476 quorum
825 3391 1019 3460 commodum
1036 3391 1065 3458 ei
1080 3396 1153 3474 post
1166 3390 1264 3473 adop
1280 3411 1315 3462 aa
