3092 4702
552 315 764 380 ...45-

133 503 201 569 solet.
239 520 305 568 cum
328 502 426 583 igitur
447 503 575 585 nuptiae
597 522 658 569 non
681 503 745 569 sint
759 503 945 586 prohibitae
967 504 1139 586 exemplum
1160 523 1222 570 ma·

133 628 242 688 tertam
262 623 432 704 adoptiuae
455 641 516 687 non
538 621 656 688 addidi.
683 629 716 688 et
737 626 892 706 quomodo
913 624 950 689 fit
972 633 1008 690 ut
1028 625 1133 707 aliqua
1148 625 1223 689 mihi

130 761 173 824 per
190 741 377 822 adoptionem
400 747 572 807 matertera
594 761 663 807 esse
685 741 836 823 incipiat?
859 749 895 807 ut
925 762 1009 809 ecce:
1033 761 1112 808 auus
1135 761 1223 808 meus

129 867 278 940 natamus,
301 861 355 943 qui
376 859 471 925 filium
494 860 632 926 habebat
653 869 783 926 matrem
815 880 931 941 meam,
961 861 1098 944 pueliam
1126 882 1223 946 quan·

128 979 185 1042 dum
203 980 407 1062 adoptandam
429 981 578 1060 suscepit,
603 999 697 1062 quam
721 989 822 1047 mater
852 999 940 1047 meus
967 999 1106 1048 sororem
1128 984 1223 1064 adop
1256 991 1273 1041 5

98 1099 206 1163 utinam
226 1100 374 1176 uocabat,
404 1119 462 1182 ego
484 1107 591 1166 autem
620 1101 801 1182 adoptiuam
831 1110 1041 1167 materteram.
1087 1103 1116 1166 6.
1149 1102 1225 1168 Pro·

126 1219 261 1296 posuimus
284 1221 316 1282 in
340 1220 551 1298 superioribus
581 1237 663 1300 quae
693 1220 820 1303 nuptiae
850 1227 978 1302 propter
1008 1221 1224 1302 cognationem

125 1337 319 1418 impediantur.
365 1347 438 1403 sunt
460 1359 535 1404 uero
558 1338 648 1416 aliae,
676 1358 757 1420 quae
783 1358 844 1404 non
873 1346 1003 1422 propter
1031 1340 1224 1422 cognationis

125 1454 276 1536 monum,
305 1466 355 1522 set
384 1465 513 1540 propter
541 1457 734 1524 adfinitatem
764 1477 824 1523 non
852 1460 1031 1539 procedant.
1079 1457 1225 1524 adfinitas

124 1581 163 1638 est
180 1583 278 1641 antem
301 1577 498 1642 necessitudo
513 1595 727 1660 personarum,
749 1595 830 1658 quae
853 1578 942 1644 nobis
964 1597 1021 1660 per
1036 1578 1162 1659 nuptias
1184 1577 1226 1644 ci·
1246 1595 1277 1647 10

123 1699 163 1758 tra
187 1696 399 1777 cognationem
429 1696 610 1778 iunguntur.
663 1705 698 1762 nt
725 1716 796 1764 ecce
819 1697 994 1780 priuignam
1028 1705 1084 1762 aut
1113 1715 1225 1761 nurum

124 1831 230 1879 uxorem
251 1817 369 1881 ducere
390 1834 452 1880 non
475 1835 612 1898 possum,
635 1817 709 1899 quia
730 1815 864 1881 filiarum
891 1817 959 1882 loco
989 1823 1071 1882 sunt.
1117 1824 1149 1881 et
1170 1836 1226 1881 nu·

123 1935 310 2014 nequidem
332 1944 380 2000 est
402 1935 568 2016 montilii,
590 1938 735 2018 priuigno
756 1947 872 2016 autem,
895 1956 988 2020 quam
1012 1957 1050 2003 ex
1065 1937 1135 2002 aliis
1150 1955 1225 2018 nup·

122 2049 164 2116 tiis
183 2073 255 2119 uxor
278 2073 350 2121 mea
372 2056 503 2138 peperit.
547 2059 679 2123 uerbum
702 2063 808 2128 autem
834 2057 1029 2137 ›quondam‹
1049 2057 1226 2122 addendum

123 2176 172 2250 est,
192 2183 225 2238 nt
246 2176 387 2241 dicutur:
410 2195 531 2259 nequeo
554 2195 683 2242 uxorem
707 2177 822 2242 ducere
843 2195 925 2259 quae
947 2176 1022 2240 mihi
1044 2176 1227 2256 quondam
1247 2197 1278 2248 15

121 2310 202 2358 nurus
222 2302 279 2360 aut
303 2297 496 2378 quondam
519 2296 665 2379 priuigne
687 2295 791 2362 fuerit.
830 2297 919 2362 ouius
942 2295 1031 2361 uerbi
1053 2295 1227 2361 adiectione

121 2409 317 2490 significamus
346 2415 408 2477 iam
436 2433 490 2480 eas
516 2433 665 2496 personas
695 2421 907 2492 uouentem,
941 2433 1022 2497 quae
1055 2389 1245 2480 adfinitatis¹

121 2537 246 2597 accures
269 2533 398 2598 fuerint.
443 2539 571 2615 propter
594 2535 675 2598 enim
697 2532 870 2598 adfinitatis
899 2541 1076 2616 respectum
1100 2535 1226 2615 nuptias

120 2652 317 2730 prohibemus.
373 2653 401 2718 si
435 2656 517 2721 enim
551 2656 658 2721 dixero
692 2655 892 2737 quondam
925 2671 1065 2718 nurum
1092 2671 1226 2732 meam,

118 2772 184 2837 setis
205 2776 338 2841 ostendo
361 2793 464 2842 meum
486 2776 611 2856 quidem
634 2775 732 2841 filium
756 2775 943 2851 decessisse,
973 2775 1040 2841 eius
1064 2793 1140 2840 uero
1162 2791 1227 2838 ma·
1244 2795 1278 2846 oo

119 2889 209 2956 ritum.
253 2896 332 2960 item
354 2895 381 2959 si
403 2895 510 2960 dixero
533 2893 726 2977 quondam
749 2894 846 2958 mihi
869 2893 1112 2976 priuignam,
1134 2893 1229 2974 signi·

116 3005 309 3080 ficomatrem
321 3013 447 3095 quidem
458 3013 537 3092 eius,
553 3032 654 3080 meam
666 3033 742 3080 uero
754 3031 884 3079 uxorem
895 3019 1050 3078 mortuam
1062 3031 1139 3078 esse.
1156 3032 1229 3078 nam

117 3127 139 3190 si
162 3130 262 3196 adhuc
292 3131 394 3197 altera
422 3149 535 3209 nurus,
564 3131 664 3198 altere
693 3133 840 3215 priuigno
865 3131 920 3210 sit,
950 3132 1068 3198 maiore
1094 3132 1229 3213 quadem

117 3251 226 3318 ratione
248 3252 419 3334 prohibeor
438 3271 507 3317 eam
522 3257 635 3320 ducere
651 3273 788 3331 uxorem,
812 3272 882 3319 cnm
904 3258 960 3318 aut
982 3252 1033 3317 nir
1052 3251 1131 3317 dum
1151 3251 1231 3317 foret

118 3384 217 3435 uxores
240 3373 408 3438 habiturus
429 3380 487 3440 aut
507 3373 622 3440 mulier
644 3374 722 3440 duos
743 3376 839 3439 uiros.
863 3373 977 3439 namsi
993 3392 1107 3438 nurum
1130 3390 1229 3437 meam
1247 3382 1280 3433 as

118 3503 233 3554 morem
256 3492 386 3571 duxero,
408 3492 462 3558 fiet
483 3501 520 3558 ut
541 3492 595 3558 ilia
617 3493 694 3558 duos
717 3493 831 3559 habeat
854 3491 1001 3572 meritos,
1032 3511 1134 3558 meum
1172 3492 1228 3558 sci-

117 3605 178 3673 licet
198 3609 299 3677 filium
322 3621 355 3678 et
377 3633 442 3696 me3
463 3614 512 3678 sin
535 3621 640 3680 autem
662 3613 851 3696 priuignam,
873 3611 928 3678 fiet
950 3620 987 3678 ut
1008 3631 1066 3694 ego
1081 3613 1160 3677 duas
1176 3612 1230 3676 hu-

119 3724 195 3794 beam
218 3751 345 3810 uxores,
369 3751 437 3798 eam
453 3731 574 3798 scilicet
587 3749 682 3813 quam
702 3732 789 3814 prius
806 3733 961 3798 habebam
978 3730 1108 3814 eiusque
1123 3731 1228 3809 filiam,

118 3861 188 3924 quae
208 3852 288 3916 mihi
310 3853 456 3934 priuigno
478 3857 536 3918 eat.
571 3851 714 3932 capitalis
737 3859 841 3918 autem
864 3870 966 3934 poena
988 3859 1037 3916 est
1059 3849 1230 3917 constituta
