2960 4704
546 341 758 406 ...24-

110 535 191 600 uilam
211 533 337 616 quidem
357 531 563 614 reliquerunt,
583 527 791 612 appellatione
812 547 888 594 uero
911 533 1032 594 tantum
1047 527 1218 612 ignominia

110 652 282 729 adiecemnt,
298 649 461 716 dediticios
477 667 531 716 eos
546 658 705 727 uocantes,
720 647 796 729 qnia
810 647 888 714 uicti
902 667 972 714 sese
984 647 1214 733 dediderunt1).

109 771 244 838 eiusmodi
256 779 362 837 autem
374 771 479 838 liberti
500 771 569 853 lege
582 772 672 837 Aelia
687 769 796 837 Sentio
810 767 948 836 dediticii
963 777 1037 836 sunt
1050 769 1214 852 appellati:

106 891 254 958 cumcuim
266 889 409 956 esscteis
421 889 584 972 turpitudo
597 891 777 968 eommunis,
793 887 964 956 communis
975 904 1100 970 quoque
1112 889 1214 972 appel-

105 1009 169 1074 latio
189 1009 256 1074 luit.
302 1016 351 1074 set
372 1008 511 1074 dediticii
536 1007 661 1091 quidem
691 1028 728 1075 ex
755 1008 861 1073 multis
883 1009 944 1072 iam
968 1009 1160 1090 temporibus
1181 1011 1213 1073 in
1248 1009 1266 1061 ⁶

104 1128 328 1195 desuetudinem
350 1129 509 1195 abierunt:
533 1131 700 1195 latinorum
723 1149 799 1195 uero
822 1148 934 1196 nomen
953 1147 1014 1196 non
1036 1128 1215 1210 sequente-

104 1251 192 1316 batur.
235 1252 321 1316 unde
342 1255 375 1315 et
396 1250 539 1333 princeps
571 1255 679 1316 noster
706 1251 810 1316 omnia
836 1268 953 1333 augere
980 1255 1075 1332 atque
1097 1251 1128 1314 in
1151 1269 1215 1315 me·

101 1369 198 1435 liorem
229 1375 349 1434 statum
385 1368 537 1434 reducere
570 1369 752 1435 desiderans
783 1371 906 1436 duabus
937 1369 1213 1435 constitutionibus

100 1495 230 1553 uetemm
253 1507 377 1554 errores
401 1489 546 1565 correxit,
570 1488 788 1554 dediticiorum
813 1487 1044 1569 latinorumque
1058 1489 1211 1556 condicio-

99 1624 160 1671 nem
181 1605 305 1684 tollens,
328 1613 423 1688 atque
445 1608 477 1672 in
499 1607 663 1688 pristinam
686 1607 819 1673 formam
846 1607 1063 1674 libertinorum
1091 1610 1141 1675 ins
1163 1627 1212 1675 rc·
1230 1614 1264 1666 10

99 1744 220 1800 oceane,
247 1745 404 1809 unamque
431 1725 648 1793 libertinitatis
678 1729 813 1809 speciem
836 1730 1039 1794 constituens.
1084 1737 1212 1796 namet

96 1844 237 1942 oprimis
260 1845 459 1911 incunabulis
485 1863 616 1912 romana
644 1846 822 1926 respublica
853 1847 1026 1928 simplicem
1052 1847 1209 1930 quandam
1269 1857 1273 1866 '

97 1963 303 2031 libertinorum
317 1965 528 2032 condicionem
543 1972 684 2044 nouerat,
706 1975 742 2032 nt
756 1985 867 2050 nempe
890 1967 999 2033 eadem
1020 1973 1211 2049 competeret

95 2082 223 2162 libertus,
246 2101 342 2165 quam
364 2084 572 2151 manumissor
594 2085 733 2164 baberet,
754 2091 851 2169 atque
872 2061 1006 2167 uterque
1027 2088 1105 2153 ciuis
1127 2097 1211 2155 esset

96 2220 242 2282 romanus,
266 2203 299 2270 in
322 2204 381 2270 hoc
402 2209 525 2270 tanturn
548 2203 737 2283 differentes,
759 2206 844 2288 quod
864 2207 1073 2272 manumissus
1093 2206 1208 2274 liberti-
1229 2201 1261 2253 ¹⁶

61 2331 146 2386 enus
165 2321 273 2403 debat,
296 2324 369 2390 licet
388 2325 596 2390 manumissor
619 2333 702 2390 esset
729 2326 896 2407 ingenuus.
928 2329 958 2391 4.
981 2325 1025 2393 Et
1046 2326 1210 2394 dediticios

93 2440 210 2524 quidem
234 2442 420 2510 constitutio
441 2444 643 2510 sacratissimi
659 2447 807 2529 principis
829 2446 968 2525 sustulit,
990 2465 1084 2530 quam
1100 2447 1211 2514 Tribu-

93 2561 175 2628 niauc
197 2563 270 2630 uiro
292 2565 414 2629 excelso
444 2569 612 2644 quaestore
641 2571 830 2647 suggerente
858 2567 1037 2648 rescripsit,
1067 2572 1100 2634 et
1127 2569 1209 2634 inter

91 2697 158 2746 snas
179 2683 354 2748 decisiones
376 2682 598 2764 promulgabit,
626 2689 770 2750 ueterum
800 2685 949 2750 dirimens
978 2685 1209 2752 altercationes.

88 2798 196 2869 bunos
218 2807 327 2868 autem
348 2802 491 2868 iunianos
514 2809 547 2868 et
575 2821 698 2870 omnem
728 2822 810 2886 qnae
837 2805 921 2871 circa
948 2823 1002 2871 eos
1032 2803 1136 2872 iuerat
1157 2807 1212 2871 ob·
1228 2805 1263 2858 2⁰

88 2925 293 3002 sementiam,
323 2923 431 2989 eodem
461 2930 652 3006 suggerente
680 2923 906 3006 gloriosissimo
933 2932 1113 3009 quaestore,
1147 2926 1211 2993 alia

87 3043 309 3108 constitutione
330 3044 511 3125 abrogauit,
533 3061 628 3126 quam
650 3044 733 3110 iuter
753 3043 942 3126 principales
971 3045 1210 3112 constitutiones

86 3161 264 3228 radiantem
292 3162 399 3229 uidere
428 3167 493 3242 est,
522 3173 558 3229 ut
583 3183 694 3248 nempe
724 3181 832 3230 omnes
854 3165 959 3230 liberti
989 3165 1076 3231 ciues
1105 3171 1211 3231 essent

86 3281 215 3359 romani,
232 3280 321 3346 nullo
335 3281 511 3348 discrimine
528 3300 630 3366 neque
644 3283 758 3350 aetatis
774 3281 966 3361 manumissi,
990 3302 1090 3366 neque
1113 3284 1209 3349 domi-

85 3399 124 3464 nii
156 3399 418 3479 manumissoris,
461 3419 563 3484 neque
601 3403 633 3467 in
667 3403 919 3469 manumissionis
956 3403 1048 3469 modo
1086 3401 1209 3488 habito,
1227 3415 1261 3468 ao

148 3638 172 3705 1)
190 3638 248 3692 ita:
269 3651 321 3692 non
340 3637 511 3707 »deden-unte,
531 3639 626 3708 scripsi
644 3655 677 3694 ex
695 3639 763 3696 Gaio
783 3644 804 3709 1,
824 3644 864 3698 14.

132 4243 235 4295 dumph.
251 4243 364 4287 mucan
376 4257 418 4286 ree.
433 4243 523 4286 Fertini.
