2926 4708
539 371 772 436 -186-

102 551 175 626 duis
199 557 249 624 bis
275 557 383 626 uerbis
411 557 509 625 iras:
539 558 573 624 si
602 555 844 656 Parthenius
870 560 988 627 beros
1017 543 1090 628 nou
1119 541 1213 640 erit,

103 677 275 746 iiseuius
295 653 414 746 berss
436 684 531 758 esto.
575 685 610 745 st
629 679 696 745 latu
717 684 767 746 est
788 687 863 747 tuno
885 681 1069 748 constitutio
1091 699 1129 752 ex
1151 699 1215 764 que

102 795 249 862 dimidium
271 796 480 864 hereditatem
502 795 692 865 Parthenius
714 797 849 883 principi
869 805 1050 886 quaereret,
1079 801 1110 867 iu
1137 799 1215 868 ulte-

102 934 158 982 um
179 935 255 984 uero
277 917 436 986 dimidium
459 915 611 997 Maeuius,
634 924 745 1003 utpote
766 919 966 998 substitutus,
990 929 1165 988 uoosretur.
1227 965 1233 972 -

303 1529 351 1594 Ds
371 1527 521 1613 pupillari
542 1529 775 1598 substitutione
809 1529 934 1599 'Iitulus
958 1531 1009 1596 16.

174 1715 244 1782 Non
267 1716 368 1782 solum
390 1715 547 1786 extraneis
569 1715 737 1782 herodibus
758 1715 952 1785 substituere
966 1735 1143 1802 possumus,
1165 1726 1215 1788 sst
1248 1737 1266 1790 s

102 1832 196 1900 liberis
217 1853 343 1918 quoque
364 1837 482 1902 uostris
510 1835 571 1902 boo
592 1833 700 1902 modo:
728 1835 841 1903 iilius
869 1855 971 1904 meus
999 1835 1069 1906 ille
1096 1838 1213 1906 bores

101 1962 190 2036 θεῖος
210 1957 245 2022 si
267 1974 345 2022 nou
368 1955 455 2035 erit,
478 1953 549 2023 ille
570 1956 665 2022 mibi
687 1956 804 2022 bures
826 1960 921 2036 esto,
944 1957 1213 2039 utiturquehoeo

100 2073 229 2157 uulgaris
262 2074 462 2142 substitutio:
497 2075 643 2142 omnibus
674 2074 758 2142 enim
790 2075 937 2142 conuenit
968 2081 1033 2142 tum
1065 2081 1214 2144 extrsuso

97 2209 182 2274 quum
203 2192 277 2260 filio.
311 2193 415 2260 setin
438 2201 586 2261 sxtrsueo
608 2193 734 2278 quidem
756 2194 863 2260 multis
884 2195 1008 2262 ossibus
1030 2195 1213 2262 substitutio

98 2311 190 2378 locum
211 2311 330 2380 babere
351 2315 466 2396 potest,
488 2311 587 2380 ueluti
609 2313 635 2379 si
657 2313 822 2380 institutus
848 2320 922 2381 snte
943 2319 1126 2380 teststorem
1149 2331 1213 2382 mo·
1234 2338 1265 2392 ιο

97 2429 190 2497 riutur
210 2429 263 2498 uel
284 2431 494 2501 hereditatem
516 2433 670 2515 repudiet,
692 2433 759 2512 uei,
781 2433 841 2500 sub
863 2433 1044 2500 condicione
1065 2450 1102 2499 eo
1124 2433 1214 2501 iusti·

97 2553 174 2630 tuto,
202 2549 344 2618 condicio
371 2549 505 2618 deficiat
551 2552 585 2616 iu
611 2549 674 2617 iilio
704 2557 809 2618 sutem
837 2571 900 2618 uuo
932 2553 1149 2620 tsutummodo
1180 2553 1212 2620 iu

96 2687 164 2736 orsu
185 2669 407 2738 substitutioni
428 2670 516 2738 loeus
541 2669 595 2750 fit,
624 2670 706 2738 idest
734 2672 762 2736 si
788 2671 942 2738 moriatur
970 2669 1055 2738 iilius
1081 2670 1213 2740 ismiiirs

96 2796 163 2854 rute
182 2794 306 2872 petrem
328 2806 434 2869 suum,
464 2789 518 2873 qui
547 2795 770 2856 testamentum
795 2789 914 2858 iecerit.
966 2809 1038 2856 uem
1065 2791 1094 2857 si
1122 2797 1213 2875 peter

97 2915 164 2973 sris
183 2905 280 2974 filium
302 2909 472 2990 morietur,
498 2927 561 2975 uon
582 2907 619 2974 iit
640 2907 728 2976 iocus
749 2907 981 2991 substitutioni,
1003 2910 1108 2978 existit
1130 2911 1213 2979 euim
1233 2924 1265 2977 lu

98 3022 173 3091 illico
203 3027 286 3110 petri
319 3027 412 3094 ireres
442 3045 546 3112 usque
577 3045 612 3096 ss
644 3025 832 3095 abstinendo
863 3047 975 3096 nomeu
1009 3029 1143 3110 heredis,
1159 3029 1210 3098 ds·

98 3145 191 3223 pouit3
212 3146 408 3228 inoorporule
429 3145 512 3214 euim
533 3147 658 3217 heredis
679 3167 793 3214 nomeu
816 3165 886 3216 oum
910 3151 1005 3216 semel
1027 3149 1120 3216 elicui
1140 3148 1212 3216 bse-

97 3266 159 3327 root
172 3283 232 3330 nou
247 3263 340 3332 isoiie
354 3265 386 3331 iu
403 3265 499 3331 ulium
515 3267 638 3333 trsusit
660 3265 719 3332 Est
733 3275 839 3335 sutem
854 3265 916 3334 slis
930 3267 1114 3335 substitutio
1130 3285 1212 3352 quse

97 3379 125 3444 iu
139 3381 243 3450 liberis
256 3386 375 3451 uostris
387 3384 537 3468 procedit,
553 3405 656 3470 usque
671 3387 703 3453 iu
714 3387 821 3454 liberis
836 3393 958 3454 tuntum
969 3391 1018 3454 set
1028 3387 1059 3452 in
1072 3385 1122 3452 bis
1133 3404 1212 3470 quos
