3092 4702
742 349 954 414 ...37-

290 529 455 620 αίρέσει,
479 534 527 599 ίνα
547 535 591 622 μή
614 533 631 599 ὁ
654 533 808 622 δεσπότης
829 535 1011 616 ἀγανακτῶν
1034 531 1149 597 έσθότε
1169 530 1246 594 κατὰ
1260 531 1314 593 τοῦ
1334 527 1398 594 οἰεέ·

288 661 355 716 του,
379 636 515 722 αίρέσεις
536 637 570 702 ἐν
593 639 629 724 τή
650 639 762 722 πράσει
782 637 918 720 βαρείας
936 637 1096 724 έγμράφη,
1125 632 1338 720 συμφωνήσας
1356 653 1398 696 τυ-

289 743 354 830 χὸν,
378 733 456 818 ῶςτε
478 741 574 804 αὐτὸν
595 740 671 806 εἰναι
693 741 727 806 ἐν
749 741 889 827 δεσμοῖς,
917 740 936 829 ή
959 741 1007 805 ἐπὶ
1035 743 1083 827 τῷ
1109 737 1268 826 μηδέποτε
1290 732 1400 800 ἐλευθε-

287 845 451 931 ρωθήναι,
475 843 495 931 ή
525 845 574 907 ἐπὶ
595 845 642 930 τῷ
662 845 753 907 οἰκεῖν
783 843 875 908 αὐτὸν
905 843 938 906 έν
963 843 1059 932 χώρᾳ
1087 841 1288 928 βαρυτάτους
1315 837 1400 924 ἀέρας

248 961 274 1040 ο
292 943 408 1036 έχοῦση
434 952 498 1022 τοῖς
520 945 644 1032 ἀήθεσι,
667 948 715 1011 καί
737 945 860 1034 γένηται
883 943 1043 1032 παρρησία
1066 949 1111 1032 τῷ
1139 943 1275 1029 δεσπότη
1306 937 1399 1023 πιπρά-

292 1075 394 1116 σκοντι
415 1050 466 1114 διὰ
489 1053 550 1113 τῶν
574 1049 696 1113 πάκτων
718 1046 924 1133 τιμωρεῖσθαι
952 1051 1002 1112 καί
1030 1048 1110 1134 μετὰ
1138 1047 1194 1133 τήν
1220 1045 1333 1127 πράσιν
1359 1043 1402 1103 τὸν

291 1153 419 1240 οἰκέτην.
472 1151 581 1234 ὀρθῶς
608 1149 645 1216 δέ
673 1152 792 1216 κάκεῖνο
821 1153 839 1214 ὁ
872 1151 1019 1234 βασιλεὺς
1054 1149 1241 1236 προσέθεικε
1275 1148 1310 1210 τὸ
1335 1144 1402 1227 καίῑ)

291 1254 450 1344 πραθῆναι
478 1255 531 1317 τὸν
561 1253 680 1340 οἰκέτην
706 1255 756 1318 καὶ
785 1256 819 1318 τὸ
849 1254 964 1341 τίμημα
991 1252 1124 1341 δοθήναι
1153 1247 1199 1339 τῷ
1227 1244 1403 1334 δεσπότηί),

291 1357 338 1422 ίνα
360 1359 377 1418 ό
398 1358 456 1440 μὲν
478 1355 599 1444 οἰκέτης
624 1355 674 1420 διὰ
698 1361 754 1444 τῆς
781 1358 931 1442 πράσεως
952 1356 1089 1444 διαφῦτη
1114 1356 1221 1440 πικρὸν
1249 1349 1404 1436 δεσπότην,

241 1461 309 1523 1οό
331 1460 368 1524 δέ
390 1459 545 1546 δεσπότης
561 1459 606 1545 μή
630 1459 773 1547 ζημιωθῇ
797 1462 848 1524 τὸν
870 1459 989 1546 οἰκέτην
1012 1459 1064 1524 διὰ
1085 1464 1141 1546 τῆς
1164 1461 1216 1520 τοῦ
1249 1456 1406 1542 τιμήματος

291 1563 428 1652 λήψεως.
471 1561 520 1624 καῖ
543 1561 588 1648 μή
618 1559 828 1644 ἀγανακτείτω
857 1564 875 1625 ό
904 1561 1060 1650 δεσπότης
1086 1561 1130 1648 μή
1158 1558 1407 1647 συηχωροῦμενθς

292 1671 353 1730 τῶν
377 1664 461 1728 ἰδίων
484 1662 591 1752 ἄρχειν
613 1662 760 1728 οἰκετῶν·
791 1665 809 1728 ό
838 1664 899 1750 γὰρ
926 1664 1075 1748 βασιλεὺς
1104 1665 1153 1728 καί
1183 1662 1316 1736 ἄκοντας
1344 1659 1409 1736 τοὺς

292 1769 448 1854 ὑπηκόους
477 1769 643 1853 εὐεργετεῖ,
688 1767 769 1842 εἰκὸς
798 1767 858 1851 γάρ
885 1767 923 1856 ήν
951 1765 1070 1844 οἰκέτας
1098 1768 1299 1851 ἀποροῦντας
1327 1783 1409 1826 κατα-

293 1875 397 1957 φυγής
419 1869 551 1947 ἑαυτοὺς
573 1868 691 1934 ἀνελεῖν
713 1869 732 1956 ἢ
756 1871 804 1933 καί
825 1873 911 1957 φυγή
932 1869 1151 1958 χρησαμένους
1178 1869 1230 1932 τῦν
1261 1864 1409 1951 δεσπότην

244 1987 275 2040 15
295 1977 445 2062 ζημιῶσαι
473 1975 528 2060 τὴν
557 1973 670 2038 οἰκείαν
698 1975 801 2060 τιμήν·
835 1965 915 2048 ῶςτε
943 1972 998 2038 οῦν
1028 1973 1219 2060 ἀμφοτέρων
1249 1971 1409 2054 ἐποιήσατο

293 2077 450 2164 πρόνοιαν,
474 2077 522 2139 καί
541 2081 607 2140 τῶν
630 2075 793 2140 δεσποτῶν
821 2079 871 2140 καί
897 2081 958 2141 τῶν
989 2077 1125 2143 οἰκετῶν.
1177 2073 1336 2148 λυσιτελὲς
1356 2069 1410 2152 τάν

293 2179 390 2263 ἐστι’)
419 2181 457 2265 τῇ
479 2179 614 2266 πολιτείᾳ
634 2179 670 2241 τό
690 2178 811 2266 μηδένα
834 2183 936 2257 κακῶς
958 2185 994 2266 τῇ
1019 2179 1116 2265 οἰκείᾳ
1138 2175 1314 2266 κεχρῆσθαι
1336 2195 1411 2255 περι·

294 2282 393 2370 ουσία.
417 2282 483 2345 ἐστὶ
504 2282 541 2346 δέ
561 2282 601 2345 τὰ
617 2287 672 2370 τής
687 2282 861 2359 διατάξεως
871 2284 1000 2370 ῥήματα
1024 2285 1103 2367 πρὸς
1121 2279 1233 2346 Αῦίἰου
1241 2280 1268 2364 ⁴)
1285 2275 1412 2342 Marcia·

292 2381 357 2447 υὸυ
386 2382 616 2466 ἀνατραφέντα
651 2381 684 2446 ἐν
717 2381 852 2456 τούτοις·
889 2383 961 2469 »τήν
992 2387 1053 2446 τῶν
1086 2383 1247 2448 δεσποτῶν
1277 2377 1411 2454 ἐξουσίαν

242 2497 277 2548 20
297 2483 469 2569 »ἀμείωτον
507 2483 583 2549 εἰναι
605 2486 669 2574 χρή
696 2486 775 2549 κατὰ
807 2491 868 2549 τῶν
902 2485 1031 2550 οἰκετῶν
1065 2485 1114 2548 καί
1143 2483 1180 2547 οῦ
1214 2485 1266 2547 δεῖ
1297 2479 1411 2560 τοῦτο’)

296 2587 403 2671 »νόμῳ
426 2586 647 2670 περαιοῦσθαι·
670 2587 828 2651 τουτέστιν
843 2587 879 2650 οῦ
902 2589 953 2651 δεῖ
972 2588 1075 2653 τίποτε
1101 2592 1163 2650 τῶν
1184 2589 1240 2651 τοῦ
1264 2585 1412 2650 δεσπότου

297 2689 445 2752 »δικαίων
464 2696 606 2775 μειῶσαι.
651 2691 805 2777 συμφέρει
828 2692 895 2775 δὲί)
919 2695 967 2756 καῖ
995 2698 1061 2770 τοῖς
1086 2692 1251 2764 δεσπόταις
1280 2693 1316 2754 τῦ
1343 2688 1412 2774 βοη·

298 2791 443 2858 »δεῖσθαι
465 2793 537 2869 τοῦς
558 2793 678 2870 οἰκέτας
699 2798 802 2871 κακῶς
824 2795 1021 2880 φερομένους
1043 2795 1102 2859 ὑπὸ
1122 2799 1186 2859 τῶν
1209 2793 1377 2858 δεσποτῶν
1396 2788 1413 2876 ή

297 2895 353 2968 νέξ
374 2897 472 2981 ἀργῆς
493 2895 631 2980 ἀμέτρου
654 2895 673 2982 ή
696 2897 783 2978 λιμοῦ
805 2895 824 2984 ή
847 2893 975 2981 ῦβρεως
998 2898 1173 2984 ἀφορήτου.
1196 2895 1274 2962 ὅθεν
1301 2895 1339 2958 οῦ
1357 2893 1413 2981 χρὴ

243 3021 277 3074 25
298 2997 482 3083 »ἀρνεῖσθαι
504 3003 568 3075 τοῖς
589 2999 689 3062 δίκαια
711 2999 849 3065 αἰτοῦσιν
876 3000 1014 3078 οἰκέταις.
1040 2999 1190 3082 διάγνωθι
1224 3000 1328 3064 τοίνυν
1352 2998 1415 3074 περὶ

299 3104 373 3188 »τῆς
391 3100 542 3187 μέμψεως
572 3105 633 3163 τῶν
664 3099 761 3163 ὄντων
788 3101 844 3185 μὲν
875 3102 909 3165 ἐκ
938 3107 993 3189 τῆς
1014 3101 1097 3168 Ιυλία
1120 3101 1242 3168 Sabinu
1270 3097 1414 3174 familiaS,

297 3203 559 3287 »καταφυγόντων
582 3203 618 3267 δέ
640 3202 689 3267 ἐπί
711 3203 913 3288 ἀνδριάντας·
937 3205 985 3267 καί
1007 3205 1035 3269 εἰ
1049 3204 1150 3291 ζητοῦν
1171 3196 1303 3291 εῦρηςί)
1327 3198 1415 3265 ἀπάν-
1484 3253 1485 3256 ,

299 3303 448 3387 ιθρωπον
471 3305 541 3388 περὶ
562 3303 675 3382 αὐτοῦς
696 3307 750 3368 τόν
773 3305 914 3372 Sabinou
936 3305 1017 3396 ήπερ
1047 3305 1152 3396 ἔχρην,
1179 3307 1199 3394 ή
1227 3307 1272 3382 εἰς
1295 3305 1415 3391 αἰσχρο-

300 3407 412 3492 »τάιην
439 3407 551 3480 αὐτοὺς
573 3406 779 3482 ἑλκυσθέντας
801 3410 927 3488 πρᾶξιν,
950 3409 1237 3494 διαπιπράσκεσθαι
1265 3408 1415 3476 κέλευσον,

245 3525 280 3578 30
300 3503 402 3574 ιοῦτω
416 3509 532 3590 μέντοι,
556 3505 638 3584 ῶςτε
658 3510 701 3595 μὴ
718 3508 925 3594 ὑποστρέφειν
949 3509 1065 3589 αὐτοὺς
1086 3512 1131 3590 εἰς
1152 3512 1208 3598 τήν
1224 3515 1279 3575 τοῦ
1303 3528 1416 3592 πεπρα·

300 3613 440 3695 »κοτος”)
464 3611 654 3674 δεσπότειαν.
678 3611 706 3674 εἰ
735 3611 795 3695 γὰρ
825 3614 841 3674 ὁ
871 3612 1035 3700 εἰρημένος
1058 3613 1195 3679 Sabinos
1225 3614 1306 3698 πρὸς
1339 3631 1417 3690 περτ-

300 3714 444 3798 »γραφήν
465 3717 523 3799 τῆς
543 3712 687 3798 τοιαύτης
708 3713 825 3794 πρᾶξαί
847 3738 872 3777 τι
887 3713 1040 3804 διανοηθῇ
1053 3715 1228 3790 διατάξεως
1243 3714 1322 3778 κατὰ
1338 3711 1417 3798 πρῶ·

299 3838 373 3902 »την
399 3816 457 3899 μὲν
486 3815 558 3898 ὄφιν
588 3817 639 3877 τὸν
667 3814 815 3899 οἰκέτηνί)
844 3817 1006 3904 πωλήσας,
1035 3817 1098 3906 ἰδίᾳ
1128 3817 1164 3882 δέ
1194 3817 1417 3904 συμφωνήσας,

365 3985 388 4054 1)
406 3985 450 4037 καί
467 3983 499 4038 τὸ
518 3981 551 4037 R.
667 3979 690 4046 ν)
708 3999 779 4052 πικρ.
798 3983 870 4050 διαφ.
889 3984 966 4038 om.
984 3985 1014 4038 P.
1135 3987 1158 4052 ³)
1175 3988 1291 4057 πρᾶγμα
1308 3983 1370 4040 gffi
1388 3980 1417 4035 F,

295 4073 329 4128 R.
431 4071 454 4139 ⁴)
474 4067 587 4122 Σέντιου
606 4066 636 4122 Ρ.
755 4069 778 4138 ⁵)
797 4069 884 4138 τούτῳ
902 4071 933 4124 F.
952 4072 1042 4141 τούτῳ
1060 4073 1100 4141 τῷ
1117 4069 1151 4126 Β..
1275 4072 1299 4138 ⁶)
1317 4069 1373 4138 γὰρ
1389 4065 1417 4118 P.

296 4159 319 4225 ί)
338 4175 413 4218 -οις
431 4157 463 4211 F.
484 4155 558 4213 -εῒς
575 4151 636 4208 αδδ.
655 4151 696 4206 ed.
714 4159 769 4207 ant.
787 4153 818 4207 F.
886 4156 909 4223 8)
925 4174 1014 4210 -των
1032 4156 1061 4210 Ρ.
1140 4157 1163 4226 9)
1182 4157 1248 4217 τοὺς
1265 4155 1372 4214 οἰκέτας
1388 4152 1419 4206 Β.
