2884 4728
546 352 786 416 -387-

107 524 238 608 duplum
269 524 399 608 petitur:
429 524 481 588 uel
512 524 539 588 si
568 524 712 608 perierit,
741 527 809 594 eius
839 526 933 610 pretii
963 527 1099 611 duplum.
1152 548 1222 592 cum

106 649 188 714 haec
217 649 276 714 tibi
302 655 468 734 perspecta
495 649 572 732 sint,
605 651 678 715 uide
705 651 780 732 quid
807 651 880 717 inde
908 658 1065 735 sequatur.
1120 652 1222 718 Titius

106 794 237 840 seruum
279 794 382 839 meum
423 775 605 840 sollicitauit
643 776 747 840 animo
784 775 1014 859 corrumpendi,
1052 781 1086 840 ut
1120 797 1140 840 a
1173 796 1223 842 me

106 897 289 982 aufugeret,
311 899 495 981 addiditque
519 901 627 982 etiam,
656 907 690 965 ut
717 901 874 983 quandam
901 921 966 967 rem
994 921 1097 966 meam
1125 901 1224 966 subri-

105 1032 209 1106 peret.
259 1045 369 1089 seruus
397 1026 436 1089 de
464 1025 524 1090 boc
551 1046 602 1090 me
629 1027 794 1091 certiorem
822 1027 904 1091 fecit.
950 1046 1019 1096 cum
1043 1047 1103 1110 ogo
1132 1046 1223 1092 seruo
1260 1042 1276 1094 5

106 1168 174 1214 non
200 1151 370 1230 crederem,
398 1150 574 1232 uellemque
593 1151 710 1219 ‘litium
733 1151 855 1236 inipso
878 1151 1033 1218 maleficio
1053 1151 1224 1236 deprehen·

107 1274 203 1356 dere,
228 1275 356 1359 permisi
375 1295 468 1341 seruc
490 1276 523 1340 id
543 1276 663 1357 facerc3
692 1277 746 1357 qui
773 1276 929 1359 quaedam
950 1297 992 1342 ex
1015 1277 1226 1362 suppellectili

106 1418 184 1464 mea
206 1399 311 1464 ferens
334 1399 377 1465 ad
399 1399 516 1464 'litium
541 1421 575 1466 se
599 1401 738 1466 contulit.
773 1402 930 1482 sequebar
953 1420 1013 1484 ego
1032 1401 1120 1466 illum
1143 1401 1225 1466 clam

106 1524 193 1589 scire
232 1523 377 1607 cupiens,
423 1543 541 1590 uerane
580 1531 686 1590 essent
716 1545 797 1606 quae
827 1545 937 1590 seruus
970 1526 1108 1591 dixisset.
1155 1547 1225 1590 oum

107 1667 223 1713 seruus
247 1649 288 1712 ad
310 1649 413 1713 locum
436 1649 518 1713 inter
540 1669 574 1713 se
598 1669 635 1714 ac
658 1649 773 1714 Titium
795 1649 994 1714 constitutum
1018 1651 1224 1734 peruenisset,
1246 1664 1279 1715 ιο

107 1775 294 1858 subreptam
326 1793 391 1838 rem
426 1773 509 1838 Titio
545 1773 638 1838 dedit.
688 1794 802 1858 reapse
833 1773 929 1858 igitur
958 1774 1064 1838 inueni
1099 1795 1226 1840 seruum

107 1918 176 1962 non
202 1898 300 1964 fnisse
329 1900 520 1967 mendacem.
568 1899 729 1981 quaeritur
757 1919 839 1982 quae
866 1899 941 1964 mibi
964 1899 1048 1964 actio
1072 1900 1225 1968 aduersus

108 2023 231 2088 Titium
257 2044 296 2088 ex
322 2024 371 2090 his
398 2025 578 2108 competat?
612 2031 644 2088 et
670 2023 802 2107 primum
829 2044 893 2090 non
919 2030 1023 2106 potest
1046 2024 1128 2090 actio
1152 2023 1227 2090 furti

109 2155 303 2231 competere,
331 2169 404 2214 nam
424 2149 497 2214 licet
520 2149 624 2214 animo
645 2148 771 2214 iurandi
789 2167 855 2213 rem
879 2148 981 2212 Titius
1009 2148 1225 2231 contrectabit,

109 2292 176 2337 non
208 2279 313 2337 tamen
339 2280 448 2338 contra
479 2273 597 2339 domini
624 2275 817 2338 uoluntatem
843 2273 877 2337 id
899 2273 1016 2337 factum
1051 2281 1107 2338 est.
1152 2294 1225 2338 num
1246 2292 1278 2344 15

110 2398 200 2462 serui
223 2397 361 2481 corrupti
385 2398 467 2462 actio
492 2399 667 2482 competet?
700 2418 739 2462 ne
764 2398 842 2462 baec
866 2397 992 2478 quidem
1016 2397 1085 2462 dari
1107 2404 1225 2482 potest3

110 2542 176 2587 non
201 2521 283 2586 enim
307 2523 392 2586 serui
415 2542 517 2588 mores
542 2523 713 2587 deteriores
729 2522 805 2586 facti
828 2528 913 2587 sunt:
937 2523 1029 2586 immo
1047 2543 1116 2586 cum
1132 2531 1227 2588 antea

111 2647 183 2711 eius
202 2646 414 2712 beniuolentia
431 2667 508 2730 erga
528 2647 687 2714 dominum
707 2647 828 2727 lateret,
845 2666 927 2713 nunc
943 2645 1110 2712 manifesta
1130 2668 1227 2732 appa-

111 2771 185 2836 ruit.
236 2777 268 2836 et
301 2771 345 2836 ita
380 2771 497 2851 euenit,
532 2779 566 2836 ut
600 2771 716 2852 Titius,
751 2771 805 2853 qui
835 2772 868 2835 in
899 2791 961 2834 uua
988 2790 1022 2836 re
1054 2771 1146 2853 plura
1173 2771 1227 2836 ad-

111 2895 248 2977 miserit,
279 2895 367 2960 nulia
394 2896 518 2960 actione
545 2901 697 2960 teneatur.
747 2894 884 2980 [quidam
913 2895 1081 2976 prudentes
1109 2895 1228 2960 dabant
1246 2913 1281 2964 20

112 3020 188 3084 binc
210 3019 286 3084 furti
309 3019 485 3106 actionem]
520 3025 569 3085 set
585 3039 654 3083 cnm
671 3025 776 3084 essent
792 3018 989 3101 prudentium
1006 3020 1228 3101 ambiguitates

113 3153 147 3210 et
171 3145 299 3227 quidam
323 3165 445 3210 omnem
469 3145 623 3209 actionem
646 3151 808 3226 negarent,
833 3143 960 3224 quidam
983 3143 1057 3207 furti
1072 3144 1228 3208 actionem

115 3269 335 3352 concederent,
359 3289 409 3334 res
425 3269 467 3332 ad
483 3270 654 3352 priucipem
671 3275 810 3334 nostrum
829 3268 952 3351 perlata
969 3273 1026 3348 est,
1050 3267 1228 3351 prodiitquc

115 3394 187 3457 eius
211 3394 400 3475 constitutio,
424 3413 506 3474 quae
529 3398 563 3457 ut
587 3391 764 3458 huiusmodi
787 3391 952 3458 calliditati
975 3389 1102 3457 obuiam
1121 3391 1227 3470 iretur,

114 3517 235 3583 Titium
258 3537 320 3584 non
343 3518 444 3588 solum
466 3517 541 3583 furti
564 3523 612 3582 set
635 3516 773 3598 corrupti
797 3535 920 3596 quoque
949 3515 1033 3578 serui
1060 3515 1228 3581 obnoxium
1247 3531 1280 3582 25
