2864 4736
545 430 583 438 —
634 396 785 460 433—

105 591 149 634 ex
173 571 255 636 bono
273 577 304 636 et
320 591 421 652 aequo
446 570 641 652 aestimandi,
666 576 814 652 quantum
838 571 937 634 actori
961 590 1033 634 reus
1056 571 1221 635 restituere

105 696 233 760 debeat.
280 697 366 761 cuius
390 695 502 760 iudicis
525 695 690 779 potcstatis
714 715 788 779 pars
812 695 890 760 haec
913 701 970 775 est,
996 694 1079 776 quod
1102 695 1129 759 si
1152 696 1221 775 quis

105 821 213 885 bonae
236 821 309 885 fidei
324 820 439 885 iudicio
455 841 575 885 mecum
596 825 671 904 agat
685 821 715 883 X
732 839 845 884 aureos
862 841 881 884 a
897 838 947 884 me
962 827 1083 902 petens,
1109 819 1222 885 debeat

107 951 215 1010 autem
237 945 314 1009 mihi
341 945 474 1010 inuicem
502 966 615 1010 aureos
638 945 673 1027 V,
702 945 796 1010 iudex
824 944 856 1008 id
885 965 1105 1028 compensanS,
1139 945 1221 1025 quod

107 1071 198 1134 iilum
229 1072 304 1135 mihi
331 1073 465 1137 inuicem
493 1072 600 1153 debet,
630 1092 691 1136 non
720 1071 751 1136 in
774 1071 803 1134 X
828 1090 956 1152 aureos,
987 1077 1035 1134 set
1062 1069 1094 1133 in
1117 1069 1144 1132 V
1171 1090 1220 1134 mc
1258 1087 1273 1138 5

107 1194 339 1260 condemnabit.
394 1196 606 1280 compensatio
636 1201 684 1260 est
712 1201 815 1260 antem
839 1195 919 1259 ratio
950 1194 1006 1258 illa
1036 1194 1219 1277 imputandi,

107 1340 193 1401 quac
217 1321 350 1385 inuicem
374 1321 534 1385 debentur.
566 1342 638 1384 nam
654 1320 686 1384 id
703 1321 804 1386 bonae
820 1319 893 1384 fidei
909 1318 1093 1384 iudiciorum
1108 1325 1221 1383 natura

68 1517 70 1522 .
106 1445 217 1527 exigit.
268 1445 299 1510 in
334 1445 449 1510 strictis
484 1452 588 1510 cutem
623 1444 758 1526 iudiciis,
794 1443 939 1526 quoniam
972 1443 1017 1508 ibi
1040 1443 1111 1527 ipsa
1144 1444 1220 1508 iuris

106 1571 268 1654 suptilitas
291 1578 449 1652 uersatur,
473 1571 593 1653 siquis
617 1591 636 1634 a
659 1591 708 1634 me
732 1570 762 1633 X
785 1589 898 1634 aureos
921 1569 1002 1634 forte
1026 1573 1125 1653 petat,
1150 1590 1220 1633 cum

106 1695 178 1780 ipse
206 1697 281 1760 mihi
306 1698 331 1760 V
355 1697 488 1762 inuicem
517 1697 645 1778 debeat,
674 1696 874 1761 nibilominus
902 1696 934 1761 in
957 1697 987 1759 X
1011 1715 1124 1760 aureos
1152 1717 1219 1760 sum
1241 1711 1273 1762 10

106 1821 374 1886 condemnandus,
405 1823 498 1912 'baec
527 1821 652 1902 quidem
680 1820 763 1903 quod
792 1821 832 1884 ad
861 1841 978 1885 meram
1007 1820 1218 1903 suptilitatem.

105 1946 288 2011 constitutio
324 1952 425 2011 autem
461 1947 577 2030 prodiit
611 1946 676 2011 diui
708 1946 819 2026 Marci,
855 1966 918 2026 qua
952 1950 1095 2024 cauetur,
1130 1952 1164 2009 ut
1192 1946 1220 2011 si

105 2071 217 2136 stricto
241 2072 356 2136 iudicio
380 2073 410 2135 X
434 2093 547 2136 aureos
570 2093 591 2135 a
614 2091 663 2136 me
687 2071 756 2152 quis
780 2076 876 2154 petat,
901 2091 970 2134 cum
993 2070 1062 2154 ipse
1085 2070 1219 2135 inuicem

105 2197 135 2258 V
158 2195 287 2278 debeat,
312 2196 377 2259 doli
399 2196 475 2261 mali
499 2195 714 2278 exceptionem
745 2195 775 2259 ei
803 2214 961 2278 opponere
991 2193 1116 2278 possim.
1163 2195 1219 2260 tali

105 2340 184 2385 uero
195 2321 379 2403 exceptione
393 2319 547 2403 opposita,
565 2325 706 2402 potestas
719 2318 811 2382 datur
822 2317 916 2382 iudici
932 2319 1218 2402 compensationem
1239 2333 1271 2383 15

103 2444 280 2528 recipiendi
304 2451 335 2510 ct
358 2465 407 2510 me
431 2445 462 2508 in
487 2445 512 2506 V
536 2443 747 2508 tantummodo
771 2463 884 2508 aureos
909 2442 1145 2507 condemnandi.
1186 2444 1219 2508 id

104 2589 183 2634 uero
223 2589 262 2634 ex
300 2569 527 2650 antiquioribus
567 2567 846 2633 constitutionibus.
902 2567 1081 2631 constitutio
1114 2574 1217 2633 antem

104 2693 258 2778 principis
285 2694 384 2758 nostri
412 2694 577 2777 disposuit,
608 2699 640 2756 ut
668 2693 939 2776 compensationcs
967 2698 1096 2776 apertae
1124 2699 1218 2774 atque

103 2824 213 2884 certae
236 2819 305 2903 ipso
329 2820 395 2883 iure
420 2819 573 2884 actionem
597 2818 749 2900 minuant,
777 2817 844 2882 siue
868 2818 900 2881 in
926 2837 992 2882 rem
1016 2817 1083 2882 siue
1112 2838 1218 2902 perso·

103 2945 219 3009 nalem.
276 2949 310 3008 ut
344 2963 417 3008 ecoe
453 2942 602 3027 competit
632 2941 725 3006 alicui
760 2941 912 3006 aduersus
947 2961 997 3005 me
1032 2943 1114 3006 actio
1151 2942 1218 3007 siue
1237 2954 1272 3005 20

104 3071 216 3136 stricta
254 3069 322 3134 sine
360 3069 463 3133 bonae
505 3067 578 3132 fidei
617 3067 655 3132 de
693 3068 724 3131 X
762 3066 881 3148 aureis3
917 3067 943 3131 is
983 3071 1086 3131 autem
1125 3065 1219 3131 debet

103 3197 182 3260 mihi
216 3195 350 3261 inuicem
379 3215 492 3260 aureos
521 3201 598 3276 tres;
634 3194 701 3277 ipso
730 3193 813 3276 iure,
847 3193 938 3258 simul
967 3199 1061 3273 atque
1089 3192 1115 3256 is
1143 3191 1218 3255 mihi

105 3321 223 3386 debore
262 3319 384 3404 incipit,
424 3320 506 3385 actio
541 3339 621 3400 quae
660 3317 812 3383 aduersus
846 3337 895 3381 me
933 3317 1082 3400 competit
1119 3317 1217 3380 tribus

105 3445 211 3510 aureis
246 3443 407 3526 minuitur,
440 3444 485 3508 ita
518 3450 552 3509 ut
586 3463 645 3526 ego
680 3461 743 3506 non
777 3443 838 3506 iam
871 3443 911 3523 X,
943 3447 991 3505 set
1017 3440 1076 3504 VII
1104 3460 1216 3506 aureos

105 3568 222 3635 debere
251 3568 370 3634 uidear.
415 3568 480 3633 dixi
513 3569 546 3632 id
578 3569 679 3633 locum
714 3567 830 3632 habere
858 3566 890 3630 iu
918 3566 1060 3630 omnibns
1088 3564 1217 3630 actioni·
1236 3577 1269 3628 ‘25

104 3695 163 3761 bns
199 3694 268 3760 siue
302 3693 334 3759 in
368 3715 448 3780 rem,
488 3695 555 3760 sine
590 3693 823 3782 personalibus:
859 3696 992 3777 excepta
1020 3689 1091 3755 sola
1124 3689 1217 3773 depo·
