2936 4704
538 341 770 405 -129-

110 528 200 594 lruetu
225 533 260 593 et
280 545 341 594 usu
363 533 395 594 et
416 525 611 594 habitatione
632 527 789 610 tetigisse3
811 529 851 594 de
864 526 1039 594 hereditate
1052 532 1159 596 autam
1180 533 1213 596 at

110 651 142 714 de
159 647 405 730 obligationibus
428 647 494 713 suis
516 646 593 713 loeis
614 653 816 731 proponetur.
865 665 935 714 eum
962 647 1140 714 summatim
1161 667 1213 716 ex·

102 769 296 850 posuerimus
319 767 435 851 quibus
456 768 555 834 modis
583 768 719 834 naturali
747 767 816 834 iure
844 786 895 834 res
921 767 1130 851 adquirimus,
1160 785 1213 835 ne·

115 905 187 953 cesse
210 891 261 953 est
283 887 388 954 dicere
410 887 644 968 quibusmodis
666 887 804 969 legitimo
825 895 859 953 et
879 885 965 955 ciuili
987 887 1054 954 lore
1076 905 1127 952 rea
1141 886 1214 954 alie·

106 1027 152 1074 aas
169 1008 338 1090 adquirere
360 1025 536 1088 possumus.
1245 1005 1264 1058 ⁶

550 1297 755 1312 m

165 1623 209 1688 De
242 1621 492 1703 usucapionibus
524 1627 557 1686 et
587 1619 672 1701 longi
704 1618 855 1702 temporis
883 1617 1139 1701 possessionibus.

564 1771 690 1838 'litulus
712 1775 742 1838 6.

175 1959 346 2043 Postquam
368 1960 528 2027 naturales
549 1959 774 2042 adquisitioues
802 1959 1053 2036 traetauerimus‚
1075 1959 1116 2027 de
1137 1960 1212 2042 legi·

104 2079 179 2192 timis
201 2081 413 2165 dispiciamus.
457 2081 484 2146 si
506 2080 577 2161 quis
598 2098 664 2146 rem
687 2098 775 2146 suam
797 2079 872 2144 mibi
895 2078 1015 2157 tradat,
1038 2078 1141 2161 palam
1162 2087 1212 2146 ast

106 2201 264 2267 dominium
287 2221 338 2268 me
359 2201 535 2284 adquirere.
578 2199 654 2281 quid
676 2205 791 2278 autem,
814 2201 841 2265 ai
862 2197 996 2266 alienam
1018 2217 1101 2278 rem,
1123 2199 1211 2266 euius

104 2319 237 2388 dominus
259 2341 323 2388 non
345 2321 453 2394 merit,
476 2321 546 2402 quis
567 2321 643 2386 mibi
665 2317 853 2386 tradiderit?
875 2338 947 2384 num
969 2319 1138 2385 dominium
1152 2320 1235 2396 boo,

104 2458 171 2507 casu
192 2442 387 2510 transferet?
408 2459 603 2524 nequaquam
626 2460 715 2526 sane3
745 2440 898 2524 quomodo
927 2441 1008 2507 enim
1037 2440 1120 2524 quod
1150 2459 1211 2506 non
1231 2451 1264 2504 ιο

106 2559 254 2628 babebat?
277 2563 352 2646 quid
376 2581 449 2645 ergo
473 2561 544 2627 est?
565 2561 727 2628 transtulit
747 2561 780 2626 in
803 2581 852 2628 me
872 2579 964 2644 quam
984 2560 1121 2628 babebat
1142 2577 1212 2644 pos-

103 2681 278 2758 sessionem
302 2700 403 2765 neque
425 2683 456 2747 id
478 2683 568 2765 parui
591 2682 765 2748 ducendum
792 2689 850 2748 est.
894 2681 922 2748 si
944 2681 1026 2746 enim
1048 2682 1129 2748 bona
1150 2679 1213 2748 tide

104 2818 162 2866 rem
183 2803 355 2884 acceperim
376 2801 471 2882 (bona
491 2800 569 2868 fides
591 2801 622 2867 in
645 2821 682 2868 eo
704 2801 855 2881 conantia
879 2806 914 2867 ut
933 2820 990 2883 ego
1013 2801 1139 2868 credam
1157 2802 1213 2868 do·

104 2920 215 2985 minum
235 2939 306 2986 eum
329 2937 400 2986 esse
420 2920 475 3003 qui
491 2919 567 2984 mibi
588 2920 707 2986 uendat
728 2925 784 2986 aut
806 2920 900 2987 donet
921 2921 1024 2986 aliaue
1045 2937 1108 3002 qua
1128 2919 1213 2986 iusta

101 3055 189 3104 causa
211 3039 308 3105 ueluti
331 3059 367 3104 ex
390 3039 618 3122 permutatione
640 3058 706 3106 rem
729 3041 857 3122 tradat),
880 3039 953 3106 olim
976 3039 1003 3104 si
1024 3039 1146 3106 mobilis
1161 3057 1212 3106 res
1232 3055 1264 3108 lb

102 3163 189 3237 meet,
211 3166 282 3242 post
301 3177 416 3224 annum
439 3159 583 3224 dominus
604 3155 715 3225 fiebam
738 3157 806 3225 siue
828 3160 859 3224 in
874 3157 976 3238 Italia,
999 3159 1067 3224 siue
1087 3157 1119 3222 in
1141 3177 1212 3240 pru·

103 3276 210 3342 uineiis
230 3278 390 3361 degerem
413 3279 460 3344 sin
483 3285 587 3346 autem
609 3277 790 3357 immobilis,
816 3283 888 3362 post
909 3278 1080 3357 biennium,
1111 3277 1137 3342 si
1166 3281 1212 3344 ta·

102 3411 168 3461 meu
190 3395 303 3464 iundus
326 3398 377 3465 uel
400 3400 511 3466 domus
539 3397 687 3466 initalia
715 3404 815 3480 esset,
844 3417 864 3464 a
893 3417 943 3466 me
969 3397 1212 3480 usucapiebatur

103 3522 133 3580 et
151 3517 212 3584 sub
233 3537 335 3584 meum
356 3520 558 3602 redigebatur
580 3519 767 3586 dominium:
798 3519 892 3604 idque
917 3518 987 3602 lege
1007 3517 1070 3584 XII
1091 3519 1212 3586 tabula·
