<?xml version="1.0" encoding="UTF-8"?>
<!DOCTYPE html PUBLIC "-//W3C//DTD XHTML 1.0 Transitional//EN"
    "http://www.w3.org/TR/xhtml1/DTD/xhtml1-transitional.dtd">
<html xmlns="http://www.w3.org/1999/xhtml" xml:lang="en" lang="en">
 <head>
  <title>
</title>
<meta http-equiv="Content-Type" content="text/html;charset=utf-8" />
  <meta name='ocr-system' content='tesseract 3.04.00' />
  <meta name='ocr-capabilities' content='ocr_page ocr_carea ocr_par ocr_line ocrx_word'/>
</head>
<body>
  <div class='ocr_page' id='page_1' title='image "./institutionumgr02linggoog_0536.png"; bbox 0 0 2898 4712; ppageno 0'>
   <div class='ocr_carea' id='block_1_1' title="bbox 551 321 783 386">
    <p class='ocr_par' dir='ltr' id='par_1_1' title="bbox 551 321 783 386">
     <span class='ocr_line' id='line_1_1' title="bbox 551 321 783 386; baseline 0.004 -3"><span class='ocrx_word' id='word_1_1' title='bbox 551 321 783 386; x_wconf 82' lang='lat'>-251-</span> 
     </span>
    </p>
   </div>
   <div class='ocr_carea' id='block_1_2' title="bbox 55 503 1263 1191">
    <p class='ocr_par' dir='ltr' id='par_1_2' title="bbox 94 503 1228 591">
     <span class='ocr_line' id='line_1_2' title="bbox 94 503 1228 591; baseline 0.005 -25"><span class='ocrx_word' id='word_1_2' title='bbox 94 503 279 572; x_wconf 78' lang='lat' dir='ltr'><strong>libertatem</strong></span> <span class='ocrx_word' id='word_1_3' title='bbox 302 510 451 589; x_wconf 77' lang='lat' dir='ltr'><strong>praestet,</strong></span> <span class='ocrx_word' id='word_1_4' title='bbox 473 513 522 573; x_wconf 87' lang='lat' dir='ltr'><strong>set</strong></span> <span class='ocrx_word' id='word_1_5' title='bbox 543 509 609 591; x_wconf 89' lang='lat' dir='ltr'><strong>ipse</strong></span> <span class='ocrx_word' id='word_1_6' title='bbox 636 513 784 590; x_wconf 77' lang='lat' dir='ltr'><strong>tanquam</strong></span> <span class='ocrx_word' id='word_1_7' title='bbox 815 527 852 572; x_wconf 89' lang='lat' dir='ltr'><strong>ex</strong></span> <span class='ocrx_word' id='word_1_8' title='bbox 881 525 939 575; x_wconf 92' lang='lat' dir='ltr'><strong>suo</strong></span> <span class='ocrx_word' id='word_1_9' title='bbox 965 511 1153 572; x_wconf 81' lang='lat' dir='ltr'><strong>testamento</strong></span> <span class='ocrx_word' id='word_1_10' title='bbox 1176 505 1228 572; x_wconf 90' lang='lat' dir='ltr'><strong>he·</strong></span> 
     </span>
    </p>

    <p class='ocr_par' dir='ltr' id='par_1_3' title="bbox 55 624 1263 1191">
     <span class='ocr_line' id='line_1_3' title="bbox 55 624 1227 711; baseline 0 -22"><span class='ocrx_word' id='word_1_11' title='bbox 55 627 270 692; x_wconf 66' lang='lat' dir='ltr'><strong>ereditatem</strong></span> <span class='ocrx_word' id='word_1_12' title='bbox 294 627 322 692; x_wconf 90' lang='lat' dir='ltr'><strong>ei</strong></span> <span class='ocrx_word' id='word_1_13' title='bbox 345 634 520 711; x_wconf 81' lang='lat' dir='ltr'><strong>competere</strong></span> <span class='ocrx_word' id='word_1_14' title='bbox 543 629 621 694; x_wconf 90' lang='lat' dir='ltr'><strong>uult.</strong></span> <span class='ocrx_word' id='word_1_15' title='bbox 665 628 694 692; x_wconf 88' lang='lat'><strong>3.</strong></span> <span class='ocrx_word' id='word_1_16' title='bbox 730 628 810 694; x_wconf 89' lang='lat' dir='ltr'>Sunt</span> <span class='ocrx_word' id='word_1_17' title='bbox 832 635 937 694; x_wconf 81' lang='lat' dir='ltr'><strong>autem</strong></span> <span class='ocrx_word' id='word_1_18' title='bbox 959 626 1056 693; x_wconf 84' lang='lat' dir='ltr'><strong>uerbo</strong></span> <span class='ocrx_word' id='word_1_19' title='bbox 1080 625 1120 691; x_wconf 84' lang='lat' dir='ltr'><strong>od</strong></span> <span class='ocrx_word' id='word_1_20' title='bbox 1142 624 1227 692; x_wconf 85' lang='lat' dir='ltr'><strong>fidei·</strong></span> 
     </span>
     <span class='ocr_line' id='line_1_4' title="bbox 95 745 1228 828; baseline 0.003 -19"><span class='ocrx_word' id='word_1_21' title='bbox 95 748 271 813; x_wconf 87' lang='lat' dir='ltr'>commisso</span> <span class='ocrx_word' id='word_1_22' title='bbox 297 746 470 814; x_wconf 82' lang='lat' dir='ltr'><strong>ordinando</strong></span> <span class='ocrx_word' id='word_1_23' title='bbox 498 747 716 828; x_wconf 73' lang='lat' dir='ltr'><strong>accomodata,</strong></span> <span class='ocrx_word' id='word_1_24' title='bbox 752 765 901 828; x_wconf 87' lang='lat' dir='ltr'><strong>quorum,</strong></span> <span class='ocrx_word' id='word_1_25' title='bbox 936 764 1006 811; x_wconf 91' lang='lat' dir='ltr'><strong>curu</strong></span> <span class='ocrx_word' id='word_1_26' title='bbox 1036 745 1128 828; x_wconf 88' lang='lat' dir='ltr'><strong>pluro</strong></span> <span class='ocrx_word' id='word_1_27' title='bbox 1156 749 1228 825; x_wconf 91' lang='lat' dir='ltr'><strong>sint,</strong></span> 
     </span>
     <span class='ocr_line' id='line_1_5' title="bbox 97 867 1228 949; baseline -0.003 -13"><span class='ocrx_word' id='word_1_28' title='bbox 97 868 178 936; x_wconf 73' lang='lat' dir='ltr'><strong>hoec</strong></span> <span class='ocrx_word' id='word_1_29' title='bbox 203 869 340 933; x_wconf 77' lang='lat' dir='ltr'><strong>maxime</strong></span> <span class='ocrx_word' id='word_1_30' title='bbox 362 869 393 933; x_wconf 90' lang='lat' dir='ltr'><strong>in</strong></span> <span class='ocrx_word' id='word_1_31' title='bbox 409 867 563 934; x_wconf 88' lang='lat' dir='ltr'><strong>communi</strong></span> <span class='ocrx_word' id='word_1_32' title='bbox 584 887 641 934; x_wconf 92' lang='lat' dir='ltr'><strong>usu</strong></span> <span class='ocrx_word' id='word_1_33' title='bbox 657 868 827 934; x_wconf 80' lang='lat' dir='ltr'><strong>habentur:</strong></span> <span class='ocrx_word' id='word_1_34' title='bbox 850 873 922 949; x_wconf 86' lang='lat' dir='ltr'><strong>peto</strong></span> <span class='ocrx_word' id='word_1_35' title='bbox 938 885 1013 948; x_wconf 84' lang='lat' dir='ltr'><strong>rogo</strong></span> <span class='ocrx_word' id='word_1_36' title='bbox 1030 868 1100 932; x_wconf 94' lang='lat' dir='ltr'><strong>uolo</strong></span> <span class='ocrx_word' id='word_1_37' title='bbox 1116 869 1228 933; x_wconf 84' lang='lat' dir='ltr'><strong>mondo</strong></span> 
     </span>
     <span class='ocr_line' id='line_1_6' title="bbox 97 984 1263 1069; baseline 0.001 -17"><span class='ocrx_word' id='word_1_38' title='bbox 97 987 172 1054; x_wconf 88' lang='lat' dir='ltr'><strong>fidei</strong></span> <span class='ocrx_word' id='word_1_39' title='bbox 199 995 278 1054; x_wconf 80' lang='lat' dir='ltr'><strong>tuoe</strong></span> <span class='ocrx_word' id='word_1_40' title='bbox 301 989 469 1053; x_wconf 89' lang='lat' dir='ltr'><strong>committo.</strong></span> <span class='ocrx_word' id='word_1_41' title='bbox 521 1003 602 1068; x_wconf 83' lang='lat' dir='ltr'><strong>quae</strong></span> <span class='ocrx_word' id='word_1_42' title='bbox 628 987 757 1069; x_wconf 86' lang='lat' dir='ltr'><strong>perinde</strong></span> <span class='ocrx_word' id='word_1_43' title='bbox 785 987 924 1068; x_wconf 82' lang='lat' dir='ltr'><strong>singule,</strong></span> <span class='ocrx_word' id='word_1_44' title='bbox 954 997 1048 1066; x_wconf 85' lang='lat' dir='ltr'><strong>atque</strong></span> <span class='ocrx_word' id='word_1_45' title='bbox 1077 989 1103 1053; x_wconf 91' lang='lat' dir='ltr'><strong>si</strong></span> <span class='ocrx_word' id='word_1_46' title='bbox 1126 984 1263 1053; x_wconf 81' lang='lat' dir='ltr'><strong>omnio⁵</strong></span> 
     </span>
     <span class='ocr_line' id='line_1_7' title="bbox 98 1108 911 1191; baseline -0.004 -17"><span class='ocrx_word' id='word_1_47' title='bbox 98 1111 130 1174; x_wconf 93' lang='lat' dir='ltr'><strong>in</strong></span> <span class='ocrx_word' id='word_1_48' title='bbox 153 1127 257 1174; x_wconf 85' lang='lat' dir='ltr'><strong>unum</strong></span> <span class='ocrx_word' id='word_1_49' title='bbox 281 1116 429 1191; x_wconf 82' lang='lat' dir='ltr'><strong>congesto</strong></span> <span class='ocrx_word' id='word_1_50' title='bbox 450 1109 522 1186; x_wconf 88' lang='lat' dir='ltr'><strong>sint,</strong></span> <span class='ocrx_word' id='word_1_51' title='bbox 546 1109 676 1174; x_wconf 82' lang='lat' dir='ltr'><strong>candem</strong></span> <span class='ocrx_word' id='word_1_52' title='bbox 698 1108 763 1173; x_wconf 88' lang='lat' dir='ltr'><strong>uim</strong></span> <span class='ocrx_word' id='word_1_53' title='bbox 785 1108 911 1174; x_wconf 84' lang='lat' dir='ltr'><strong>hebent.</strong></span> 
     </span>
    </p>
   </div>
   <div class='ocr_carea' id='block_1_3' title="bbox 436 1721 902 1788">
    <p class='ocr_par' dir='ltr' id='par_1_4' title="bbox 436 1721 902 1788">
     <span class='ocr_line' id='line_1_8' title="bbox 436 1721 902 1788; baseline -0.004 -2"><span class='ocrx_word' id='word_1_54' title='bbox 436 1721 482 1786; x_wconf 88' lang='lat' dir='ltr'><strong>De</strong></span> <span class='ocrx_word' id='word_1_55' title='bbox 504 1721 660 1788; x_wconf 81' lang='lat' dir='ltr'>codicillis.</span> <span class='ocrx_word' id='word_1_56' title='bbox 705 1721 829 1786; x_wconf 82' lang='lat' dir='ltr'><strong>Titulus</strong></span> <span class='ocrx_word' id='word_1_57' title='bbox 851 1721 902 1786; x_wconf 79' lang='lat'><strong>25.</strong></span> 
     </span>
    </p>
   </div>
   <div class='ocr_carea' id='block_1_4' title="bbox 104 1907 1284 3305">
    <p class='ocr_par' dir='ltr' id='par_1_5' title="bbox 104 1907 1284 3305">
     <span class='ocr_line' id='line_1_9' title="bbox 194 1907 1230 1991; baseline -0.002 -17"><span class='ocrx_word' id='word_1_58' title='bbox 194 1909 308 1974; x_wconf 78' lang='lat' dir='ltr'><strong>Restat</strong></span> <span class='ocrx_word' id='word_1_59' title='bbox 329 1915 366 1973; x_wconf 93' lang='lat' dir='ltr'><strong>ut</strong></span> <span class='ocrx_word' id='word_1_60' title='bbox 389 1907 427 1974; x_wconf 93' lang='lat' dir='ltr'><strong>de</strong></span> <span class='ocrx_word' id='word_1_61' title='bbox 449 1907 600 1973; x_wconf 84' lang='lat' dir='ltr'>codicillis</span> <span class='ocrx_word' id='word_1_62' title='bbox 623 1908 832 1991; x_wconf 80' lang='lat' dir='ltr'><strong>dispiciamus.</strong></span> <span class='ocrx_word' id='word_1_63' title='bbox 866 1909 1000 1976; x_wconf 85' lang='lat' dir='ltr'>codicilli</span> <span class='ocrx_word' id='word_1_64' title='bbox 1023 1915 1097 1975; x_wconf 88' lang='lat' dir='ltr'><strong>sunt</strong></span> <span class='ocrx_word' id='word_1_65' title='bbox 1119 1909 1230 1989; x_wconf 89' lang='lat' dir='ltr'><strong>irnper-</strong></span> 
     </span>
     <span class='ocr_line' id='line_1_10' title="bbox 104 2026 1231 2110; baseline 0.001 -17"><span class='ocrx_word' id='word_1_66' title='bbox 104 2028 209 2096; x_wconf 80' lang='lat' dir='ltr'><strong>fectae</strong></span> <span class='ocrx_word' id='word_1_67' title='bbox 239 2026 412 2093; x_wconf 83' lang='lat' dir='ltr'><strong>uoluototis</strong></span> <span class='ocrx_word' id='word_1_68' title='bbox 441 2029 602 2094; x_wconf 77' lang='lat' dir='ltr'><strong>testatoris</strong></span> <span class='ocrx_word' id='word_1_69' title='bbox 631 2029 663 2093; x_wconf 92' lang='lat' dir='ltr'><strong>in</strong></span> <span class='ocrx_word' id='word_1_70' title='bbox 693 2034 882 2094; x_wconf 76' lang='lat' dir='ltr'><strong>testamento</strong></span> <span class='ocrx_word' id='word_1_71' title='bbox 912 2047 1078 2110; x_wconf 80' lang='lat' dir='ltr'><strong>expressae</strong></span> <span class='ocrx_word' id='word_1_72' title='bbox 1107 2027 1231 2110; x_wconf 87' lang='lat' dir='ltr'><strong>supple·</strong></span> 
     </span>
     <span class='ocr_line' id='line_1_11' title="bbox 105 2147 1230 2230; baseline -0.001 -18"><span class='ocrx_word' id='word_1_73' title='bbox 105 2155 259 2214; x_wconf 91' lang='lat' dir='ltr'><strong>mentum.</strong></span> <span class='ocrx_word' id='word_1_74' title='bbox 304 2167 405 2230; x_wconf 88' lang='lat' dir='ltr'><strong>neque</strong></span> <span class='ocrx_word' id='word_1_75' title='bbox 427 2148 597 2214; x_wconf 81' lang='lat' dir='ltr'><strong>absurdum</strong></span> <span class='ocrx_word' id='word_1_76' title='bbox 621 2155 669 2214; x_wconf 90' lang='lat' dir='ltr'><strong>est</strong></span> <span class='ocrx_word' id='word_1_77' title='bbox 691 2148 843 2230; x_wconf 77' lang='lat' dir='ltr'><strong>quaedam</strong></span> <span class='ocrx_word' id='word_1_78' title='bbox 873 2149 912 2214; x_wconf 91' lang='lat' dir='ltr'><strong>de</strong></span> <span class='ocrx_word' id='word_1_79' title='bbox 935 2147 1146 2213; x_wconf 86' lang='lat' dir='ltr'>codicillorum</span> <span class='ocrx_word' id='word_1_80' title='bbox 1170 2148 1230 2212; x_wconf 90' lang='lat' dir='ltr'><strong>ori-</strong></span> 
     </span>
     <span class='ocr_line' id='line_1_12' title="bbox 106 2260 1284 2350; baseline -0.002 -18"><span class='ocrx_word' id='word_1_81' title='bbox 106 2269 180 2348; x_wconf 81' lang='lat' dir='ltr'><strong>gine</strong></span> <span class='ocrx_word' id='word_1_82' title='bbox 202 2274 351 2333; x_wconf 70' lang='lat' dir='ltr'><strong>trocme.</strong></span> <span class='ocrx_word' id='word_1_83' title='bbox 396 2273 469 2332; x_wconf 80' lang='lat' dir='ltr'><strong>onte</strong></span> <span class='ocrx_word' id='word_1_84' title='bbox 492 2268 625 2348; x_wconf 77' lang='lat' dir='ltr'><strong>Augusti</strong></span> <span class='ocrx_word' id='word_1_85' title='bbox 648 2275 790 2350; x_wconf 88' lang='lat' dir='ltr'><strong>temporo</strong></span> <span class='ocrx_word' id='word_1_86' title='bbox 811 2267 860 2332; x_wconf 91' lang='lat' dir='ltr'><strong>ius</strong></span> <span class='ocrx_word' id='word_1_87' title='bbox 883 2265 1094 2332; x_wconf 86' lang='lat' dir='ltr'>codicillorum</span> <span class='ocrx_word' id='word_1_88' title='bbox 1117 2265 1149 2331; x_wconf 92' lang='lat' dir='ltr'><strong>in</strong></span> <span class='ocrx_word' id='word_1_89' title='bbox 1172 2260 1284 2330; x_wconf 84' lang='lat' dir='ltr'><strong>usu10</strong></span> 
     </span>
     <span class='ocr_line' id='line_1_13' title="bbox 107 2385 1233 2468; baseline -0.001 -17"><span class='ocrx_word' id='word_1_90' title='bbox 107 2404 169 2451; x_wconf 93' lang='lat' dir='ltr'><strong>non</strong></span> <span class='ocrx_word' id='word_1_91' title='bbox 194 2393 278 2464; x_wconf 82' lang='lat' dir='ltr'><strong>erot3</strong></span> <span class='ocrx_word' id='word_1_92' title='bbox 301 2393 349 2451; x_wconf 91' lang='lat' dir='ltr'><strong>set</strong></span> <span class='ocrx_word' id='word_1_93' title='bbox 376 2386 494 2468; x_wconf 91' lang='lat' dir='ltr'><strong>primus</strong></span> <span class='ocrx_word' id='word_1_94' title='bbox 517 2385 633 2451; x_wconf 90' lang='lat' dir='ltr'><strong>Lucius</strong></span> <span class='ocrx_word' id='word_1_95' title='bbox 656 2386 808 2452; x_wconf 89' lang='lat' dir='ltr'><strong>Lentulus</strong></span> <span class='ocrx_word' id='word_1_96' title='bbox 838 2406 891 2452; x_wconf 91' lang='lat' dir='ltr'><strong>eos</strong></span> <span class='ocrx_word' id='word_1_97' title='bbox 920 2387 1109 2464; x_wconf 80' lang='lat' dir='ltr'><strong>introduxit,</strong></span> <span class='ocrx_word' id='word_1_98' title='bbox 1138 2392 1233 2465; x_wconf 82' lang='lat' dir='ltr'><strong>atque</strong></span> 
     </span>
     <span class='ocr_line' id='line_1_14' title="bbox 108 2503 1232 2584; baseline -0.003 -14"><span class='ocrx_word' id='word_1_99' title='bbox 108 2508 138 2571; x_wconf 93' lang='lat' dir='ltr'><strong>in</strong></span> <span class='ocrx_word' id='word_1_100' title='bbox 163 2525 256 2572; x_wconf 88' lang='lat' dir='ltr'><strong>usuro</strong></span> <span class='ocrx_word' id='word_1_101' title='bbox 282 2507 416 2572; x_wconf 80' lang='lat' dir='ltr'><strong>uocauit</strong></span> <span class='ocrx_word' id='word_1_102' title='bbox 441 2526 510 2571; x_wconf 83' lang='lat' dir='ltr'><strong>nom</strong></span> <span class='ocrx_word' id='word_1_103' title='bbox 535 2526 603 2572; x_wconf 92' lang='lat' dir='ltr'><strong>curn</strong></span> <span class='ocrx_word' id='word_1_104' title='bbox 621 2507 771 2572; x_wconf 88' lang='lat' dir='ltr'><strong>Lentulus</strong></span> <span class='ocrx_word' id='word_1_105' title='bbox 795 2507 911 2573; x_wconf 84' lang='lat' dir='ltr'><strong>Romae</strong></span> <span class='ocrx_word' id='word_1_106' title='bbox 933 2512 1114 2584; x_wconf 85' lang='lat' dir='ltr'><strong>testaretur,</strong></span> <span class='ocrx_word' id='word_1_107' title='bbox 1137 2503 1232 2569; x_wconf 83' lang='lat' dir='ltr'><strong>filiorrr</strong></span> 
     </span>
     <span class='ocr_line' id='line_1_15' title="bbox 109 2624 1232 2708; baseline -0.001 -17"><span class='ocrx_word' id='word_1_108' title='bbox 109 2645 199 2691; x_wconf 85' lang='lat' dir='ltr'><strong>suam</strong></span> <span class='ocrx_word' id='word_1_109' title='bbox 221 2624 368 2690; x_wconf 86' lang='lat' dir='ltr'><strong>heredem</strong></span> <span class='ocrx_word' id='word_1_110' title='bbox 391 2624 543 2704; x_wconf 87' lang='lat' dir='ltr'><strong>instituit,</strong></span> <span class='ocrx_word' id='word_1_111' title='bbox 572 2633 605 2690; x_wconf 89' lang='lat' dir='ltr'><strong>et</strong></span> <span class='ocrx_word' id='word_1_112' title='bbox 627 2625 734 2691; x_wconf 90' lang='lat' dir='ltr'><strong>diuum</strong></span> <span class='ocrx_word' id='word_1_113' title='bbox 767 2628 944 2708; x_wconf 79' lang='lat' dir='ltr'><strong>Angustum</strong></span> <span class='ocrx_word' id='word_1_114' title='bbox 976 2633 1008 2690; x_wconf 92' lang='lat' dir='ltr'><strong>et</strong></span> <span class='ocrx_word' id='word_1_115' title='bbox 1036 2624 1112 2690; x_wconf 83' lang='lat' dir='ltr'><strong>elios</strong></span> <span class='ocrx_word' id='word_1_116' title='bbox 1140 2642 1232 2705; x_wconf 87' lang='lat' dir='ltr'><strong>quos·</strong></span> 
     </span>
     <span class='ocr_line' id='line_1_16' title="bbox 111 2741 1233 2827; baseline -0.002 -17"><span class='ocrx_word' id='word_1_117' title='bbox 111 2747 192 2810; x_wconf 84' lang='lat' dir='ltr'><strong>dom.</strong></span> <span class='ocrx_word' id='word_1_118' title='bbox 239 2744 318 2809; x_wconf 87' lang='lat' dir='ltr'><strong>dixit</strong></span> <span class='ocrx_word' id='word_1_119' title='bbox 339 2753 444 2809; x_wconf 83' lang='lat' dir='ltr'><strong>autern</strong></span> <span class='ocrx_word' id='word_1_120' title='bbox 472 2743 504 2808; x_wconf 92' lang='lat' dir='ltr'><strong>in</strong></span> <span class='ocrx_word' id='word_1_121' title='bbox 534 2741 736 2810; x_wconf 86' lang='lat' dir='ltr'><strong>testamento:</strong></span> <span class='ocrx_word' id='word_1_122' title='bbox 768 2746 822 2810; x_wconf 82' lang='lat' dir='ltr'><strong>»si</strong></span> <span class='ocrx_word' id='word_1_123' title='bbox 845 2764 940 2827; x_wconf 90' lang='lat' dir='ltr'><strong>quos</strong></span> <span class='ocrx_word' id='word_1_124' title='bbox 964 2752 1105 2824; x_wconf 85' lang='lat' dir='ltr'><strong>posteo</strong></span> <span class='ocrx_word' id='word_1_125' title='bbox 1128 2745 1233 2810; x_wconf 91' lang='lat' dir='ltr'>codi-</span> 
     </span>
     <span class='ocr_line' id='line_1_17' title="bbox 110 2862 1283 2941; baseline -0.001 -12"><span class='ocrx_word' id='word_1_126' title='bbox 110 2862 227 2930; x_wconf 91' lang='lat' dir='ltr'>cillos</span> <span class='ocrx_word' id='word_1_127' title='bbox 256 2864 483 2941; x_wconf 75' lang='lat' dir='ltr'><strong>confecero,</strong></span> <span class='ocrx_word' id='word_1_128' title='bbox 513 2865 589 2928; x_wconf 85' lang='lat' dir='ltr'><strong>roti</strong></span> <span class='ocrx_word' id='word_1_129' title='bbox 620 2864 878 2930; x_wconf 71' lang='lat' dir='ltr'><strong>habeantnrn</strong></span> <span class='ocrx_word' id='word_1_130' title='bbox 910 2862 993 2929; x_wconf 88' lang='lat' dir='ltr'><strong>idest</strong></span> <span class='ocrx_word' id='word_1_131' title='bbox 1025 2863 1148 2929; x_wconf 82' lang='lat' dir='ltr'><strong>futuros</strong></span> <span class='ocrx_word' id='word_1_132' title='bbox 1182 2882 1229 2928; x_wconf 93' lang='lat' dir='ltr'>co·</span> <span class='ocrx_word' id='word_1_133' title='bbox 1251 2866 1283 2917; x_wconf 79' lang='lat'><strong>1⁵</strong></span> 
     </span>
     <span class='ocr_line' id='line_1_18' title="bbox 110 2981 1232 3068; baseline 0.001 -21"><span class='ocrx_word' id='word_1_134' title='bbox 110 2983 230 3048; x_wconf 89' lang='lat' dir='ltr'>dioillos</span> <span class='ocrx_word' id='word_1_135' title='bbox 262 2981 467 3048; x_wconf 80' lang='lat' dir='ltr'><strong>confirmauit.</strong></span> <span class='ocrx_word' id='word_1_136' title='bbox 526 2984 638 3050; x_wconf 89' lang='lat' dir='ltr'><strong>deinde</strong></span> <span class='ocrx_word' id='word_1_137' title='bbox 669 3003 739 3051; x_wconf 89' lang='lat' dir='ltr'><strong>cum</strong></span> <span class='ocrx_word' id='word_1_138' title='bbox 768 2985 904 3050; x_wconf 80' lang='lat' dir='ltr'><strong>Africam</strong></span> <span class='ocrx_word' id='word_1_139' title='bbox 933 2983 1091 3066; x_wconf 89' lang='lat' dir='ltr'><strong>petiisset,</strong></span> <span class='ocrx_word' id='word_1_140' title='bbox 1125 2985 1232 3068; x_wconf 90' lang='lat' dir='ltr'><strong>ibique</strong></span> 
     </span>
     <span class='ocr_line' id='line_1_19' title="bbox 110 3101 1230 3187; baseline 0.003 -22"><span class='ocrx_word' id='word_1_141' title='bbox 110 3103 283 3178; x_wconf 85' lang='lat' dir='ltr'><strong>decederet,</strong></span> <span class='ocrx_word' id='word_1_142' title='bbox 307 3101 464 3169; x_wconf 90' lang='lat' dir='ltr'>codicillos</span> <span class='ocrx_word' id='word_1_143' title='bbox 482 3103 564 3168; x_wconf 88' lang='lat' dir='ltr'><strong>iecit.</strong></span> <span class='ocrx_word' id='word_1_144' title='bbox 588 3107 701 3184; x_wconf 84' lang='lat' dir='ltr'><strong>quibus</strong></span> <span class='ocrx_word' id='word_1_145' title='bbox 724 3103 874 3171; x_wconf 90' lang='lat' dir='ltr'>codicillis</span> <span class='ocrx_word' id='word_1_146' title='bbox 897 3106 1022 3186; x_wconf 80' lang='lat' dir='ltr'><strong>rogauit</strong></span> <span class='ocrx_word' id='word_1_147' title='bbox 1045 3108 1230 3187; x_wconf 80' lang='lat' dir='ltr'><strong>Angustum,</strong></span> 
     </span>
     <span class='ocr_line' id='line_1_20' title="bbox 112 3223 1230 3305; baseline 0.003 -18"><span class='ocrx_word' id='word_1_148' title='bbox 112 3240 203 3302; x_wconf 88' lang='lat' dir='ltr'><strong>quem</strong></span> <span class='ocrx_word' id='word_1_149' title='bbox 225 3224 285 3288; x_wconf 90' lang='lat' dir='ltr'>sibi</span> <span class='ocrx_word' id='word_1_150' title='bbox 312 3243 348 3289; x_wconf 93' lang='lat' dir='ltr'><strong>ex</strong></span> <span class='ocrx_word' id='word_1_151' title='bbox 378 3233 467 3303; x_wconf 85' lang='lat' dir='ltr'><strong>perte</strong></span> <span class='ocrx_word' id='word_1_152' title='bbox 496 3223 641 3290; x_wconf 88' lang='lat' dir='ltr'><strong>heredem</strong></span> <span class='ocrx_word' id='word_1_153' title='bbox 669 3227 865 3305; x_wconf 81' lang='lat' dir='ltr'><strong>institueret,</strong></span> <span class='ocrx_word' id='word_1_154' title='bbox 893 3233 928 3290; x_wconf 93' lang='lat' dir='ltr'><strong>nt</strong></span> <span class='ocrx_word' id='word_1_155' title='bbox 956 3225 1073 3305; x_wconf 81' lang='lat' dir='ltr'>aliquid</span> <span class='ocrx_word' id='word_1_156' title='bbox 1103 3223 1230 3300; x_wconf 81' lang='lat' dir='ltr'><strong>iaceret,</strong></span> 
     </span>
    </p>
   </div>
   <div class='ocr_carea' id='block_1_5' title="bbox 113 3340 1231 3426">
    <p class='ocr_par' dir='ltr' id='par_1_6' title="bbox 113 3340 1231 3426">
     <span class='ocr_line' id='line_1_21' title="bbox 113 3340 1231 3426; baseline 0.003 -20"><span class='ocrx_word' id='word_1_157' title='bbox 113 3340 210 3407; x_wconf 90' lang='lat' dir='ltr'><strong>ueluti</strong></span> <span class='ocrx_word' id='word_1_158' title='bbox 232 3348 269 3408; x_wconf 90' lang='lat' dir='ltr'><strong>ut</strong></span> <span class='ocrx_word' id='word_1_159' title='bbox 289 3342 381 3406; x_wconf 81' lang='lat' dir='ltr'><strong>elicui</strong></span> <span class='ocrx_word' id='word_1_160' title='bbox 411 3345 536 3407; x_wconf 87' lang='lat' dir='ltr'><strong>domum</strong></span> <span class='ocrx_word' id='word_1_161' title='bbox 566 3351 742 3422; x_wconf 87' lang='lat' dir='ltr'><strong>extrueret,</strong></span> <span class='ocrx_word' id='word_1_162' title='bbox 771 3351 826 3410; x_wconf 83' lang='lat' dir='ltr'><strong>cut</strong></span> <span class='ocrx_word' id='word_1_163' title='bbox 854 3345 939 3410; x_wconf 82' lang='lat' dir='ltr'><strong>uliud</strong></span> <span class='ocrx_word' id='word_1_164' title='bbox 966 3345 999 3410; x_wconf 94' lang='lat' dir='ltr'><strong>id</strong></span> <span class='ocrx_word' id='word_1_165' title='bbox 1027 3363 1135 3426; x_wconf 79' lang='lat' dir='ltr'><strong>genus.</strong></span> <span class='ocrx_word' id='word_1_166' title='bbox 1184 3363 1231 3409; x_wconf 91' lang='lat' dir='ltr'><strong>re·</strong></span> 
     </span>
    </p>
   </div>
   <div class='ocr_carea' id='block_1_6' title="bbox 0 0 1486 4712">
    <p class='ocr_par' dir='ltr' id='par_1_7' title="bbox 0 0 1486 4712">
     <span class='ocr_line' id='line_1_22' title="bbox 0 0 1486 4712; baseline 0 0"><span class='ocrx_word' id='word_1_167' title='bbox 0 0 1486 4712; x_wconf 95' lang='lat' dir='ltr'><strong> </strong></span> 
     </span>
    </p>
   </div>
  </div>
 </body>
</html>
