2932 4704
549 351 760 416 ..pg-

94 541 195 620 primo
216 538 286 605 loco
309 538 451 606 consules
479 538 643 620 nutusque
670 557 763 606 sexus
790 539 916 623 pupillis
946 559 983 608 ex
1010 540 1211 623 inquisitione

94 664 215 724 tutores
238 659 323 736 dore,
346 657 539 741 inquirentes
560 657 678 726 scilicet
699 677 739 725 sn
762 659 932 741 locupletes
958 661 1022 727 sint
1049 661 1103 741 qui
1129 667 1212 728 tuto·

92 797 143 844 res
165 779 231 843 sint
251 775 360 856 futuri,
384 797 424 843 ou
444 776 536 859 frugi,
560 795 600 842 on
624 777 750 843 uuleout
764 775 866 844 alieno
880 777 964 846 bone
978 778 1211 846 administrare.

91 903 164 978 post
185 915 263 963 uero
285 897 428 963 consules
449 899 544 963 otium
566 901 728 979 praetores
750 917 787 962 ex
809 897 1087 965 constitutionibus
1102 897 1209 965 eodem

91 1017 243 1083 lecerunt.
288 1015 466 1096 praedictae
487 1015 568 1081 euim
597 1014 699 1098 leges,
729 1013 826 1082 Atilio
853 1021 886 1083 et
912 1015 1011 1095 litis,
1042 1035 1143 1102 neque
1172 1018 1211 1082 de
1245 1037 1262 1088 o

91 1137 237 1202 untione
258 1155 278 1202 s
299 1135 456 1202 tutoribus
478 1134 683 1218 praestando,
709 1153 775 1202 rem
796 1134 907 1218 pupilli
929 1137 1048 1202 saluom
1070 1135 1147 1216 iore,
1169 1137 1212 1200 lo·

91 1255 272 1338 quebontur
298 1272 400 1336 neque
425 1255 464 1321 do
490 1253 709 1336 compellendis
737 1255 894 1320 tutoribus
922 1254 964 1321 ed
992 1254 1102 1337 pupilli
1129 1253 1212 1320 boue

53 1377 74 1426 4·
90 1373 340 1441 administrando
368 1371 538 1458 quidquem
566 1371 807 1439 constituebant
848 1374 878 1436 4.
902 1371 959 1438 Set
981 1372 1039 1438 hoc
1060 1372 1130 1440 iure
1152 1373 1213 1438 uti·

91 1511 162 1558 mur
185 1500 221 1559 nt
243 1495 360 1561 Romoe
380 1495 505 1576 quidem
528 1494 703 1578 preelectus
725 1495 796 1562 urbi
818 1493 869 1562 uel
891 1501 1020 1577 prsetor
1041 1496 1210 1563 secundum

89 1632 181 1680 suom
214 1615 459 1684 iurisdictionem
492 1621 627 1682 tutorem
656 1616 743 1683 dent:
779 1615 850 1681 ideo
878 1619 987 1680 eutem
1021 1615 1209 1682 »secuudum
1231 1634 1263 1686 10

89 1753 181 1800 suom
203 1733 467 1802 iurisdictionem«
491 1735 571 1810 dixi,
593 1735 667 1818 quis
688 1740 763 1800 sunt
790 1733 905 1816 onibus
934 1734 1008 1801 urbi
1036 1733 1211 1816 preelectus

90 1873 153 1920 uon
177 1873 255 1920 noro
281 1859 408 1936 praetor
436 1859 571 1920 tutorem
599 1853 676 1920 dore
701 1854 816 1937 possit:
846 1854 877 1918 in
909 1853 1079 1936 prouinciis
1106 1860 1210 1919 sutem

91 1972 253 2055 praesides
279 1973 508 2055 prouinciarum
535 1973 587 2039 uel
613 1973 815 2056 magistratus
843 1973 932 2038 iussu
962 1973 1157 2056 praesidum,
1185 1972 1211 2037 si

52 2109 74 2158 5.
92 2109 211 2172 psruoe
232 2091 296 2156 sint
316 2091 502 2174 pupillorum
528 2090 709 2172 laudatos,
737 2097 858 2158 totores
886 2090 1016 2174 eligent
1061 2091 1090 2154 5.
1124 2087 1212 2155 Prin-

93 2228 165 2294 ceps
186 2216 294 2277 outem
316 2218 422 2277 noster
443 2229 499 2294 per
520 2227 609 2277 suum
631 2211 884 2278 constitutionem
912 2209 1091 2276 huiusmodi
1113 2209 1262 2276 homi-1⁵

93 2349 166 2396 num
188 2327 389 2398 difficultates
404 2348 557 2410 mucuns,
578 2330 671 2398 iussit
685 2303 864 2398 defensores
885 2329 1071 2408 ciuitatium,
1094 2327 1212 2410 proesi-

94 2449 167 2514 dum
188 2449 329 2516 iussione
350 2468 412 2516 non
433 2455 605 2534 expectato„
628 2450 656 2516 si
676 2449 787 2533 pupilli
815 2458 872 2515 sut
892 2448 1023 2514 minoris
1043 2447 1210 2514 ucnlutes

94 2566 195 2634 minus
217 2567 246 2632 D
275 2567 383 2634 solidis
411 2567 559 2646 oducunt,
593 2567 686 2634 simul
711 2585 782 2634 cum
809 2567 950 2633 ciuitutis
975 2565 1210 2652 religiosissimo

94 2685 253 2768 episcopo,
276 2686 530 2754 conuenientibus
552 2685 623 2753 ollis
644 2704 770 2769 quoque
790 2687 924 2769 publicis
947 2686 1105 2770 personis,
1128 2685 1210 2752 idest

94 2805 340 2888 magistratibus,
361 2810 455 2889 otone
477 2805 683 2873 Alexandtioe
704 2804 847 2885 iuridioo,
870 2813 991 2873 tutores
1011 2823 1068 2872 seu
1088 2812 1209 2872 curato
1226 2818 1261 2869 no

92 2941 147 2989 res
166 2943 282 3004 creare,
304 2922 445 3008 legitime
465 2927 608 2993 motione
630 2928 800 2994 secundum
830 2945 868 2994 eo
894 2944 977 3011 quse
1004 2925 1111 2992 ecdem
1139 2943 1210 2994 oon-

92 3042 257 3110 stitntione
286 3045 484 3112 continentur
510 3045 715 3128 praestando,
748 3045 888 3128 periculo
919 3063 1028 3117 corum
1061 3046 1115 3127 qui
1141 3062 1210 3110 sum

51 3177 75 3231 o.
93 3161 259 3245 occipiunt,
279 3165 307 3230 si
327 3164 497 3248 locupletes
518 3184 580 3232 non
601 3165 665 3232 sint
685 3165 739 3246 qui
760 3182 829 3232 sem
858 3163 1043 3246 potunt
1087 3164 1117 3228 6.
1150 3159 1210 3228 Im-

92 3279 231 3363 puberes
252 3283 407 3350 notemin
434 3283 535 3350 totels
561 3302 630 3352 csse
655 3283 792 3352 ncmruli
828 3285 889 3352 iuri
922 3281 1112 3353 wnoeuiens
1145 3287 1209 3362 cst;
