2876 4712
536 369 769 434 -281-

92 555 224 622 loutate.
278 557 303 621 si
343 555 426 623 eninr
464 574 525 623 non
564 555 733 638 contigerit
770 557 935 639 ingenuam
971 562 1102 624 matrem
1138 563 1212 640 tres,

92 673 269 742 libertinam
307 677 366 742 llll
406 695 517 758 perere
557 676 650 755 filios,
687 677 842 743 immerito
880 676 1125 744 defraudabatur
1161 677 1212 743 de·

91 793 190 860 functi
212 795 422 871 successione;
445 791 522 878 quid
544 797 626 862 euim
650 815 777 880 pecasse
792 795 982 864 credendum
1005 802 1063 874 est,
1085 794 1145 862 uisi
1167 794 1214 862 ΠΙ

90 909 204 978 IIHua
237 913 407 997 pepererim
442 933 497 996 per
532 932 610 995 quos
637 913 776 996 legitimo
806 915 875 982 iuro
903 916 1070 982 succedere
1096 921 1212 998 posset,

48 1040 73 1090 o.
92 1039 216 1098 tantum
239 1050 315 1099 uero
337 1051 407 1098 eum
430 1053 550 1113 eamne,
573 1035 626 1117 qni
649 1051 770 1114 quaeue
799 1032 990 1102 decesserit?
1033 1035 1062 1100 5.
1095 1033 1213 1099 Eorum
1246 1047 1264 1098 s

89 1157 198 1216 autem
218 1153 272 1234 qui
294 1171 392 1234 nuper
414 1151 570 1234 principes
592 1153 718 1220 fuerunt
744 1152 982 1220 constitutiones
1011 1153 1213 1219 successionis

88 1269 250 1350 legitimae
265 1273 334 1336 iura
349 1279 592 1353 perscrutantes,
608 1271 722 1354 purtim
737 1280 868 1339 mamam
883 1271 1085 1350 adiuuabant,
1098 1270 1213 1354 partim

86 1409 157 1456 eam
185 1393 453 1472 praegraoabant,
484 1409 544 1457 oon
567 1391 599 1456 iu
630 1391 765 1458 solidum
794 1393 853 1474 ipsi
880 1390 1014 1457 filiorum
1039 1392 1213 1458 attribuens

85 1511 329 1576 successionem.
373 1511 475 1577 setin
499 1510 685 1592 quibusdam
708 1511 848 1590 casibus,
879 1509 978 1577 ueluti
1005 1529 1076 1577 cnm
1102 1509 1214 1577 libero-

86 1649 158 1695 rum
186 1631 234 1694 ius
261 1649 321 1695 nou
346 1631 484 1708 haberet,
508 1631 537 1696 ei
559 1630 686 1696 tertiam
708 1629 926 1696 abstrahentes
954 1635 1089 1713 partem,
1118 1629 1213 1695 certis
1233 1641 1265 1692 lo

88 1749 211 1815 dabant
230 1749 389 1833 personis;
411 1749 551 1832 legitimo
566 1759 671 1816 autem
687 1751 754 1817 iuro
769 1757 944 1818 carenteme
959 1767 1110 1814 conuerso
1124 1757 1214 1834 parte

86 1877 180 1936 certa
201 1868 385 1936 solabantur
406 1870 598 1938 hereditatis.
643 1878 679 1936 nt
701 1889 777 1937 uero
805 1869 920 1936 clarius
949 1875 1102 1952 appareat
1129 1868 1213 1950 quod

87 2007 191 2070 nuper
227 1991 446 2071 exposuimus,
486 2009 541 2072 per
576 1988 749 2071 exemplum
786 1990 889 2056 dicero
923 2005 1052 2056 neeesse
1079 1995 1137 2053 est
1185 1988 1214 2054 si

86 2125 183 2188 quem
207 2111 284 2174 mori
311 2111 493 2204 contigisset
515 2117 646 2176 matrem
661 2110 828 2177 habentem
848 2110 1017 2178 liberorum
1032 2109 1101 2176 iure
1124 2110 1214 2175 dcco·

87 2233 192 2296 ratam
215 2236 423 2311 patruumque
448 2229 498 2295 uel
521 2231 623 2314 patrui
638 2228 745 2309 filium,
761 2231 881 2296 bessem
896 2229 1020 2312 quidem
1035 2235 1144 2307 mater,
1160 2247 1214 2310 pa·
1233 2240 1264 2292 15

89 2353 181 2411 truus
216 2357 321 2414 autem
355 2336 503 2432 patruiue'
538 2349 621 2414 filius
659 2352 804 2415 trientem
849 2349 1011 2431 capiebat:
1051 2349 1098 2414 sin
1136 2367 1212 2413 uero

88 2485 286 2533 econuerso
316 2465 366 2533 ius
389 2486 450 2534 uon
480 2469 641 2536 habuisset
662 2467 830 2535 liberorum
858 2476 974 2546 mater,
1003 2475 1134 2552 patruus
1160 2486 1213 2551 pa·

90 2587 197 2652 truiue
220 2583 306 2650 filius
329 2587 460 2666 bessem,
483 2594 709 2654 maturantem
731 2589 878 2655 trientem
901 2587 1053 2668 capiebat.
1085 2587 1213 2654 sanctis-

88 2711 188 2776 simus
224 2717 330 2776 autem
364 2713 507 2793 princeps
543 2717 649 2778 noster
677 2719 763 2776 recto
791 2717 824 2776 et
853 2706 986 2790 simplici
1009 2707 1061 2772 uia
1082 2714 1211 2772 matram

89 2832 235 2897 omuibus
257 2829 404 2911 legitimis
426 2831 604 2912 anteposuit
625 2831 776 2910 personis,
797 2830 991 2894 imminutam
1005 2827 1065 2908 ipsi
1080 2825 1211 2892 filiorum
1230 2851 1264 2902 ω

90 2955 286 3016 mortuorum
314 2951 539 3016 successionem
576 2949 734 3029 deferens,
762 2953 890 3030 excepto
917 2947 1014 3014 fratre
1043 2952 1075 3012 et
1096 2965 1211 3021 sorore,

90 3071 159 3137 siue
182 3069 404 3152 consanguinei
433 3069 569 3136 defuncti
599 3072 662 3136 siut
691 3070 758 3136 siue
780 3068 847 3135 sola
869 3086 943 3152 erga
965 3084 1034 3133 eum
1058 3066 1211 3148 cognatio

92 3190 139 3255 nis
161 3191 301 3256 habeant
323 3187 404 3255 iuro.
448 3187 635 3255 sicutenim
663 3188 777 3254 ceteris
806 3186 953 3270 legitimis
982 3184 1123 3269 personis
1145 3204 1211 3250 eam

91 3307 269 3391 Imperator
291 3308 479 3392 anteposuit,
503 3309 546 3374 ite
568 3325 690 3373 omnem
713 3305 841 3372 fratrem
861 3323 1043 3386 omnemque
1065 3321 1212 3382 sororem,

92 3430 152 3496 etsi
174 3428 307 3512 legitimi
329 3448 391 3495 nou
414 3427 487 3506 siut,
510 3428 602 3493 simul
624 3446 693 3495 curn
717 3447 754 3496 eo
781 3428 822 3493 ad
850 3425 1056 3494 hereditatem
1078 3424 1202 3490 uocauit
1230 3439 1266 3492 m

92 3551 137 3614 ita
158 3559 263 3615 tamen
286 3556 323 3614 ut
343 3549 369 3615 si
392 3549 517 3630 quidem
546 3547 632 3614 solae
659 3565 782 3614 sorores
812 3547 891 3624 sint,
921 3545 988 3610 siue
1016 3542 1213 3626 adgnationis

93 3669 160 3734 sius
184 3666 378 3750 cognationis
401 3668 555 3734 hahentes
577 3667 657 3746 iuro,
680 3672 713 3732 et
733 3670 835 3732 mater
857 3661 994 3732 defuncti
1017 3664 1068 3732 uel
1089 3663 1213 3729 defunc·
