2932 4704
545 334 777 396 -lll-

103 519 126 581 si
153 517 266 600 planta
302 519 422 584 radices
458 519 568 601 egerit
624 525 793 598 antequam
831 521 914 586 enim
942 537 1017 586 suas
1045 519 1145 602 egerit
1175 539 1225 586 ro·

104 639 179 704 dices
206 645 242 702 et
271 639 378 720 glebas
403 637 561 706 subiectas
584 639 843 720 apprehenderit,
873 639 1005 719 pristino
1029 639 1153 704 domino
1175 657 1224 704 ar·

105 759 155 821 bor
175 760 332 836 pertinet:
361 776 398 822 er
425 776 488 838 quo
517 775 594 822 uero
624 756 745 823 radices
775 757 870 822 arbor
899 758 1017 839 egerit,
1046 759 1223 839 proprietas

102 877 163 939 eius
185 875 228 940 sd
253 875 410 940 dominum
433 874 521 941 tundi
543 876 573 940 in
598 893 660 956 quo
683 882 731 940 est
755 874 896 956 plantata
920 874 1119 941 transfertur.
1167 877 1225 942 ita·

100 1012 155 1074 que
183 995 342 1061 eiusmodi
374 992 518 1078 quaestio
547 1002 617 1060 orta
650 1002 707 1060 est
763 994 885 1060 uicinus
912 1011 999 1060 meus
1028 995 1059 1058 in
1090 995 1224 1061 termino
1258 996 1275 1046 ⁵

13 1137 17 1146 ·
98 1113 161 1193 agri
183 1115 234 1179 sui
259 1131 356 1196 prope
377 1113 544 1180 confinium
568 1115 765 1194 praediorum
794 1131 932 1180 meorum
960 1113 1104 1179 arborem
1132 1114 1224 1180 habe

100 1234 165 1298 bat:
187 1234 280 1299 cuius
303 1234 426 1298 arboris
448 1233 571 1300 radices
597 1234 656 1300 sub
686 1240 772 1298 terra
798 1231 961 1315 paullatim
992 1241 1168 1300 crescentes
1190 1235 1223 1298 in

99 1371 197 1418 meum
221 1353 353 1418 fundum
375 1361 603 1434 peruenerunt,
632 1359 747 1418 terram
771 1370 871 1418 meam
895 1353 1170 1434 apprehenderunt
1191 1360 1224 1418 et

97 1471 167 1535 inde
189 1449 306 1535 numiri
328 1479 507 1552 coeperunt
531 1489 602 1536 cum
623 1471 843 1552 ambigeretur,
868 1471 987 1552 placuit
1009 1488 1109 1536 meam
1133 1471 1223 1537 arbo·

100 1611 161 1656 rem
182 1592 268 1657 lieri:
293 1610 352 1656 non
373 1593 454 1656 enim
478 1591 633 1673 permittit
654 1590 807 1657 naturalis
830 1592 910 1656 ratio
930 1593 1062 1656 alterius
1077 1593 1222 1656 arborem
1244 1595 1276 1646 10

99 1729 179 1789 esse,
204 1729 301 1791 quam
330 1713 419 1775 cuius
450 1711 481 1775 iu
509 1709 606 1776 lundo
636 1709 758 1776 radices
785 1711 909 1776 habeat.
964 1716 997 1774 et
1025 1709 1096 1775 ideo
1124 1729 1221 1792 prope

101 1829 175 1896 fines
197 1830 332 1896 duorum
355 1849 501 1913 agrormn
524 1815 607 1914 quae
627 1833 768 1897 nascitur
788 1832 892 1907 arbor,
915 1831 1003 1897 cuius
1026 1831 1148 1898 radices
1171 1852 1221 1898 ex-

101 1950 268 2014 tendantur
291 1955 323 2014 et
348 1956 517 2029 utrumqne
546 1951 776 2033 amplectantur
805 1949 952 2028 fundum,
982 1951 1153 2017 communis
1176 1950 1220 2016 iit.

55 2067 150 2131 3232.
183 2068 273 2134 Sicut
295 2069 420 2148 plantae
442 2085 522 2148 quae
543 2069 575 2134 in
599 2074 686 2134 terra
707 2071 892 2136 nutriuntur
914 2076 946 2136 et
960 2069 1138 2137 coalescunt
1153 2071 1222 2137 eius

101 2189 186 2266 liunt
208 2190 298 2254 cuius
319 2188 461 2255 subiecta
483 2196 569 2256 terra
590 2195 648 2267 est,
671 2191 780 2256 eadem
802 2191 924 2256 ratione
946 2209 1027 2272 quae
1049 2197 1120 2254 eata
1138 2197 1220 2262 sont,
1243 2201 1273 2251 io

103 2307 198 2374 ueluti
221 2307 410 2373 frumentum
433 2309 584 2375 hordeum
608 2317 714 2375 cetera
736 2311 766 2375 id
789 2329 898 2393 genus,
921 2309 988 2376 solo
1011 2311 1135 2375 cedunt
1173 2316 1223 2374 set

103 2425 182 2492 deut
202 2428 230 2491 is
251 2427 307 2509 qni
329 2427 411 2493 bona
437 2427 498 2493 fide
525 2429 556 2494 in
591 2429 691 2496 alieno
724 2428 790 2494 solo
824 2429 1055 2505 aedifioauerit,
1088 2429 1120 2492 in
1155 2445 1220 2493 rem

103 2547 223 2613 audone
245 2553 419 2614 conuentus
440 2568 498 2631 per
519 2549 731 2632 exceptionem
755 2548 819 2616 doli
847 2549 919 2616 mali
946 2549 1007 2615 sibi
1034 2545 1222 2614 indemnita-

101 2673 161 2728 tem
185 2665 316 2746 quaerit,
338 2667 384 2732 ita
406 2674 437 2732 et
459 2670 513 2748 qni
536 2669 602 2733 suis
624 2657 773 2750 impensis
796 2667 933 2734 alienum
962 2667 1093 2732 fundum
1116 2683 1220 2733 conse·

102 2783 192 2856 uerit,
212 2785 239 2849 ei
261 2785 354 2851 modo
376 2785 409 2851 id
430 2786 513 2852 bona
535 2786 596 2852 fide
615 2787 739 2863 iecerit,
762 2807 819 2869 per
839 2787 903 2854 doli
930 2787 1145 2868 exceptionem
1172 2795 1218 2852 tn·
1239 2797 1274 2848 ao

55 2909 152 2966 tatus
175 2902 242 2968 en't
287 2903 338 2967 33.
372 2902 451 2972 Meis
473 2905 544 2988 quie
566 2906 683 2972 chartis
704 2907 936 2972 membranisue
958 2925 1034 2972 usus
1048 2905 1166 2987 aliquid
1187 2905 1221 2970 in

100 3020 201 3085 isdem
222 3023 363 3104 scripsit:
388 3031 421 3090 et
441 3025 500 3090 hoc
521 3043 597 3091 casu
619 3024 660 3090 od
683 3026 919 3092 similitudinem
942 3025 1001 3091 soli
1028 3026 1221 3106 superimpo-

101 3139 162 3204 sita
184 3141 329 3208 subiectis
344 3143 463 3220 cedent
486 3142 560 3211 licet
574 3163 688 3211 aureae
702 3145 767 3210 sint
780 3145 948 3227 inscriptae
962 3145 1086 3211 litterae
1101 3162 1222 3226 egoque

101 3260 174 3327 libri
197 3262 336 3329 dominus
357 3263 440 3330 fiam.
486 3281 586 3346 neque
607 3264 740 3332 interest
760 3283 800 3330 an
823 3268 987 3332 metricum
1016 3283 1157 3338 carmen,
1179 3282 1219 3329 ao

101 3379 258 3446 historiam
281 3401 321 3448 an
344 3383 517 3449 orationem
540 3385 609 3467 quis
631 3385 801 3465 scripserit.
848 3387 874 3449 si
905 3402 980 3450 uero
1008 3383 1122 3449 librum
1152 3383 1221 3447 uin·
1238 3381 1273 3433 25
