2870 4716
516 376 743 440 ..344-

73 561 305 644 stipnlationeS,
333 580 414 644 qnae
442 561 475 626 in
504 561 607 627 dando
630 568 753 642 otene,
782 563 915 646 quaein
944 561 1085 627 iaciendo
1114 577 1187 625 con·

73 682 199 746 sistunt:
215 701 288 748 nam
302 683 334 746 in
350 683 410 748 illis
425 682 551 764 quidem
567 682 640 748 licet
654 683 724 765 quis
740 703 872 766 poenam
887 703 950 749 non
965 683 1142 766 stipuletur,
1159 681 1186 746 si

72 801 145 882 qnid
168 802 365 884 stipulatoris
387 803 527 880 intersit,
557 803 643 868 ualet
664 803 842 886 stipulati03
869 805 901 869 in
923 803 971 869 his
994 821 1086 880 uero,
1110 820 1187 883 quo-

72 922 150 988 tiens
181 921 213 986 in
243 923 376 988 alterum
405 922 524 1004 absque
553 941 654 1005 poena
683 922 902 1002 conferuntur,
935 923 1098 1006 stipulatio
1124 941 1187 987 non

28 1044 62 1094 22·
74 1042 166 1108 ualet
202 1045 252 1107 22.
275 1043 417 1110 Diximus
432 1043 538 1126 paullo
553 1044 698 1126 superius
714 1045 867 1110 neminem
882 1062 974 1126 posse
990 1048 1074 1108 recte
1096 1061 1185 1108 suam
1203 1051 1221 1101 o

71 1181 133 1226 rem
156 1163 320 1246 stipulari,
348 1182 418 1228 cnm
440 1181 491 1229 res
514 1181 594 1244 quae
617 1163 748 1229 alicuius
769 1164 812 1230 sit
832 1165 932 1245 magis
955 1163 1022 1228 eins
1044 1161 1110 1228 ileri
1134 1181 1187 1227 ne-

71 1287 174 1364 queat
209 1282 292 1348 unde
306 1281 384 1347 illud
399 1287 449 1348 est
470 1267 655 1364 quaesitum.
689 1283 825 1348 moriens
848 1284 918 1364 quis
935 1283 1075 1347 Primum
1097 1282 1185 1347 here·

71 1401 138 1466 dem
162 1402 317 1480 instituit,
346 1401 487 1467 Stichum
510 1407 615 1467 autem
637 1421 764 1467 seruum
787 1422 879 1468 sunm
901 1402 977 1467 mihi
999 1402 1057 1467 sub
1081 1401 1186 1467 condi-

70 1522 156 1587 cione
179 1522 298 1604 legauit
330 1523 383 1587 »si
405 1523 514 1588 nauis
542 1542 585 1588 ex
607 1523 699 1589 Asia
721 1525 911 1590 uenerit«.
957 1523 1058 1588 Titius
1080 1527 1186 1587 autem

70 1641 205 1722 quidem,
229 1643 282 1724 qui
305 1641 423 1707 mihiX
447 1660 559 1708 aureos
575 1642 718 1722 debebat,
741 1642 910 1726 spopondit
923 1662 981 1726 pro
997 1642 1104 1708 decem
1126 1641 1239 1706 illisio

70 1762 175 1826 aureis
189 1761 273 1827 huuc
287 1761 444 1827 hominem
460 1761 601 1828 Stichum
616 1762 691 1827 mihi
707 1762 792 1841 dare,
812 1763 866 1844 qui
881 1761 940 1828 sub
956 1781 993 1827 ca
1008 1741 1188 1827 condicione

69 1881 193 1963 legatus
216 1886 274 1947 est.
318 1881 445 1947 Mortuo
472 1886 625 1948 testatore
651 1887 685 1947 et
706 1881 843 1948 aditione
865 1880 964 1959 iacta,
988 1881 1094 1964 paullo
1116 1885 1189 1963 post

70 2002 165 2066 etiam
194 2001 290 2083 legati
319 2001 458 2067 condicio
487 2002 608 2066 euenit:
642 2002 747 2085 palam
777 2007 827 2067 est
854 2020 904 2066 me
933 2021 969 2066 cx
998 2004 1188 2066 testamento

70 2119 170 2186 Stichi
192 2121 353 2186 dominnm
368 2141 437 2188 esse
455 2121 583 2187 factum.
626 2123 709 2188 uude
731 2141 793 2187 non
815 2140 944 2204 possum
960 2140 1053 2204 agere
1075 2140 1112 2185 ex
1134 2120 1189 2185 sti-

69 2241 182 2321 pulatu
205 2247 315 2306 contra
337 2242 453 2307 Titium
482 2241 622 2308 Stichum
652 2247 770 2324 petens.
816 2239 1079 2332 quemadmodum
1106 2240 1188 2304 enim
1209 2245 1239 2295 15

70 2360 96 2424 si
118 2360 160 2426 ab
182 2361 272 2425 initio
295 2380 382 2427 meus
404 2360 516 2427 inisset
534 2380 597 2426 nou
618 2366 711 2439 recte,
735 2361 788 2426 nbi
811 2361 930 2426 dictum
952 2365 1013 2437 cst,
1037 2360 1068 2424 in
1091 2361 1189 2442 stipu-

71 2479 220 2546 lationem
243 2481 437 2559 deducerem,
459 2482 505 2546 ita
526 2499 627 2564 neque
649 2501 720 2546 eum
736 2499 842 2548 casum
858 2498 987 2563 possum
1005 2480 1038 2544 in
1060 2480 1190 2562 stipula-

71 2600 189 2666 tionem
205 2600 367 2680 deducere,
380 2603 412 2667 in
424 2621 585 2684 quomens
601 2604 643 2669 sit
657 2602 793 2680 futurus,
806 2603 851 2668 nti
867 2604 899 2667 in
914 2603 1072 2686 praesenti
1087 2601 1189 2684 specie

27 2721 236 2803 aarontiugit.
281 2723 331 2786 23.
356 2721 508 2799 Quoniam
538 2741 614 2787 nero
644 2722 762 2787 dictum
784 2728 833 2788 est
854 2722 1090 2804 interrogationi
1120 2741 1190 2788 esse

72 2859 258 2923 responsum
280 2842 558 2921 accomodandnm,
588 2842 666 2907 illud
689 2843 784 2908 etiam
806 2847 977 2908 tractatum
999 2848 1057 2908 est.
1102 2843 1128 2908 si
1151 2842 1190 2908 de
1207 2850 1242 2900 2⁰
1328 2841 1332 2852 '

71 2961 131 3026 alia
154 2981 190 3027 re
213 2963 397 3046 stipulutor,
428 2962 467 3028 de
492 2964 554 3029 alia
580 2964 753 3046 promissor
774 2963 920 3041 senserit,
949 2962 1079 3045 perinde
1104 2963 1191 3027 nulla

71 3081 270 3147 contrahitur
292 3082 450 3164 obligatio,
474 3103 510 3148 ac
532 3084 558 3149 si
581 3083 622 3148 ad
637 3084 913 3164 interrogationem
936 3083 1108 3165 promissor
1129 3100 1190 3146 uon

71 3200 282 3284 responderit:
313 3203 411 3267 ueluti
441 3203 467 3268 si
497 3222 516 3268 a
542 3208 574 3268 te
600 3203 770 3286 stipulatus
797 3202 899 3268 iuero:
931 3201 1068 3266 »dabis
1096 3200 1190 3265 mihi

72 3319 300 3400 Stichumla,
324 3328 359 3387 tu
382 3341 458 3388 uero
481 3322 519 3387 dc
534 3322 697 3405 Pamphilo
719 3323 795 3388 haec
818 3322 878 3386 dici
901 3321 1074 3405 putaueris,
1098 3338 1190 3401 quem

29 3463 64 3515 24,
74 3442 215 3509 Stichum
238 3460 354 3508 uocare
375 3441 561 3508 credideras.
607 3445 656 3506 24.
680 3441 777 3524 Turpi
807 3460 963 3507 excausa
988 3441 1072 3505 iacta
1093 3440 1190 3522 stipu-
1209 3443 1242 3493 25

70 3563 148 3644 ‚latio
175 3563 294 3628 inutilis
317 3567 380 3631 est:
409 3562 508 3628 ueluti
535 3563 561 3626 si
591 3563 661 3644 quis
687 3561 888 3626 homicidium
916 3561 967 3626 uel
994 3559 1191 3640 sacrilegium

129 4258 228 4312 Theopn.
242 4261 355 4302 Antecess-
369 4273 411 4302 rec.
427 4258 516 4300 demini.
