2960 4704
534 335 774 382 -mpa

91 499 259 578 medenda,
281 517 395 582 graeca
416 500 634 583 interpretatio
656 499 766 566 addita
787 503 844 565 est
869 497 1001 581 Saepius
1025 499 1079 565 ubi
1100 517 1215 584 graeca

93 621 208 704 φράσις
230 620 362 687 nimium
390 620 508 686 latinae
535 619 681 686 haereret
708 621 840 701 ideoque
866 619 1029 686 obscurior
1050 619 1214 698 euaderet,

92 739 154 806 alia
177 741 351 808 substituta
372 746 431 818 est,
453 758 535 822 quae
558 737 730 820 elegantior
752 743 785 804 et
812 737 926 805 clarior
955 747 1046 804 esset
1093 737 1121 803 si
1144 737 1214 819 quis

92 867 226 944 quaerat
248 863 331 926 unde
353 860 453 926 altera
473 860 549 925 haec
572 860 810 944 παραφράσεως
833 859 973 926 recensio
996 857 1099 942 (culus
1114 876 1217 924 erent·

92 979 162 1061 plur
184 979 390 1062 praecipuum
403 979 564 1046 Palatinus
587 978 684 1044 ceder
707 995 776 1044 esse
798 977 937 1060 uidetur)
961 979 1146 1056 manauerit,
1169 995 1217 1044 re

93 1100 305 1182 spondeamus
332 1117 458 1166 necesse
485 1105 534 1164 est
562 1118 631 1164 earn
658 1097 850 1180 probabilius
879 1118 899 1164 a
933 1098 1040 1165 schola
1067 1097 1217 1179 originem

94 1219 220 1293 ducere,
243 1237 337 1300 quam
366 1219 506 1284 condidit
526 1216 752 1284 Constantinus
776 1217 1008 1284 Monemachus.
1052 1223 1218 1301 utramque

94 1337 177 1404 enim
200 1339 338 1421 linguam
368 1339 481 1404 callere
510 1357 547 1404 cx
578 1339 644 1404 eius
673 1336 907 1404 constitutionis
937 1339 1094 1404 sententia
1123 1342 1218 1404 Ante·

94 1478 237 1526 cessores
259 1458 415 1525 debebant
429 1477 528 1542 eoque
543 1460 609 1538 niti,
624 1466 660 1524 ut
682 1459 777 1526 libres
799 1458 878 1525 iuris
901 1459 1103 1526 emendarent
1124 1465 1219 1540 atque

94 1581 330 1663 peruulgarent
381 1580 413 1643 in
435 1595 498 1660 quc
520 1595 614 1658 opere
635 1577 825 1659 perficiendo
851 1597 913 1644 nun
941 1578 1044 1645 omnia
1066 1587 1220 1645 correctn-

95 1717 146 1766 res
169 1719 208 1766 ex
232 1717 304 1778 suu,
328 1705 363 1763 ut
384 1699 428 1764 ita
458 1698 575 1776 dicam,
604 1716 687 1778 penu
715 1700 929 1780 protulerunt,
957 1704 1007 1765 eet
1033 1698 1157 1766 scholiis
1188 1708 1219 1765 et

96 1821 179 1884 netis
201 1817 253 1884 usi
273 1825 356 1893 sunt,
378 1837 460 1900 quae
481 1819 542 1883 iam
565 1824 640 1884 tunc
661 1821 810 1902 temporis
833 1825 984 1885 extarent
1018 1820 1049 1884 in
1071 1820 1220 1886 uetustiu-

97 1938 184 2005 ribus
206 1939 290 2004 enim
312 1937 556 2019 manuscriptis
578 1938 753 2016 codicibus,
780 1940 833 2020 qui
862 1938 1026 2022 pristinam
1056 1939 1142 2004 illam
1173 1958 1220 2004 re-

99 2059 273 2124 censionem
296 2058 398 2124 adbuc
420 2057 646 2140 praeseferunt,
669 2058 785 2124 scholia
808 2065 840 2124 et
861 2060 983 2140 glossae
1005 2065 1079 2125 sunt
1100 2061 1221 2142 conspi-

103 2197 163 2256 cua,
187 2195 272 2262 quae
294 2179 325 2242 in
348 2177 485 2260 repetita
505 2177 714 2262 praelectione
736 2179 768 2244 in
795 2179 897 2263 ipsum
925 2185 1045 2246 tentum
1067 2180 1221 2245 translate

101 2303 180 2364 sunt.
235 2297 312 2364 baec
333 2295 439 2362 omnia
459 2299 491 2362 in
513 2304 621 2364 nostra
643 2297 701 2364 hac
723 2297 859 2365 editione
881 2299 1046 2381 perspicua
1060 2300 1127 2366 lore
1150 2320 1222 2368 con·

99 2416 240 2484 fidimus:
263 2435 333 2483 cum
356 2417 437 2483 enirn
468 2417 500 2482 in
527 2425 615 2483 textu
645 2416 852 2498 antiquiorem
881 2419 1093 2486 recensionem
1122 2423 1222 2488 secuti

101 2537 211 2617 simus,
234 2537 363 2602 alteram
388 2537 537 2603 seriorem
559 2538 591 2603 in
614 2539 696 2604 nobs
718 2545 868 2620 perpetue
891 2539 1069 2606 rettulimus
1092 2542 1144 2624 (er
1164 2539 1224 2606 Pa·

101 2657 198 2724 latino
221 2659 407 2739 praesertim
430 2664 470 2736 et
494 2659 576 2742 quod
598 2658 638 2724 ad
656 2658 738 2724 idem
754 2660 845 2734 redit,
868 2659 1080 2727 Laurentiano
1097 2659 1221 2740 LXXX,

102 2780 146 2863 e).
186 2787 288 2846 restat
310 2786 346 2844 ut
369 2781 407 2844 de
427 2778 603 2862 praecipuis
626 2777 784 2846 codicibus
806 2797 906 2862 pauca
928 2781 1128 2846 disseremus.

185 2898 293 2964 Codex
327 2900 465 2983 omnium
494 2901 762 2980 prestantissimus
799 2902 927 2982 estqui
956 2901 1223 2966 Messanensis

101 3026 243 3086 uocatur.
253 3019 278 3101 ¹)
323 3020 376 3101 qui
406 3038 475 3085 cum
499 3020 590 3086 bodie
612 3019 719 3099 lateat,
742 3017 866 3089 cottam
889 3017 1029 3086 (larionis
1053 3020 1224 3101 diligentis·

102 3140 177 3206 mma
200 3138 344 3206 confecta
366 3146 452 3206 extat
474 3141 505 3206 in
522 3139 621 3222 Regia
636 3139 831 3208 Bibliotheca
847 3140 1050 3223 Berob'nensi,
1073 3139 1127 3208 ubi
1141 3139 1225 3205 inter

101 3259 225 3328 cedices
252 3276 381 3342 gnaeum
410 3277 505 3325 manu
537 3260 670 3340 scriptos
696 3260 885 3326 adseruatur
911 3261 1001 3344 (tea
1024 3261 1054 3326 iu
1076 3261 1140 3342 4⁰).
1163 3279 1226 3326 ma·

101 3399 239 3465 gnopere
261 3378 427 3447 dolendum
450 3399 519 3446 eum
542 3381 622 3446 adeo
644 3398 713 3446 csse
735 3381 878 3446 mutilum
907 3387 944 3446 ut
969 3379 1048 3447 liber
1071 3379 1118 3445 1¹¹·
1141 3387 1225 3447 totus

100 3501 166 3570 lere
200 3499 418 3578 desideretur,
456 3500 531 3564 item
562 3500 642 3567 liber
675 3498 780 3564 tntu·
814 3520 833 3566 a
866 3502 900 3566 ti.
934 3504 1019 3565 14¹¹¹¹²
1052 3519 1151 3584 usque
1184 3502 1225 3567 ad

102 3619 204 3686 linem.

171 3931 196 4002 ¹)
216 3929 299 3984 Plura
317 3928 351 3984 de
379 3926 458 3983 buius
476 3927 580 3984 Codicis
605 3935 702 3984 natura
728 3927 840 3998 exposui
864 3928 892 3982 in
915 3927 1076 3982 Rendiconti
1094 3926 1161 3981 dell’
1179 3927 1226 3981 lst.

107 4013 197 4071 Lomb.
219 4019 260 4082 16,
277 4017 363 4083 utsq.
395 4015 435 4070 ct.
455 4015 533 4072 etiam
556 4013 733 4070 Bluhmius
755 4016 783 4067 in
807 4013 992 4082 ephemeride,
1016 4029 1085 4082 quae
1106 4013 1226 4068 inscribi·

107 4105 152 4155 tur
168 4101 327 4157 Zeitschrilt
345 4099 388 4154 lttr
406 4100 495 4170 gesch.
513 4099 544 4155 tt
563 4099 606 4155 W.
628 4099 687 4165 Vll,
703 4105 728 4168 3,
747 4102 799 4157 370
809 4116 864 4170 sqq.
