2960 4704
564 393 753 458 ..5-

186 575 306 642 dentur
332 577 423 644 ntiiia
451 581 534 646 tradi
561 597 655 662 posse
681 599 720 648 ea
748 597 841 648 nosse
869 581 1086 660 studentibus,
1117 581 1146 646 ei
1179 581 1219 646 ab

185 695 280 765 initio
315 697 434 766 leuiore
467 707 563 784 atque
594 701 783 784 simpliciore
815 701 929 769 deinde
955 701 1154 783 diligentiore
1187 707 1221 766 et

186 817 357 901 suptiiiore
379 819 640 902 interpretatione
663 819 789 902 singula
803 822 978 887 traduntur.
1011 838 1085 887 uam
1108 821 1135 886 si
1157 825 1219 886 ata·

188 937 247 1002 tim
275 937 307 1002 in
335 938 462 1007 exordio
489 941 599 1005 rudem
629 939 733 1005 adhuc
760 947 794 1006 et
821 941 1050 1006 inconstantem
1079 939 1217 1005 animum

189 1055 260 1121 eius
282 1057 336 1136 qui
357 1055 480 1122 iuribus
507 1058 614 1124 studet
640 1058 840 1124 multitudiue
868 1077 905 1126 ac
933 1056 1089 1124 uarietate
1115 1057 1218 1140 legum
1253 1056 1270 1108 ὕ

190 1176 430 1242 ouerauerimus
453 1195 545 1247 estora
561 1190 756 1247 desiderantur.

223 2021 273 2088 De
294 2023 365 2089 iure
386 2023 524 2090 naturali
546 2025 687 2108 gentium
711 2033 743 2090 et
764 2025 861 2092 ciuili.
906 2023 1030 2091 Titulus
1053 2023 1083 2088 2.

179 2190 235 2258 Ins
258 2191 403 2258 naturale
424 2193 578 2276 estquod
599 2194 640 2258 ad
663 2195 767 2260 omnia
788 2195 951 2275 animalia,
974 2214 1055 2279 quoe
1082 2195 1114 2261 in
1137 2199 1223 2260 terra

97 2313 126 2376 in
147 2329 232 2393 aqua
256 2315 287 2376 in
308 2312 396 2379 coelo
418 2320 500 2392 sunt,
523 2313 712 2379 extenditur.
735 2331 796 2380 non
812 2315 893 2380 enim
909 2313 948 2379 nd
966 2313 1106 2381 homines
1121 2331 1221 2397 usque

97 2433 314 2498 tantummodo
330 2431 394 2497 uim
410 2449 497 2498 suam
513 2439 628 2498 natura
642 2433 807 2512 continuit,
830 2440 879 2500 set
891 2450 974 2514 quae
986 2435 1018 2499 in
1040 2435 1127 2500 coeio
1148 2437 1223 2497 sunt
1242 2414 1274 2465 ¹⁰

98 2553 266 2632 ordinauit,
281 2570 363 2634 quae
378 2551 410 2617 in
427 2559 513 2618 terra
528 2554 692 2636 disposuit,
709 2571 765 2618 neo
787 2571 869 2636 quae
890 2553 922 2618 in
946 2570 1028 2634 aqua
1050 2553 1222 2635 gignuntur

98 2691 155 2736 sua
176 2672 377 2754 prouidentia
399 2672 538 2753 expertia
560 2671 696 2754 reliquit
740 2673 808 2739 eius
836 2679 941 2737 autem
970 2671 1122 2738 naturalis
1143 2669 1222 2736 iuris

98 2792 239 2876 exempla
260 2799 335 2858 sunt
357 2794 453 2858 maris
474 2790 672 2872 feminaeque
692 2791 886 2873 coniugatio,
908 2809 1002 2874 qnam
1032 2809 1089 2857 uos
1116 2791 1223 2854 matri·

98 2913 235 2977 monium
257 2912 460 2994 appellamus,
483 2918 693 2992 natorumque
714 2910 860 2977 educatio
882 2917 915 2976 et
942 2929 1030 2977 eura
1077 2907 1222 2976 uidemus

97 3033 177 3096 enim
200 3049 262 3095 non
285 3029 426 3096 homines
448 3037 581 3108 tantum,
604 3033 654 3095 set
675 3035 782 3095 cetera
803 3047 928 3112 quoque
954 3027 1103 3095 animalia
1130 3030 1221 3096 iatius
1242 3011 1273 3064 ¹⁶

97 3151 172 3216 iuris
195 3151 400 3216 obseruantia
421 3149 552 3216 censeri.
597 3169 667 3216 cum
691 3152 773 3218 enim
794 3158 909 3216 natura
930 3151 1056 3231 singula
1077 3151 1222 3216 animalia

97 3271 191 3335 morti
214 3271 381 3353 absumpta
403 3271 535 3349 uideret,
558 3289 617 3353 per
638 3273 764 3353 nuptias
786 3270 1018 3354 liberorumque
1033 3270 1221 3355 procreatio-

97 3409 166 3454 nem
198 3401 295 3478 atqne
324 3409 400 3473 ergo
427 3397 518 3457 natos
541 3410 680 3457 amorem
702 3397 734 3456 et
760 3408 866 3456 curam
888 3390 1155 3456 immortalitatem
1177 3389 1221 3471 ip·

64 3527 83 3578 1.
98 3511 139 3576 sis
153 3514 359 3595 comparauit
398 3515 426 3578 1.
449 3513 590 3578 Diximus
612 3513 643 3578 in
659 3510 875 3594 superioribus
897 3512 968 3576 iura
990 3519 1046 3575 aut
1068 3509 1222 3576 naturalia

99 3649 166 3698 esne
188 3638 247 3697 aut
268 3633 406 3716 gentium
428 3639 484 3699 aut
505 3633 620 3698 oiniiia.
642 3651 713 3699 oum
735 3633 814 3698 iuris
836 3631 989 3698 naturalis
1011 3629 1221 3697 definitionem
1241 3619 1275 3672 2⁰
