2884 4728
533 407 574 416 —-
622 371 685 436 393
719 376 774 415 '—

92 547 199 612 sciens
222 566 289 612 rem
310 545 540 614 commodatam
561 565 631 612 esse
649 547 830 628 subreptam
852 545 1039 610 commodati
1056 545 1212 610 actionem

92 673 236 755 elegerit.
259 672 287 736 si
297 691 373 736 uero
386 679 459 754 post
474 671 562 736 litem
579 677 794 752 contestatam,
813 690 847 735 re
864 677 1037 754 comperta,
1053 670 1212 734 remittere

93 797 253 862 actionem
276 797 465 862 commodati
489 803 520 860 et
544 796 585 860 ad
607 795 683 861 furti
709 795 875 879 peruenire
902 795 1053 876 uoluerit,
1082 795 1156 859 licet
1183 795 1214 859 ei

93 922 127 985 id
151 921 258 986 facere
282 941 321 986 er
345 921 457 986 eadem
487 921 706 986 constitutione
730 927 762 985 et
784 921 937 986 aduersus
966 921 1065 984 furem
1094 920 1212 1001 uenire,

93 1047 183 1110 nullo
207 1046 370 1111 obstaculo
394 1047 424 1110 ei
448 1046 650 1130 opponendo,
680 1046 827 1126 quoniam
850 1045 988 1110 nondum
1018 1045 1065 1110 rei
1095 1065 1212 1127 gnarus
1250 1055 1265 1106 5

94 1192 168 1236 cum
191 1192 239 1252 eo,
264 1173 317 1254 qui
340 1191 407 1236 rem
430 1170 660 1236 commodatam
676 1171 808 1254 accepit,
832 1171 919 1235 litem
936 1177 1130 1235 contestatus
1151 1177 1213 1250 est;

93 1297 159 1361 nisi
184 1303 289 1361 tamen
312 1297 339 1361 is
364 1296 489 1361 domino
519 1296 707 1361 satisfecerit
731 1295 770 1360 de
794 1316 828 1360 re
852 1297 1017 1378 subrepta,
1046 1301 1213 1375 antequam

92 1423 166 1505 ipse
189 1429 381 1504 compertum
405 1422 537 1486 baberet
559 1441 629 1486 eam
658 1441 729 1485 esse
756 1422 946 1504 subreptam.
996 1428 1068 1484 tunc
1100 1420 1214 1484 etenim

94 1547 148 1610 sur
175 1546 300 1611 dominc
330 1547 453 1612 actione
480 1546 557 1611 furti
585 1547 845 1628 nontenebitu13
875 1553 923 1610 set
947 1546 1150 1610 conuenietur
1174 1546 1214 1608 ab

94 1691 146 1752 eo,
171 1671 224 1753 qui
246 1690 313 1735 rem
335 1672 483 1736 utendam
507 1671 638 1754 accepit,
663 1671 777 1753 quique
801 1691 859 1735 sua
881 1671 1017 1754 pecunia
1038 1649 1213 1734 indemnem
1235 1678 1268 1728 10

94 1795 256 1860 dominum
280 1797 428 1861 seruauit.
465 1796 752 1861 manifestissimum
775 1796 853 1860 illud
877 1816 1001 1878 quoqne
1028 1803 1085 1879 est,
1110 1797 1136 1859 si
1161 1796 1214 1858 do-

93 1921 200 1984 minus
214 1921 364 2003 ignorans
379 1941 444 1984 rem
462 1941 532 1986 esse
550 1921 731 2004 subreptam
752 1921 908 1985 actionem
929 1921 1064 1985 instituit
1080 1939 1215 1984 commo·

96 2045 173 2126 dati,
197 2052 310 2128 postea
333 2052 436 2111 autem
460 2047 575 2111 certior
598 2046 769 2128 aliquando
793 2047 894 2111 factus
912 2045 953 2110 ad
969 2047 1044 2110 furti
1059 2046 1215 2110 actionem

94 2169 236 2252 transiit,
266 2190 329 2234 non
350 2190 446 2254 posse
469 2191 540 2236 eum
567 2192 674 2236 rursus
698 2171 739 2234 ad
770 2171 958 2235 commodati
984 2171 1139 2234 actionem
1168 2189 1215 2232 re-

94 2295 188 2376 uerti,
213 2294 366 2359 liberatur
388 2297 471 2360 enim
494 2295 531 2377 is,
557 2296 691 2376 quirem
708 2295 938 2361 commodatam
959 2296 1091 2378 accepit,
1116 2295 1268 2358 istan-15

94 2420 181 2484 tione
206 2421 248 2484 ab
270 2419 326 2483 illo
350 2427 516 2503 concepta,
545 2421 620 2485 licet
643 2421 725 2485 actio
749 2422 902 2485 aduersus
927 2419 1027 2484 furem
1052 2440 1114 2484 non
1137 2416 1216 2501 cpti-

94 2565 180 2608 mum
204 2544 322 2608 exitum
345 2544 507 2626 sortiatur3
537 2544 612 2627 quia
639 2565 736 2628 saepe
764 2547 850 2610 fures
877 2565 941 2609 non
969 2544 1120 2609 soluendo
1144 2562 1215 2606 esse

95 2668 381 2753 deprehenduntur.
416 2668 528 2733 eadem
552 2671 694 2753 optinent
717 2671 784 2735 siue
800 2671 832 2734 in
848 2677 969 2753 partem
995 2671 1062 2734 siue
1087 2671 1119 2734 in
1143 2669 1215 2732 scli-

95 2795 169 2858 dum
192 2794 241 2858 rei
257 2793 317 2858 sibi
333 2795 551 2859 commodatae
567 2795 595 2860 is
612 2796 665 2876 qui
680 2797 803 2878 accepit
820 2795 1072 2860 aestimationem
1092 2795 1215 2862 soluere

37 2933 83 2986 17.
95 2920 207 3002 possit.
256 2922 304 2986 17.
328 2921 405 2984 Rem
430 2940 532 2985 meam
556 2920 640 3004 apud
656 2921 773 2986 Titium
790 2920 931 3004 deposui.
971 2921 1168 3003 diligentiam
1183 2919 1216 2984 in
1235 2929 1269 2980 ab

94 3063 129 3109 re
158 3044 304 3128 deposita
332 3051 494 3129 praestare
522 3065 586 3111 uon
613 3044 721 3126 debet,
757 3045 873 3129 quippe
905 3046 959 3127 qui
991 3046 1110 3110 nullum
1143 3044 1216 3109 inde

95 3169 294 3234 commodum
319 3169 488 3254 percipiat;
512 3171 606 3234 immo
624 3177 733 3235 contra
748 3169 825 3235 rnibi
840 3170 966 3235 dominc
984 3191 1113 3235 causam
1135 3190 1216 3235 com-

95 3295 183 3359 modi
211 3295 378 3377 praebeat,
414 3294 467 3376 qui
494 3295 526 3358 in
553 3295 667 3360 tutiore
697 3295 782 3371 lucc,
815 3315 908 3376 quarn
938 3295 1023 3378 apud
1053 3315 1116 3376 me,
1149 3314 1216 3359 rem

97 3421 242 3507 deposui.
274 3422 307 3486 in
327 3442 366 3486 eo
382 3442 458 3487 uero
480 3428 600 3486 tantum
621 3424 775 3488 obnoxius
799 3423 859 3486 erit
883 3421 1029 3506 depositi,
1054 3441 1123 3485 cum
1147 3421 1216 3502 ipse

97 3547 278 3631 depositam
301 3567 367 3612 rem
396 3536 469 3613 dolo
493 3548 577 3612 malo
604 3547 742 3612 laeserit.
788 3568 852 3629 qua
875 3547 914 3612 de
938 3567 1036 3612 causa
1060 3547 1161 3610 sires
1185 3546 1215 3610 ei
1235 3556 1268 3608 25

97 3674 253 3758 subrepta
275 3671 381 3755 fuerit,
405 3673 480 3754 quia
502 3674 715 3738 restituendae
744 3672 810 3738 eius
839 3673 964 3736 nomine
993 3692 1055 3736 non
1082 3679 1216 3752 tenetur,

96 3798 234 3878 ideoque
268 3797 335 3862 eius
364 3817 428 3861 non
455 3797 579 3862 intersit
609 3818 676 3864 rem
711 3798 846 3878 seruari,
881 3797 1036 3861 aduersus
1064 3817 1134 3861 eum
1163 3797 1217 3878 qui

98 3921 256 4006 subripuit
271 3940 334 3986 non
356 3923 487 3987 habebit
509 3922 584 3987 furti
600 3923 764 4004 actionem,
789 3930 837 3987 set
853 3943 892 3986 ea
908 3922 1034 3987 domino
1052 3930 1216 4006 competet.

41 4049 151 4113 1818.
165 4047 203 4111 In
226 4067 348 4112 summa
371 4047 531 4112 sciendum
554 4047 612 4112 tibi
635 4055 691 4129 est,
715 4047 890 4130 quaesitum
915 4067 986 4112 esse
1010 4067 1050 4112 en
1073 4047 1216 4131 impubes

99 4191 166 4235 rem
205 4171 342 4236 alienam
377 4172 551 4237 amonendo
586 4172 661 4238 furti
696 4173 850 4237 obnoxius
885 4175 939 4254 sit,
963 4173 1056 4314 [quinaaa
1084 4174 1215 4238 affectus
1235 4183 1269 4234 30

1007 4265 1021 4316 ὗ
