2876 4712
555 325 785 390 -301-

76 533 99 584 a,
118 513 145 576 2.
170 511 270 578 Datur
284 511 469 594 adsignandi
486 512 617 578 facultas
632 519 775 595 patrono,
792 514 844 592 qui
865 514 943 579 duos
958 514 1104 596 pluresue
1119 511 1233 576 liberos

115 631 145 696 in
168 639 322 712 potestate
337 632 470 698 babeat:
492 634 685 714 emancipato
708 639 812 698 autem
835 631 995 714 adsignari
1017 631 1135 714 nequit.
1159 631 1232 713 quid

115 771 187 833 ergo
211 760 258 818 est
280 753 307 817 si
330 754 399 834 quis
422 771 490 818 cum
514 753 659 818 libertum
682 751 825 818 filiosuo
852 753 884 817 in
912 757 1068 834 potestate
1090 752 1234 832 adsigna-

114 873 205 952 uerit,
228 881 338 954 postea
365 875 458 938 uiuus
486 871 583 938 lilium
615 871 810 954 emancipet?
839 889 1027 952 quaeramus
1057 889 1130 936 num
1160 891 1233 936 eua-

112 999 220 1058 nescat
242 991 430 1073 adsignatio.
477 999 509 1056 et
530 991 645 1073 placuit
674 990 795 1057 Iuliano
824 1000 855 1057 et
882 991 952 1056 aliis
979 990 1137 1073 plerisque
1159 1008 1231 1073 pru·
1267 999 1283 1052 o

72 1129 94 1182 a.
112 1113 259 1178 dentibus
282 1131 478 1178 euanescere.
513 1110 543 1174 3.
576 1113 685 1176 Potest
706 1111 863 1192 adsignari
886 1131 946 1176 non
970 1113 1060 1176 modo
1083 1113 1113 1176 in
1137 1118 1239 1177 testu·

112 1241 216 1299 mento
239 1239 288 1300 set
310 1233 402 1299 etiam
426 1234 465 1299 ab
487 1235 645 1311 intestato,
669 1251 724 1298 nec
747 1240 820 1298 sunt
835 1234 873 1297 ad
889 1233 947 1298 hoc
962 1231 1122 1298 sollemnia
1137 1234 1235 1298 uerba

112 1355 293 1419 constituta.
317 1353 431 1419 metum
448 1361 496 1416 est
510 1359 615 1416 autem
635 1359 762 1417 senatus
778 1352 952 1418 consultum
966 1350 1005 1416 de
1020 1351 1234 1432 adsignatione

112 1476 175 1538 diui
200 1472 326 1539 Claudii
348 1472 550 1553 temporibus,
573 1469 672 1537 Suillo
695 1472 774 1536 llnlo
798 1478 829 1535 et
844 1469 992 1536 Hostorio
1008 1469 1141 1553 Scapula
1163 1489 1234 1536 con-

111 1595 242 1659 sulibus.
1252 1592 1284 1643 ¹⁰

311 2243 356 2308 De
378 2245 528 2310 bonorum
552 2243 808 2325 possessionibus.
854 2240 977 2306 Titulus
1001 2243 1029 2304 9.

195 2428 288 2494 Sicut
308 2430 358 2494 lex
380 2429 438 2494 llll
462 2431 638 2495 tabularum
661 2429 886 2494 successionem
917 2447 953 2492 ex
976 2433 1163 2492 testamento
1187 2437 1235 2491 at·

109 2571 170 2632 que
192 2553 235 2616 ab
258 2552 407 2616 intestato
430 2551 619 2630 introdusit,
642 2559 736 2632 atque
764 2555 854 2617 modo
878 2553 944 2632 ipso
966 2552 1035 2617 iure
1058 2552 1125 2616 fieri
1148 2553 1235 2618 here-

111 2673 165 2736 des
189 2673 320 2749 eosqui
350 2683 505 2736 uocantur
531 2672 634 2745 iubet,
663 2672 760 2737 ueluti
794 2671 1000 2750 necessarios,
1035 2674 1126 2738 modo
1161 2692 1234 2738 uero

109 2792 208 2868 adire,
233 2791 331 2855 ueluti
354 2801 484 2868 ceteros
506 2793 551 2856 ila
574 2799 606 2856 et
628 2801 753 2872 praetor
776 2793 928 2858 bonorum
957 2793 1169 2874 possessiones
1191 2795 1234 2858 in-

109 2911 269 2990 troduxit,
292 2929 347 2990 pec
370 2929 447 2992 quas
470 2913 562 2975 modo
584 2913 712 2993 corrigit
738 2911 787 2976 ins
810 2913 918 2990 ciuile,
947 2915 1037 2978 modo
1061 2913 1153 2979 etiam
1180 2916 1234 2977 im·
1256 2933 1285 2983 15

109 3037 242 3113 pugnat.
266 3049 323 3096 nec
346 3040 467 3096 tautum
490 3034 520 3096 in
543 3031 581 3096 iis
603 3033 861 3107 successionibus,
884 3042 920 3098 ut
941 3034 1131 3112 dictumest,
1154 3051 1234 3115 quae

111 3153 150 3215 ab
173 3152 325 3216 intestato
348 3151 530 3217 deseruntur
553 3154 634 3233 (cum
658 3153 738 3217 enim
761 3153 828 3217 iure
855 3153 938 3219 ciuili
967 3156 1068 3236 capite
1085 3155 1235 3219 deminuti

111 3279 143 3334 et
164 3270 222 3352 qui
244 3273 284 3336 ab
307 3271 383 3350 ipsis
406 3271 614 3352 descendunt,
644 3293 761 3340 necnon
789 3294 844 3355 per
874 3271 1013 3339 feminini
1043 3294 1134 3340 sexus
1164 3293 1235 3342 con·

111 3392 239 3457 iunctae
275 3409 427 3474 personae
460 3391 671 3470 reicerentur,
713 3393 841 3459 tertium
878 3397 1057 3473 excogitans
1094 3395 1233 3460 ordinem
