2936 4704
538 381 773 445 -169-

72 563 161 640 siat
180 570 272 632 antea
296 564 416 632 iactum
439 571 660 632 tesumemum
682 584 776 632 suum
799 571 906 632 ratum
922 571 1072 632 remanet
1096 567 1126 630 4.
1142 563 1219 632 an-

102 701 149 750 uus
167 691 273 750 autom
296 684 410 751 testari
438 689 543 766 potest
571 703 704 751 seruans
734 703 815 768 quae
848 691 941 750 cauta
968 691 1043 751 suut
1070 685 1219 751 eonstitu-

70 805 174 870 atione
195 803 291 869 diuae
316 803 484 870 memoriae
506 802 628 870 Iustiui.
676 805 706 868 5.
740 803 802 884 Qui
833 803 917 888 apud
945 803 1051 871 hostes
1082 808 1131 869 est
1158 822 1219 870 sou

101 927 174 989 reete
201 921 287 1005 apud
318 922 443 988 eosdem
471 922 547 989 facit
573 927 814 1002 testamentum,
845 922 992 1006 quemuis
1018 923 1050 988 in
1079 927 1219 988 nostram

100 1041 251 1107 ciuitatem
273 1042 393 1108 redeat
432 1048 653 1109 testamentum
676 1049 783 1109 autem
805 1043 889 1125 quod
916 1041 1000 1124 apud
1023 1059 1081 1107 uos
1102 1039 1219 1116 iecerit,
1253 1043 1272 1093 ὅ

100 1161 192 1226 ualere
220 1160 356 1226 dicimus
384 1160 479 1227 etiam
509 1161 536 1226 si
563 1166 673 1243 postea
699 1163 740 1228 ab
768 1161 914 1228 hostibus
946 1160 1098 1243 capiatur.
1142 1178 1216 1226 nam

99 1280 158 1344 siue
177 1280 317 1360 redierit
340 1280 410 1347 iure
437 1279 618 1364 postliminii
648 1279 869 1355 confirmatur,
898 1278 968 1346 siue
997 1280 1081 1362 apud
1111 1277 1220 1344 hostes

100 1399 268 1480 decusserit
292 1399 420 1484 exlege
443 1399 588 1466 Cornelia
609 1399 737 1468 ualebit,

279 2111 333 2180 De
355 2109 596 2178 exheredatione
617 2111 796 2179 liberorum.
840 2109 963 2176 'litulus
988 2110 1036 2174 1³.

176 2295 329 2381 Superius
351 2298 580 2380 proposuimus
605 2296 763 2381 quomodo
784 2301 974 2362 testamenta
994 2293 1063 2361 fieri
1077 2294 1214 2362 debeant

102 2415 188 2482 amai
216 2423 254 2482 ut
282 2421 419 2484 testator
445 2434 538 2482 manu
568 2416 695 2500 propiis
723 2415 847 2482 heredis
877 2433 987 2481 nomen
1016 2414 1136 2482 scribat
1161 2417 1212 2482 uei
1236 2427 1268 2479 ro

102 2551 194 2600 coram
216 2536 353 2602 testibus
375 2537 574 2617 pronuntiem
609 2540 790 2617 septemque
819 2534 884 2600 siut
911 2538 1008 2600 testes
1033 2535 1087 2617 qui
1117 2541 1214 2601 testa·

101 2659 193 2720 mento
215 2653 419 2720 subscribunt
439 2653 534 2736 itique
561 2653 701 2737 signent,
732 2653 818 2719 nulla
844 2672 879 2719 re
907 2653 938 2718 in
966 2653 1067 2720 medio
1095 2660 1212 2720 secuta.

101 2785 220 2848 quorum
253 2774 278 2838 si
306 2773 358 2838 uel
388 2791 484 2838 unum
525 2773 795 2854 praetermittatur
827 2777 1048 2838 testamentum
1085 2772 1212 2838 inritum

101 2895 149 2954 ost
190 2910 250 2958 nee
271 2897 395 2957 tantum
423 2891 463 2956 ad
495 2892 634 2958 ualidum
661 2893 855 2958 condendum
883 2898 1103 2960 testamentum
1132 2892 1214 2960 eius·

100 3009 173 3074 modi
194 3011 376 3078 obseruatio
399 3009 525 3088 suffieit,
548 3017 597 3078 set
619 3011 703 3076 aliud
724 3029 849 3094 quoque
875 3010 1074 3095 requirimus.
1117 3011 1210 3093 dispi·
1233 3028 1264 3079 rs

101 3126 231 3194 uentum
254 3129 337 3196 enim
363 3133 414 3195 est
427 3148 467 3195 an
489 3129 587 3196 filium
609 3130 641 3196 ia
664 3136 821 3210 potestate
835 3129 951 3198 habeat
965 3136 1108 3199 testator.
1131 3129 1213 3193 hune
