2884 4728
527 342 769 406 -368-

91 514 219 580 mandat
233 523 268 582 ut
284 516 346 581 sibi
362 516 386 580 0
403 535 572 582 aureorum
597 515 711 580 fundus
732 522 863 598 ematur,
887 515 915 580 is
930 516 1037 598 utique
1057 515 1208 580 mandare

92 639 215 706 uidetur
236 646 271 706 ut
294 646 326 705 et
340 640 480 722 minoris,
505 641 532 705 si
554 640 623 706 fieri
638 641 747 724 possit,
772 647 903 706 ematur,
934 640 967 705 in
982 640 1101 704 maiore
1124 639 1206 704 enim

90 785 213 829 summa
236 772 268 830 et
290 766 391 830 minor
414 765 599 830 continetur.

58 903 79 953 9.
181 893 210 957 9.
234 889 373 954 Soluitur
395 890 587 972 mandatum,
613 891 757 972 quamuis
779 895 865 955 recte
889 890 930 955 sit
949 895 1157 970 contractum,
1182 889 1210 954 si

90 1033 122 1078 re
149 1014 273 1097 integra
295 1014 390 1079 tuerit
404 1021 598 1080 reuocatum.
631 1021 666 1081 ut
682 1035 756 1080 ecce
772 1015 921 1080 mandaui
937 1013 1061 1079 cuidam
1077 1019 1111 1078 ut
1134 1014 1211 1078 mihi
1248 1030 1263 1080 5

89 1158 217 1204 seruum
241 1147 360 1204 emeret
383 1145 414 1204 et
438 1147 608 1222 antequam
631 1160 736 1205 emere
753 1140 893 1224 coeperit
913 1139 1095 1204 mandatum
1118 1159 1209 1204 reuo-

42 1264 172 1328 10.caui.
221 1267 269 1332 10.
293 1265 371 1330 Item
404 1265 433 1330 si
461 1265 562 1330 adhuc
591 1285 625 1330 re
656 1266 781 1348 integra
810 1264 990 1329 mandantis
1020 1265 1129 1329 eiusne
1157 1263 1212 1345 qui

87 1389 273 1454 mandatum
288 1390 428 1473 suscepit
437 1410 522 1454 mors
534 1389 733 1471 interueniat‚
749 1389 932 1454 mandatum
948 1389 1050 1454 soluit.
1074 1389 1211 1453 naturali

86 1514 252 1594 aequitate
268 1513 388 1597 placuit
407 1521 514 1580 tamen
530 1514 683 1579 interdum
704 1513 844 1579 mandati
860 1513 1016 1578 actionem
1035 1513 1112 1578 dari.
1136 1512 1211 1594 quid

88 1637 197 1702 enim?
231 1637 289 1703 tibi
316 1639 377 1704 iter
404 1639 436 1703 in
465 1640 624 1720 quandam
652 1639 813 1722 regionem
842 1639 963 1703 facturo
998 1638 1149 1702 mandaui
1177 1644 1211 1702 ut
1232 1649 1266 1700 10

87 1783 191 1844 equos
215 1784 353 1830 emeres:
378 1775 472 1846 tuque
489 1765 671 1830 mandatum
695 1763 862 1847 suscepisti
874 1769 968 1844 atque
985 1763 1098 1845 abisti;
1123 1769 1210 1828 ante-

86 1907 186 1968 quam
202 1888 364 1970 negotium
380 1907 492 1970 gerere
508 1889 678 1972 coepisses,
703 1908 764 1971 ego
781 1888 920 1954 decessi:
944 1893 1058 1971 putans
1082 1907 1132 1952 me
1156 1888 1211 1952 ad·

86 2011 149 2078 huc
173 2012 298 2092 uiuere,
326 2013 509 2077 mandatum
532 2019 659 2078 secutus
687 2013 763 2076 mihi
791 2031 890 2093 equos
918 2012 1034 2077 emisti:
1063 2031 1209 2078 reuersus

87 2135 173 2201 nosti
195 2156 247 2200 me
271 2137 395 2202 obiisse.
441 2156 505 2201 non
533 2142 623 2220 potes
650 2137 793 2202 mandati
819 2155 915 2219 agere
944 2155 1014 2200 cum
1042 2136 1210 2201 heredibus

86 2262 185 2344 meis3
207 2280 243 2326 re
267 2261 349 2326 enim
373 2261 475 2326 adhuc
499 2261 623 2344 integra
641 2281 711 2344 ego,
737 2261 790 2342 qui
812 2261 871 2325 tibi
892 2260 1053 2342 mandaui,
1079 2260 1210 2329 decessi
1232 2268 1265 2325 15

88 2392 139 2451 set
163 2406 235 2451 oum
259 2386 429 2451 absurdum
453 2386 495 2450 sit
522 2392 554 2451 te
580 2385 778 2468 ignorantem
806 2386 952 2450 damnum
983 2386 1064 2469 pati,
1093 2385 1212 2469 placuit

87 2518 221 2595 propter
243 2511 469 2576 humanitatem
492 2511 611 2576 habere
634 2516 665 2575 te
690 2511 842 2576 aduersus
865 2510 998 2612 heredes
1014 2530 1101 2574 meos
1125 2530 1211 2575 man·

89 2635 159 2700 dati
183 2635 350 2716 actionem,
376 2635 614 2719 reprobabilis
638 2634 818 2718 ignorantia
839 2633 985 2699 damnum
1009 2634 1067 2698 tibi
1091 2633 1211 2699 afferat

88 2760 124 2823 id
147 2766 254 2824 autem
277 2759 420 2842 procedit
443 2760 531 2824 iuxta
547 2760 724 2843 exemplum
740 2759 900 2841 sequentis
923 2779 1025 2824 casus.
1061 2758 1213 2842 dispen-

89 2890 199 2951 sator
222 2889 272 2950 est
294 2903 415 2967 seruus,
440 2885 494 2967 qui
510 2885 683 2950 dominicas
699 2884 851 2968 pecunias
866 2884 1012 2949 fenerare
1035 2883 1124 2948 solet.
1162 2883 1213 2946 hic
1233 2893 1268 2944 20

91 3017 198 3074 autem
227 3011 375 3075 fenerans
403 3009 561 3075 actionem
589 3009 651 3074 sibi
678 3029 742 3074 non
769 3009 907 3090 adquirit
934 3009 1103 3091 (quomodo
1131 3007 1213 3073 enim

92 3153 162 3198 cum
187 3154 299 3199 seruus
323 3134 409 3220 siti),
432 3140 482 3200 set
498 3135 627 3218 proprio
643 3133 769 3199 domino
785 3133 884 3198 mutui
899 3133 1056 3199 actionem
1072 3131 1213 3214 quaerit;

92 3259 250 3323 isautem
275 3259 328 3340 qui
352 3265 491 3324 mutuum
517 3259 654 3342 occepit,
684 3258 752 3323 siue
775 3259 901 3323 domino
930 3257 1033 3338 soluit,
1062 3257 1214 3322 liberatur

94 3383 204 3467 (soluit
227 3385 311 3448 enim
336 3385 375 3465 ei,
399 3383 454 3465 qui
477 3403 547 3449 cum
571 3403 609 3448 eo
632 3384 787 3449 actionem
803 3384 965 3468 habebat),
990 3383 1057 3447 siue
1073 3401 1166 3446 seruo
1183 3387 1215 3444 et
1289 3461 1291 3465 Α
