2960 4704
649 399 777 442 xv.-

113 568 140 631 in
160 584 195 632 ea
208 566 380 632 lectitanda
394 573 540 632 uersatus
556 573 613 642 est,
636 539 674 630 ut
695 565 763 631 eius
779 565 885 630 stilum
908 566 1037 631 iormam
1054 567 1151 631 uerba
1173 565 1226 631 de·
1293 641 1296 648 ¹

111 687 196 768 nique
218 687 286 768 ipsa
308 687 460 750 imitanda
481 685 539 751 sibi
563 687 776 767 proposuerit:
804 685 834 750 id
858 685 940 766 quod
970 687 1064 752 etiam
1094 693 1143 750 est
1171 685 1225 751 ad·

111 811 239 870 secutus.
253 805 278 884 ¹)
334 805 412 869 baec
443 811 547 869 antem
577 803 784 884 Parapbrasis
818 811 931 884 utpote
967 823 1047 886 quac
1080 823 1225 886 magnam

109 933 223 1005 partem
246 925 327 990 libro
350 924 547 1001 inniteretur,
568 924 623 1007 qui
646 925 729 990 haud
753 926 894 1006 exiguam
918 925 1029 990 luisset
1055 924 1087 990 in
1111 924 1225 990 scholis

109 1045 324 1111 anctoritatem
354 1045 538 1122 adsecutus,
574 1045 653 1110 adeo
691 1047 774 1126 apud
805 1043 942 1110 Graecos
972 1044 1079 1110 statim
1109 1045 1225 1110 usitata

109 1161 171 1236 luit.
194 1171 233 1229 ut
254 1163 370 1230 nuliius
392 1165 472 1229 alius
494 1164 647 1229 uersionis
670 1163 805 1246 uestigia
828 1164 905 1229 satis
933 1171 1019 1229 certa
1041 1171 1224 1246 appareant.

108 1284 181 1348 Nam
204 1282 234 1348 si
256 1283 418 1363 regulas
441 1283 747 1348 Institutionum
771 1285 915 1364 excipias,
937 1303 1015 1366 quae
1044 1283 1142 1349 edidit
1163 1285 1226 1349 Za·

109 1404 316 1468 cbariaeus
346 1421 366 1467 a
394 1401 682 1484 Lingentbalb,
711 1421 854 1486 quaeque
884 1403 1076 1484 probabilius
1106 1422 1143 1468 ex
1173 1423 1226 1469 ue·

108 1529 169 1588 tere
191 1523 327 1604 quedam
350 1541 472 1586 summa
494 1521 730 1588 Institutionum
753 1529 918 1603 excerptae
933 1531 1015 1598 sunt¹
1037 1541 1143 1588 omncs
1165 1521 1225 1588 loci

107 1645 213 1724 quiex
236 1641 492 1707 institutionibus
514 1643 597 1723 apud
620 1642 757 1707 Graecos
779 1640 958 1708 reseruntur
980 1660 1018 1706 ex
1040 1642 1097 1708 hac
1119 1648 1226 1708 nostra

107 1761 290 1842 Parapbrasi
315 1769 371 1825 aut
392 1762 489 1826 uerbo
511 1767 603 1827 tenum
626 1763 742 1842 sumpti
764 1769 819 1826 aut
841 1763 872 1826 in
897 1761 1072 1826 breuiorem
1096 1759 1225 1827 formam

107 1883 220 1948 redacti
243 1891 340 1965 atque
362 1880 508 1946 translati
531 1901 600 1948 esse
623 1883 779 1947 uidentur.

627 2121 699 2204 §a

166 2273 218 2340 De
248 2275 409 2341 codicibus
432 2294 525 2339 mann
552 2276 687 2357 scriptis,
710 2275 822 2357 quibus
844 2273 1050 2355 Paraphrasie
1073 2275 1161 2340 nobis

563 2403 689 2461 seruata
712 2403 767 2461 est.

187 2545 323 2613 Codices
347 2565 439 2612 manu
463 2547 570 2627 scripti
595 2549 625 2612 hi
648 2550 865 2614 innotuerunt:

237 2681 263 2747 1.
291 2684 521 2749 Vaticanus.
565 2704 611 2764 gr.
636 2683 762 2766 2063.⁸)
797 2685 867 2750 Bas.
896 2685 964 2748 102.

166 2771 187 2978 Ι
229 2819 268 2884 ll.
294 2819 514 2884 Palatinus.
537 2841 583 2900 gr.
610 2822 657 2884 19.
681 2819 759 2885 Inde
782 2823 929 2902 descripti
953 2830 1038 2886 sunt:

173 2939 268 3175 liit
294 2938 575 3004 Bruxeliensis
599 2941 823 3020 [lignationes]
848 2939 920 3003 403.

206 3055 270 3121 iib-
298 3057 592 3124 Laurentianus
616 3060 739 3134 LXXX,
763 3061 791 3124 6.

109 3301 132 3356 2,
149 3299 176 3356 7,
192 3302 218 3350 4.
238 3297 275 3350 id.
295 3296 376 3351 schol.
399 3297 461 3350 eal.
481 3298 722 3353 1111770=Tln
742 3303 768 3366 3,
789 3303 833 3364 12,
854 3303 874 3353 l.
905 3297 991 3364 Quod.
1009 3297 1042 3350 ad
1061 3298 1142 3351 schol.
1164 3297 1227 3350 Oai.

105 3383 155 3435 ilii
178 3387 231 3438 723
257 3398 311 3436 non
336 3389 376 3435 est
399 3382 545 3436 Fabroti
572 3383 705 3436 sententia
731 3381 867 3436 reicienda
894 3381 1071 3434 existimantis
1099 3381 1142 3432 »ir
1170 3383 1227 3441 τοῖς

106 3469 242 3534 πρώτοις(
264 3471 354 3536 potius
373 3484 452 3537 quam
472 3469 516 3520 »ἐν
535 3471 592 3528 τοῖς
611 3467 799 3528 ὶνστιτοότοιςι
819 3468 959 3536 legendum
978 3482 1046 3529 esee,
1065 3473 1095 3519 nt
1113 3465 1146 3518 de
1165 3465 1227 3533 Dig.

107 3559 127 3619 1,
144 3560 170 3616 b,
188 3559 224 3609 25
243 3569 278 3608 ea
296 3554 466 3623 accipiamus,
484 3555 529 3608 nbi
548 3554 629 3608 uerbo
648 3564 725 3608 tenus
744 3555 835 3608 eadem
855 3553 1033 3622 reperiuntur.

170 3644 193 3706 1)
213 3640 289 3693 ilaue
308 3655 342 3692 ne
361 3647 463 3693 statuas
481 3640 687 3708 Stephanum
712 3655 821 3708 quoque
845 3655 940 3707 graece
964 3637 1148 3691 institutiones
1167 3652 1225 3690 esse

105 3726 321 3795 interpretatum.
361 3725 438 3792 Quod
454 3728 522 3778 eninr
541 3727 575 3780 ad
593 3725 674 3780 schol.
693 3727 774 3794 φησὶν
794 3725 821 3778 li
840 3729 889 3780 397
908 3723 1021 3786 adtinet,
1039 3723 1139 3776 uidasie
1157 3737 1226 3791 quae

105 3819 176 3866 recte
195 3811 303 3866 monuit
322 3812 566 3866 Heimbachius
586 3812 668 3866 Baeil.
689 3811 725 3864 Vi
744 3817 784 3867 31.

169 3898 351 3965 ²)’Aue'1riora
367 3915 393 3966 p.
414 3903 554 3954 loo-175.

169 3985 193 4050 ³)
211 3985 297 4038 Haud
311 3993 384 4039 recte
397 3984 467 4053 apud
479 3986 725 4039 Zachariaeum
738 3985 889 4039 Delineatio
901 4001 928 4053 p.
942 3988 985 4050 26,
997 3999 1075 4052 quem
1087 3981 1229 4050 descripsit

107 4067 314 4124 Mortrolius
332 4071 400 4124 Hist.
419 4071 454 4124 dn
472 4070 510 4124 dr.
529 4071 664 4140 byzantio.
685 4077 707 4136 1,
722 4074 778 4136 127,
792 4078 832 4124 ast
844 4069 905 4124 Bas.
921 4074 968 4124 lib
981 4069 1017 4137 (h.
1031 4083 1054 4121 e.
1067 4067 1127 4122 Vat.
1141 4071 1228 4134 2079),

108 4153 158 4221 qui,
175 4162 208 4208 nt
225 4155 289 4223 ipse
309 4157 459 4223 recognoui,
477 4155 655 4224 Epitoman
672 4155 797 4210 continet.
