2870 4716
535 363 765 428 -335-

92 551 198 612 autem
231 565 300 612 asse
332 565 394 612 non
427 552 533 630 potest
558 548 710 614 eiusmodi
740 551 799 612 est:
841 547 1082 628 »spondesne
1115 547 1207 611 mihi

91 666 442 748 hippocentaurum
465 670 599 747 dare«,
629 669 683 751 qui
709 688 777 734 esse
803 669 921 749 nequit.
955 667 1074 732 inutilis
1101 668 1206 748 igitur,

53 799 75 848 a.
92 785 141 850 uti
161 785 306 864 diximus,
328 785 507 854 huiusmodi
530 789 700 870 stipulatio.
738 791 766 851 2.
790 788 878 852 Idem
900 791 949 851 est
971 787 1065 852 etiam
1088 787 1115 852 si
1138 789 1208 868 quis

91 923 156 970 rem
186 905 282 971 hierit
310 907 479 990 stipulatus
507 927 629 974 sacram
656 913 712 972 aut
738 908 932 990 religiosam,
960 926 1055 988 quam
1081 906 1208 971 humani

90 1025 169 1090 iuris
197 1045 265 1091 esse
287 1027 460 1105 crederem,
488 1028 539 1093 uel
567 1029 739 1111 publicam,
763 1047 843 1110 quae
872 1028 980 1111 populi
1002 1026 1113 1092 usibus
1140 1041 1242 1108 per-5

89 1150 188 1226 petuo
214 1147 256 1210 sit
278 1146 436 1212 destinata
462 1167 517 1214 scu
546 1149 702 1232 exposita,
732 1148 831 1214 ueluti
853 1147 956 1213 iorum
978 1148 1137 1212 theatrum
1160 1165 1210 1227 cy-

89 1263 220 1345 negium
242 1270 274 1329 et
295 1271 400 1332 cetera
422 1267 454 1331 id
476 1287 585 1348 genus,
612 1267 663 1332 uel
685 1268 819 1333 hberum
840 1268 1006 1344 hominem,
1030 1285 1124 1348 quem
1146 1285 1210 1330 ser-

89 1403 166 1448 uum
191 1403 260 1449 esse
282 1391 437 1468 putarem,
460 1387 511 1452 uel
534 1405 600 1453 rem
623 1389 712 1453 cuius
736 1388 956 1453 commercium
977 1406 1040 1451 non
1062 1386 1210 1450 haberem

89 1505 131 1588 (h.
149 1525 178 1570 e.
196 1524 299 1571 emere
314 1525 375 1572 non
390 1509 537 1591 possem).
573 1510 838 1574 commercium
862 1513 968 1573 autem
991 1514 1040 1572 est
1054 1505 1210 1571 uendendi

88 1626 278 1707 emendique
299 1627 362 1692 ius:
386 1632 461 1692 sunt
483 1632 589 1692 autem
611 1647 661 1693 res
684 1627 846 1709 quaedam,
875 1647 1008 1708 quarum
1031 1645 1093 1690 non
1115 1624 1212 1688 habet
1231 1638 1262 1688 10

87 1747 226 1828 quisque
249 1747 469 1814 commercium
490 1752 527 1812 ut
554 1767 624 1812 ecce
645 1746 775 1824 fundus,
805 1746 858 1828 qui
887 1746 1093 1811 orthodoxam
1115 1745 1211 1810 eccle

87 1867 169 1932 siam
200 1869 354 1946 continet,
383 1869 493 1950 nequit
517 1868 557 1934 ab
582 1868 740 1934 haeretico
769 1868 893 1933 homine
921 1866 1054 1948 adquiri.
1106 1867 1156 1931 uel
1184 1865 1210 1929 si

87 2005 156 2051 rem
181 2005 285 2052 meam
308 2005 327 2050 a
349 1991 381 2052 te
403 1987 480 2052 mihi
494 1987 563 2052 dari
578 1988 726 2070 stipuler:
749 1987 992 2070 spondesne
1015 1987 1115 2052 darc
1137 1986 1211 2052 mih

86 2105 186 2170 hanc
209 2107 307 2171 rem?
330 2105 424 2173 dare
446 2107 528 2171 enim
550 2108 596 2171 ita
611 2107 771 2188 accipitur,
795 2112 833 2171 ut
847 2127 897 2172 res
912 2108 1043 2172 alicuius
1065 2106 1136 2172 fiat:
1160 2125 1210 2170 res

89 2231 213 2305 autem,
244 2245 325 2308 quae
347 2245 417 2292 mea
439 2232 497 2306 est,
519 2245 590 2292 mea
611 2227 745 2310 amphus
767 2225 834 2293 ficri
856 2246 917 2292 non
940 2232 1053 2310 potest.
1099 2229 1259 2308 Nequeo

87 2346 223 2412 dicimus
253 2346 465 2429 stipulationis
494 2349 560 2412 uim
591 2353 623 2412 et
652 2351 770 2412 statum
798 2347 935 2430 pendere
961 2366 997 2411 eo
1027 2348 1111 2430 quod
1140 2345 1208 2412 fieri

87 2467 216 2532 interim
237 2467 354 2548 possit,
382 2472 420 2531 ut
441 2486 491 2533 res
513 2467 639 2550 pubhca
666 2468 698 2532 in
720 2467 837 2550 priuati
866 2467 1006 2532 homines
1036 2468 1206 2532 dominium

87 2587 197 2665 cadat,
234 2585 316 2652 forte
345 2587 485 2669 principe
511 2587 683 2652 adnuente:
723 2591 755 2652 et
784 2592 821 2650 ut
848 2586 927 2652 liber
955 2587 1048 2652 homo
1082 2587 1113 2650 in
1146 2605 1209 2650 ser·

87 2706 225 2770 uitatem
247 2705 410 2788 redigatur
437 2706 549 2789 (ueluti
571 2707 598 2772 si
620 2706 751 2772 libertus
772 2711 924 2787 tanquam
945 2707 1088 2788 ingratus
1111 2725 1131 2770 a
1152 2723 1205 2787 pa·

88 2831 181 2890 trono
204 2826 237 2890 in
260 2826 445 2891 seruitutem
469 2826 658 2908 reuocetur),
680 2829 713 2890 et
734 2830 771 2890 ut
793 2825 1021 2904 commercium,
1043 2830 1080 2888 ut
1102 2843 1208 2906 saepe
1223 2834 1259 2885 20

87 2963 221 3010 numero
243 2943 288 3022 fit,
312 2947 382 3026 quis
405 2964 425 3009 a
445 2945 585 3028 principe
605 2946 671 3010 cius
686 2946 732 3011 rei
755 2951 974 3027 consequatur,
998 2963 1092 3026 quam
1115 2949 1209 3008 anteo

88 3065 259 3147 adquirere
281 3065 516 3148 prohibebatur,
540 3069 573 3130 et
595 3070 630 3129 ut
649 3085 700 3131 res
715 3083 785 3130 mea
800 3066 941 3130 desinere
963 3065 1063 3146 possit
1084 3064 1116 3128 in
1138 3081 1207 3126 mco

89 3205 160 3251 esse
182 3185 324 3264 domino,
348 3185 394 3250 ita
415 3191 451 3250 ut
472 3185 622 3268 planceo
646 3205 696 3250 res
718 3185 891 3268 perueniat,
915 3189 952 3249 ut
973 3185 1092 3264 absque
1113 3183 1209 3264 impe

90 3306 231 3371 dimento
255 3305 395 3370 dicamus
417 3305 523 3370 ualere
544 3305 787 3387 stipulationem.
822 3310 871 3370 set
892 3305 1035 3388 protinus
1057 3303 1097 3368 ab
1119 3303 1207 3366 initio

90 3445 161 3491 eam
194 3444 263 3491 esse
291 3423 433 3490 inutilem
467 3424 607 3490 dicimus.
658 3425 731 3490 item
766 3431 875 3491 contra
906 3425 979 3490 licet
1005 3423 1093 3488 initio
1121 3423 1207 3487 utilis
1225 3432 1258 3482 as

90 3545 188 3612 buerit
209 3545 380 3629 stipulatio,
403 3549 514 3628 postea
535 3565 611 3611 uero
633 3547 664 3611 in
684 3547 858 3628 quamhbet
878 3563 1004 3611 causam
1027 3562 1144 3620 aarum,
1168 3543 1206 3606 de
