2926 4708
549 359 779 423 -189-

108 547 176 615 dem
203 547 244 614 de
271 547 396 628 uulgari
422 546 662 628 substitutione3
689 546 873 628 pupillarem
903 551 1010 613 autem
1037 545 1230 612 substitutio·

107 683 175 732 nem
198 667 227 732 si
249 667 320 748 quis
349 666 494 732 ordinare
522 666 617 743 uelit,
644 665 693 730 his
720 665 787 732 fere
816 665 923 733 uerbis
956 671 1081 731 utetur:
1116 665 1231 731 filius

107 785 202 851 mihi
224 785 343 852 heres
370 793 471 866 esto;
499 785 532 852 si
562 785 655 851 mibi
685 785 799 852 heres
827 803 900 851 non
930 785 1009 850 erit
1037 783 1109 852 iile
1136 792 1230 852 esto.

108 906 220 971 deinde
242 903 400 989 relinquat
429 910 550 971 tutores
577 904 683 988 legata
709 903 948 970 fideicommissa
974 903 1149 972 libertates.
1200 906 1230 970 in

106 1023 253 1090 inferiore
282 1044 358 1090 nero
391 1031 481 1106 parte
514 1027 694 1091 testamenti
725 1025 877 1092 eiusmodi
906 1025 1004 1092 uerba
1032 1024 1142 1091 addat:
1171 1026 1231 1090 sin
1266 1035 1283 1085 o

106 1151 236 1210 autern
259 1144 372 1209 filins
395 1162 503 1209 mens
533 1143 651 1210 heres
679 1143 811 1210 iactus
842 1145 1022 1227 impubes
1051 1145 1232 1210 decesse-

106 1265 165 1339 rit,
188 1261 262 1328 ille
285 1261 320 1327 ei
342 1262 456 1328 heres
478 1269 573 1329 esto.
622 1263 702 1328 banc
732 1269 837 1329 antem
866 1269 986 1344 partem
1015 1263 1143 1345 proprio
1170 1264 1233 1330 lino

105 1381 234 1464 colliget
256 1389 289 1448 et
309 1385 436 1464 propria
458 1384 620 1464 consignet
648 1401 729 1448 cera.
778 1384 808 1447 in
837 1383 941 1464 priore
969 1401 1045 1450 uero
1075 1389 1166 1466 parte
1189 1389 1233 1448 te-

106 1499 254 1565 stamenti
284 1501 360 1566 haec
390 1501 489 1567 uerba
522 1501 656 1567 scribat:
690 1499 779 1569 nolo
812 1501 1047 1568 inferiorem
1082 1507 1232 1584 partem

107 1619 342 1684 testamenti
365 1618 534 1700 aperiri,
564 1621 655 1687 uiuo
677 1620 766 1686 filio
788 1640 871 1688 meo
900 1627 938 1687 et
959 1621 1087 1688 adbuc
1109 1623 1232 1702 impu·
1253 1626 1284 1679 10

108 1739 209 1804 bere.
255 1739 301 1804 ita
322 1741 403 1804 enim
426 1738 509 1806 faeta
532 1739 676 1824 pupillari
706 1743 946 1822 substitutione,
973 1749 1061 1808 tutus
1092 1743 1131 1807 ab
1159 1741 1232 1806 insi·

109 1857 166 1923 diis
189 1859 252 1924 erit
273 1857 366 1924 iilius.
410 1877 511 1940 neque
534 1861 626 1940 enim,
649 1879 707 1926 suo
728 1867 820 1943 patre
842 1863 930 1942 uiuo,
960 1861 1083 1927 insidiis
1110 1860 1232 1927 adficie-

110 1985 158 2042 tur
195 1996 267 2042 cum
311 1979 415 2044 adbuc
451 1980 576 2046 clausae
619 1980 683 2046 sint
718 1983 897 2048 testamenti
937 1983 1088 2060 tabulae,
1131 1996 1232 2059 neone

111 2104 232 2163 mortuo
253 2105 354 2180 patre,
378 2118 448 2165 cum
470 2101 656 2181 ignorentur
678 2119 759 2182 quae
780 2103 812 2166 in
840 2101 985 2184 pupillari
1009 2099 1232 2166 substitutione

113 2217 225 2298 scripta
246 2223 331 2282 sunt
376 2219 523 2284 Testatus
546 2218 743 2301 estquidam
766 2227 878 2304 atque,
906 2220 969 2287 filio
996 2221 1158 2302 impubere
1181 2221 1233 2284 be-
1254 2233 1283 2282 rs

115 2335 184 2401 rede
203 2336 361 2417 instituto,
384 2339 489 2403 statim
511 2338 696 2421 pupillarem
719 2341 974 2406 substitutionem
997 2339 1145 2405 subdidit.
1180 2356 1231 2403 ua·

114 2453 156 2518 iet
178 2454 380 2521 nibilominus
400 2457 604 2540 substitutio;
626 2460 680 2540 qni
703 2465 809 2526 autem
831 2459 890 2525 boc
911 2459 981 2524 iniit
995 2459 1158 2524 eonsilium
1181 2457 1234 2523 ibi·

115 2591 172 2655 que
192 2573 376 2655 pupillarem
399 2575 654 2642 substitutionem
678 2576 818 2659 scripsit,
849 2577 903 2642 ubi
930 2577 990 2642 sibi
1019 2575 1117 2642 filium
1145 2577 1232 2642 here·

75 2717 98 2764 a
117 2693 183 2758 dem
202 2693 360 2774 institnit,
387 2713 456 2762 cum
484 2695 538 2760 filii
569 2697 748 2762 discrimine
775 2703 908 2762 testatus
931 2714 1001 2762 esse
1023 2696 1157 2761 uidetur.
1202 2699 1231 2758 4.

117 2811 178 2878 Nec
197 2820 319 2880 tantum
342 2815 509 2882 heredibus
531 2815 685 2882 institutis
707 2816 779 2883 filiis
800 2816 1016 2899 impuberibus
1037 2815 1234 2899 pupillariter
1251 2833 1285 2885 ao

117 2931 300 3000 substituere
320 2941 468 3017 parentes
490 2943 636 3018 possunt,
659 2943 709 3001 set
737 2937 831 3001 etiam
858 2937 955 3002 isdem
983 2936 1181 3003 exheredatis
1204 2943 1236 3002 et

117 3071 223 3120 reuera
242 3061 372 3137 propter
392 3055 442 3121 ius
464 3057 586 3136 patriae
609 3057 785 3138 potestatis,
809 3076 869 3123 non
893 3065 997 3124 autem
1014 3057 1088 3138 quia
1103 3056 1235 3123 heredes

116 3173 326 3253 instituantur,
349 3167 549 3256 pupillariter
562 3175 604 3242 iis
625 3175 776 3242 substitui
791 3182 911 3258 potest;
934 3177 1044 3257 itaque
1067 3175 1234 3242 exhereda·

118 3290 161 3354 tis
186 3309 305 3376 qnoque
333 3292 442 3358 liberis
471 3301 556 3360 recte
585 3296 814 3361 substituimus.
871 3303 920 3362 set
953 3296 1013 3361 erit
1048 3295 1101 3375 qui
1137 3294 1234 3360 dicat:

117 3411 258 3489 quidnam
280 3413 415 3493 accipiet
435 3413 489 3496 qui
511 3414 628 3496 pupillo
651 3415 840 3482 exheredato
870 3414 1097 3482 substituitur?
1125 3418 1158 3479 et
1186 3422 1236 3480 est
1252 3427 1285 3478 at

119 3527 278 3596 dicendum
300 3533 327 3596 si
349 3533 424 3614 quid
447 3553 484 3598 ex
508 3533 682 3599 hereditate
710 3533 865 3616 legatione
894 3521 1156 3600 donationibusae
1185 3552 1235 3601 co·

119 3655 279 3728 gnatorum
294 3670 350 3716 seu
365 3653 536 3718 amicorum
551 3658 752 3735 paternorum
767 3652 887 3734 pupillo
903 3654 1075 3732 obuenerit
1097 3654 1127 3718 id
1145 3671 1235 3719 omne

119 3768 162 3831 ad
184 3770 380 3836 substitutum
403 3771 570 3853 pertinere.
616 3789 696 3854 quae
718 3771 854 3837 diximus
877 3772 916 3837 dc
938 3773 1136 3854 impuberum
1159 3771 1234 3838 libc-
