3092 4702
562 359 773 424 -50-

127 567 196 630 quae
215 547 334 630 species
357 548 534 632 adoptionis
564 547 680 614 dicitur
705 545 925 629 adrogatio.
968 545 1098 629 imperio
1123 551 1231 612 comm

129 661 353 749 negiiuatnnn
375 687 429 734 ees
457 686 552 734 easuc
579 668 730 750 adoptare
756 665 843 746 licet,
872 665 927 751 qui
953 683 1074 750 quaeue
1097 667 1130 732 in
1154 664 1231 732 alio·

129 805 186 851 rum
216 791 372 868 potestate
399 793 486 866 suut,
523 787 592 854 siue
617 787 751 870 primum
780 785 864 866 apud
893 785 1052 853 naturales
1082 791 1229 868 parentes

130 905 248 988 gradum
272 905 443 988 optineant
465 904 569 972 ueluti
590 903 673 971 filius
695 907 746 972 uel
766 904 847 984 filia,
869 904 939 972 siue
966 903 1154 982 inferiorem,
1176 921 1229 969 uc·

132 1025 179 1088 luti
203 1044 301 1107 nepos
333 1026 435 1108 neptis
470 1043 625 1108 pronepos
658 1025 827 1108 proneptis.
874 1024 907 1090 id
933 1029 1040 1091 numm
1067 1022 1229 1107 adoptio
1262 1031 1281 1082 s

94 1145 227 1210 adicitur
249 1152 317 1211 tum
338 1146 524 1226 generatim,
546 1150 614 1211 tum
633 1142 818 1227 specialiter.
863 1144 893 1208 2.
925 1143 981 1210 Set
1008 1143 1081 1210 olim
1102 1142 1229 1226 quidem

124 1263 223 1330 itabat
258 1267 400 1346 quemuis
434 1271 614 1330 extraneum
649 1262 880 1330 filiumfamilias
914 1262 1085 1345 adoptare,
1118 1261 1229 1342 iusque

124 1385 275 1465 potestatis
296 1404 317 1451 a
330 1383 466 1450 naturali
480 1393 570 1467 petre
584 1383 617 1450 in
632 1383 815 1466 adoptiuum
837 1381 1002 1448 transibat
1034 1380 1128 1448 hodie
1149 1399 1224 1448 uero

124 1503 298 1569 consttutio
320 1501 454 1585 piissimi
476 1503 624 1585 principis
645 1501 745 1568 nostri
766 1501 832 1568 lata
845 1509 903 1580 est,
925 1521 987 1584 qua
1002 1508 1143 1579 mustus,
1158 1517 1230 1566 cum

125 1623 184 1702 quis
203 1621 440 1690 filiumfamilias
468 1622 679 1705 adoptandum
706 1621 872 1702 suscipiat,
899 1639 939 1687 ne
965 1622 1036 1687 iura
1063 1621 1228 1704 potestatis
1248 1633 1281 1686 10

125 1743 265 1806 naturalis
287 1741 387 1824 patris
410 1741 631 1820 dissoluantur,
655 1740 895 1824 necquidquam
914 1741 955 1806 ad
972 1741 1154 1823 adoptiuum
1175 1757 1228 1822 pa·

125 1867 367 1940 sennensem,
390 1862 545 1944 usquein
569 1861 636 1926 eius
666 1865 825 1945 potestate
853 1858 937 1926 filius
963 1858 1129 1939 efficiatur,
1155 1860 1229 1926 licet

127 1981 160 2045 ab
178 1983 325 2048 intestato
347 1981 418 2047 iura
439 1981 643 2048 successionis
665 1983 697 2048 in
718 1981 787 2054 eius
813 1982 909 2060 bona,
938 1980 993 2068 qui
1019 1978 1106 2046 illum
1132 1979 1228 2061 adop·

122 2102 242 2180 tenerit,
264 2103 373 2167 eadem
395 2101 576 2168 constitutio
599 2103 629 2168 ei
653 2101 852 2168 concesserit
896 2101 923 2167 si
951 2118 1028 2167 uero
1054 2103 1146 2182 pater
1174 2116 1228 2163 na·

125 2219 222 2285 tnrnlis
245 2239 308 2287 non
330 2227 479 2287 extraneo
500 2230 549 2286 set
571 2239 680 2288 socero
708 2239 765 2288 suo
791 2221 874 2288 hune
901 2218 1113 2301 adoptandum
1136 2215 1228 2284 dede·
1246 2224 1279 2276 lt

123 2338 170 2416 rit,
190 2340 243 2420 qui
265 2341 295 2405 ei
317 2358 398 2406 auus
419 2339 514 2406 fuerit
534 2350 711 2415 maternum
738 2343 790 2408 uel
812 2341 838 2406 si
864 2340 949 2422 quis,
978 2347 1015 2406 ut
1042 2337 1111 2404 fieri
1137 2336 1226 2415 solet,

123 2459 323 2542 emancipatus
344 2459 454 2538 fuerit,
485 2461 597 2527 deinde
619 2480 689 2527 cum
714 2459 814 2527 filium
840 2460 999 2542 genuerit,
1022 2477 1079 2524 suo
1101 2457 1227 2542 quidem

123 2578 209 2656 patri,
239 2598 299 2645 auo
331 2589 436 2646 autem
469 2582 559 2662 pueri
590 2589 721 2662 paterno
754 2599 825 2648 cum
858 2580 981 2646 dederit
1015 2579 1048 2644 in
1087 2579 1227 2660 adeptio-

122 2713 203 2776 nem,
235 2699 267 2762 in
297 2699 449 2765 eiusmodi
471 2699 612 2778 casibus,
644 2701 719 2782 quia
739 2699 771 2764 in
794 2717 886 2764 unam
908 2701 1101 2784 eandemque
1121 2714 1228 2782 perse-

121 2833 184 2881 nam
212 2817 381 2892 naturalia,
409 2818 493 2885 idest
519 2838 600 2902 quae
622 2838 662 2886 er
685 2820 886 2901 generatione
906 2819 1109 2899 proueniunt,
1131 2827 1226 2902 atque
1243 2823 1278 2876 2⁰

121 2935 287 3019 adoptionis
308 2941 378 3003 iura
400 2947 597 3018 concurrunt.
621 2938 731 3022 procul
752 2939 848 3006 dubio
869 2957 948 3020 puer
962 2939 993 3004 iu
1009 2937 1150 3018 adoptiui
1172 2955 1227 3020 pa·

120 3055 172 3119 tris
192 3065 346 3138 potestate
375 3056 528 3124 efficietur
555 3076 624 3124 cum
651 3060 679 3124 ei
712 3065 745 3124 et
771 3059 909 3124 naturali
939 3065 971 3124 et
997 3057 1138 3142 legitimo
1159 3057 1226 3123 uin·

87 3173 183 3240 ennio
199 3176 367 3258 copuletur,
390 3178 520 3258 eiusque
535 3177 590 3244 fiet
604 3178 741 3244 familiae
758 3185 792 3245 et
805 3179 979 3260 potestatis.
1002 3177 1031 3242 3.
1047 3175 1157 3244 Plures
1171 3176 1227 3259 igi-

121 3297 167 3356 tur
181 3305 253 3360 sunt
265 3299 348 3363 inter
361 3299 595 3380 adrogationem
612 3306 644 3366 et
658 3300 856 3383 adoptionem
871 3297 1074 3366 differentiae.
1107 3295 1149 3363 Et
1163 3297 1226 3381 pri·
