2926 4708
527 326 765 391 ...177-

99 517 161 593 uost
180 510 247 598 eius
270 517 402 578 mortem
423 513 673 593 quassitunest
692 521 736 582 au
759 512 882 588 ualeret
906 514 1062 582 eiusmodi
1087 517 1210 584 iustitu-

100 634 152 712 tio;
172 637 266 714 atqua
286 631 440 714 praedicti
459 632 537 698 ‘diui‘
552 633 707 715 principes
729 622 959 715 rescripserunt
980 651 1107 702 seruum
1122 635 1210 701 adnl-

100 750 162 816 terii
182 750 324 816 criminis
345 751 538 832 postulatum
560 771 622 818 nou
644 754 715 820 iure
735 757 924 821 testamento
946 755 1133 832 manumitti,
1156 773 1210 822 an·

99 879 211 949 thuam
227 869 377 934 iudicium
393 855 586 948 ahsoluctur,
596 961 597 964 Ἴ
609 870 649 936 ab
671 855 710 937 ec
729 871 798 938 eins
813 871 949 950 dominu,
965 891 1046 958 quae
1061 879 1209 958 uuquam

99 988 187 1054 eidem
219 987 342 1056 crimini
375 989 508 1056 obnoxia
540 1008 596 1056 rea
630 989 712 1056 iactu
746 992 797 1058 sit.
820 1061 822 1068 Α
847 991 955 1074 itaquo
992 979 1149 1060 institutio
1177 993 1211 1060 iu
1244 1000 1263 1052 ⁶

99 1107 239 1172 eiusmodi
266 1125 360 1173 seruo
388 1107 503 1176 nullius
532 1110 682 1175 momenti
699 1115 767 1174 est
817 1127 886 1176 cnm
918 1110 1057 1178 alienum
1082 1129 1211 1178 seruum

99 1233 173 1292 recte
194 1244 253 1291 nos
275 1226 440 1294 instituere
462 1227 641 1303 dixerimus,
664 1227 879 1296 admonendus
906 1246 941 1294 es
970 1229 1056 1296 illum
1086 1247 1213 1312 quoque

98 1347 223 1412 ahenum
247 1330 475 1422 esse'seruum,
498 1345 530 1411 in
554 1365 616 1428 quo
638 1351 773 1413 mentor
798 1346 1027 1414 usumfructum
1054 1347 1210 1414 hahuerit.

67 1477 84 1524 r.
100 1471 123 1528 1.
152 1465 230 1532 Cum
253 1471 358 1532 autem
373 1475 508 1532 'seruum
531 1485 634 1532 meum
657 1467 804 1534 heredem
832 1468 993 1534 instituam
1021 1487 1091 1535 cum
1121 1468 1212 1536 liber-

99 1593 156 1651 tate
177 1588 229 1652 nel
252 1587 320 1653 siue
341 1585 487 1654 libertate
514 1587 732 1669 (nequeenim
760 1587 892 1654 interest
919 1589 966 1653 uti
995 1575 1212 1671 dictumest),
1233 1591 1266 1642 1⁰

98 1706 120 1770 si
141 1705 264 1786 quidem
285 1705 317 1771 in
337 1725 410 1786 mes
432 1706 583 1772 manserit
604 1711 762 1788 potestate
783 1707 863 1774 liber
883 1705 938 1774 fiet
964 1715 997 1772 et
1017 1709 1213 1774 necessarius

99 1824 195 1890 heres:
218 1825 268 1890 siu
291 1831 395 1890 autem
424 1824 632 1906 superuiuens
654 1831 843 1910 testamento
871 1845 943 1892 eum
971 1827 1215 1904 manumiserim,

100 1943 288 2009 uoluntarius
310 1943 403 2009 heres
432 1943 501 2022 fiet,
530 1953 562 2010 et
591 1945 624 2010 in
653 1962 711 2012 suo
739 1945 866 2011 arbitiio
896 1945 957 2010 erit
985 1951 1092 2012 utrum
1119 1945 1215 2012 adem

100 2081 195 2160 necne.
237 2065 436 2131 necessarius
459 2065 541 2130 onim
563 2064 631 2131 fieri
653 2083 714 2130 nou
736 2071 857 2148 potest,
885 2083 955 2131 cnm
987 2071 1155 2145 utrumqus
1177 2085 1214 2130 ex

100 2182 205 2248 domini
228 2187 418 2248 testamento
440 2183 586 2262 consequi
610 2189 763 2266 nequeat,
791 2181 875 2248 idest
896 2183 1104 2249 hereditatem
1127 2191 1160 2248 et
1181 2181 1213 2248 li·
1236 2206 1266 2256 rs

99 2304 255 2370 hertutem.
312 2303 424 2386 quodsi
458 2313 528 2371 eum
565 2322 628 2370 uon
657 2305 889 2372 manumiserim
924 2308 972 2370 set
1003 2304 1215 2381 aliensusrim‚

99 2422 179 2488 iussu
200 2424 277 2490 noui
301 2423 416 2490 domini
438 2424 546 2489 adiens
576 2423 622 2488 iili
644 2423 849 2490 hereditatem
872 2424 1006 2507 quaerit.
1051 2441 1123 2490 nam
1145 2441 1215 2490 cum

100 2525 159 2624 ipse
179 2542 337 2610 alienatus
359 2545 402 2609 sit
422 2561 526 2626 neque
547 2544 664 2610 inmea
679 2519 830 2608 manserit
843 2548 1001 2626 potestate
1016 2559 1117 2624 nequo
1138 2542 1217 2610 tiber

100 2679 193 2744 neque
215 2664 309 2729 heres
331 2661 399 2728 fieri
422 2669 536 2744 potest,
559 2662 633 2728 licet
654 2680 724 2728 cnm
745 2661 892 2730 libertute
914 2662 956 2728 sit
975 2663 1147 2727 institutus.
1171 2661 1218 2728 ui·

102 2782 185 2847 dctur
207 2783 291 2849 enim
314 2783 458 2848 dominus
481 2783 641 2848 destitisse
662 2801 683 2848 u
703 2781 860 2848 libertatis
882 2781 1023 2858 datione,
1054 2799 1124 2846 cum
1147 2799 1217 2846 enm
1236 2793 1272 2844 ao

100 2901 291 2968 alienuuen't.
336 2902 414 2967 haec
440 2907 545 2967 sutem
574 2903 613 2968 de
642 2919 735 2967 seruo
760 2907 877 2968 nostro.
926 2918 998 2967 unm
1026 2901 1054 2966 si
1083 2901 1218 2966 alienum

99 3040 219 3090 seruum
243 3021 389 3088 heredem
412 3021 619 3098 instituerim,
649 3021 675 3086 si
698 3019 825 3103 quidem
855 3020 938 3102 apud
969 3020 1101 3087 eundem
1125 3019 1221 3085 domi·

100 3159 167 3206 num
190 3139 354 3218 manserit,
377 3141 467 3206 iussu
489 3141 557 3205 eius
580 3139 785 3206 hereditatem
807 3138 916 3206 adiens
944 3158 1012 3206 eam
1042 3140 1101 3220 ipsi
1129 3156 1222 3219 quae

100 3261 152 3338 rit;
183 3263 367 3328 sinautem
397 3261 607 3345 manumissus
639 3259 734 3326 inerit
762 3261 838 3328 uiuo
866 3265 1017 3326 testatore
1048 3258 1098 3324 nel
1127 3259 1221 3324 etiam

98 3389 164 3459 post
186 3382 257 3446 cius
286 3387 433 3458 mortem,
461 3385 629 3462 antequam
657 3379 745 3445 iussu
772 3379 855 3444 illius
875 3378 1007 3460 adierit,
1036 3384 1113 3443 tnnc
1134 3379 1222 3442 iussu
1239 3397 1273 3450 25

100 3502 169 3564 noui
192 3500 315 3568 domini
329 3497 425 3568 ,adire
446 3505 560 3580 potest
606 3499 633 3562 si
656 3498 747 3584 enim·
760 3499 835 3564 uiuo
863 3503 1015 3566 testatore
1043 3517 1063 3562 a
1088 3514 1146 3562 suo
1169 3495 1223 3562 do

101 3619 179 3683 nino
202 3637 320 3684 seruus
341 3619 551 3684 manumissus
571 3617 685 3693 morit,
714 3616 764 3682 usi
786 3617 879 3681 ctiam
903 3623 974 3696 post
996 3623 1127 3682 mortem
1149 3621 1224 3681 ante
