3092 4702
586 363 799 432 ..ap—-

146 559 241 620 eutem
269 558 342 637 post
370 571 484 620 sunum
510 549 603 619 XVII
631 551 664 618 id
691 550 795 620 iuuere
820 551 946 638 poterit
998 569 1068 618 oum
1096 551 1178 618 onim
1199 567 1254 618 ssu

146 672 212 739 unni
231 673 271 740 ub
291 691 374 740 enuo
395 671 666 758 quuuuordeoimo
693 673 733 740 uti
763 673 967 740 uioeusimnm
994 689 1095 756 nsque
1121 669 1254 754 comple

143 801 203 858 tum
239 795 321 871 sint,
360 793 504 877 priuoeps
550 795 581 860 in
628 795 785 876 prioribus
823 793 924 860 tribus
962 792 1051 858 mnis
1089 793 1130 857 ud
1162 787 1254 860 XVII

143 932 234 996 usque
254 910 335 996 legis
358 910 465 980 Aeliae
490 911 618 980 Sontiue
644 913 901 996 impedimentum
928 912 1075 990 retinuit,
1105 917 1177 996 post
1199 929 1254 978 uu·

144 1051 210 1098 num
231 1051 307 1100 uero
330 1031 421 1100 XVII
443 1031 629 1116 completum
652 1033 684 1100 id
706 1031 774 1100 fieri
795 1033 945 1116 permisit.
1286 1030 1304 1083 ὅ

300 1643 349 1710 De
370 1640 439 1726 lego
459 1641 551 1710 Fufia
572 1641 704 1710 Caninio
725 1641 860 1712 subluto.
904 1641 1027 1710 Titulus
1048 1645 1078 1708 7.

215 1831 283 1898 Lex
307 1831 436 1912 quidem
451 1830 541 1897 Aeliu
563 1831 672 1897 Seutiu
693 1831 805 1898 minori
825 1829 885 1897 XX
906 1831 995 1896 anuis
1017 1847 1145 1898 seruum
1160 1849 1253 1900 suum

137 1951 356 2018 manumittere
378 1969 439 2017 nou
461 1949 672 2032 permittebat.
710 1957 779 2018 erut
799 1950 862 2018 elie
883 1969 1008 2035 qunque
1028 1952 1087 2031 lex,
1110 1968 1191 2033 quus
1213 1952 1253 2022 de

138 2069 435 2136 manumissionibus
468 2070 643 2149 trectubut,
677 2085 759 2151 quus
786 2073 907 2138 eertum
935 2070 1062 2137 mudum
1090 2090 1253 2140 seruorum

137 2205 223 2254 mauu
234 2189 460 2256 mittendorum
475 2187 509 2254 in
524 2193 712 2256 immmenso
726 2191 946 2258 consumebat
968 2189 1049 2258 huuc
1062 2208 1139 2257 uero
1152 2188 1253 2274 legem

137 2307 292 2388 piissimus
309 2310 453 2390 princeps
468 2315 584 2386 noster,
608 2311 718 2391 utpote
739 2307 878 2375 libertati
901 2309 1103 2392 contrarium,
1124 2309 1253 2392 eiusque
1272 2311 1310 2364 10

136 2427 248 2492 dationi
271 2428 506 2510 quodammodo
528 2427 667 2494 inuidem
690 2445 749 2494 sus
774 2429 997 2496 constitutione
1024 2431 1164 2496 sustulit.
1208 2431 1254 2496 in·

136 2545 302 2612 humanum
324 2549 407 2612 euim
429 2565 499 2613 osse
527 2547 650 2614 censuit
677 2547 769 2615 uiuos
798 2548 925 2633 quidem
953 2547 1111 2617 licentium
1138 2549 1254 2617 hebere

135 2684 235 2733 omues
259 2685 373 2734 seruos
395 2684 470 2733 suos
497 2666 753 2743 manumittendi,
783 2667 843 2734 uisi
871 2685 953 2752 quae
979 2687 1075 2735 consu
1103 2667 1256 2752 impediet

136 2783 321 2866 libertatum,
344 2784 444 2852 uoluti
467 2786 495 2854 si
518 2787 727 2854 manumissor
747 2787 839 2854 aunis
860 2787 920 2854 XX
942 2788 1044 2855 nriuor
1069 2788 1125 2868 sit,
1152 2787 1203 2854 uel
1226 2786 1254 2854 si

134 2904 329 2973 inirnudem
353 2907 543 2973 creditorum
566 2907 659 2973 detur
679 2907 825 2988 liberum
846 2907 1050 2974 morientibus
1064 2914 1169 2973 autem
1190 2921 1253 2973 non
1272 2927 1305 2980 lo

133 3027 258 3093 concedi
280 3044 395 3093 seruos
418 3043 492 3093 suos
514 3025 581 3092 sino
603 3025 825 3108 impedimento
847 3027 1076 3093 manumittere.
