<?xml version="1.0" encoding="UTF-8"?>
<!DOCTYPE html PUBLIC "-//W3C//DTD XHTML 1.0 Transitional//EN"
    "http://www.w3.org/TR/xhtml1/DTD/xhtml1-transitional.dtd">
<html xmlns="http://www.w3.org/1999/xhtml" xml:lang="en" lang="en">
 <head>
  <title>
</title>
<meta http-equiv="Content-Type" content="text/html;charset=utf-8" />
  <meta name='ocr-system' content='tesseract 3.04.00' />
  <meta name='ocr-capabilities' content='ocr_page ocr_carea ocr_par ocr_line ocrx_word'/>
</head>
<body>
  <div class='ocr_page' id='page_1' title='image "./institutionumgr02linggoog_0216.png"; bbox 0 0 2932 4704; ppageno 0'>
   <div class='ocr_carea' id='block_1_1' title="bbox 541 350 751 414">
    <p class='ocr_par' dir='ltr' id='par_1_1' title="bbox 541 350 751 414">
     <span class='ocr_line' id='line_1_1' title="bbox 541 350 751 414; baseline 0 -16"><span class='ocrx_word' id='word_1_1' title='bbox 541 350 751 414; x_wconf 79' lang='grc'><strong>...91-</strong></span> 
     </span>
    </p>
   </div>
   <div class='ocr_carea' id='block_1_2' title="bbox 65 537 1280 3957">
    <p class='ocr_par' dir='ltr' id='par_1_2' title="bbox 65 537 1280 3957">
     <span class='ocr_line' id='line_1_2' title="bbox 107 537 1213 622; baseline 0 -14"><span class='ocrx_word' id='word_1_2' title='bbox 107 541 163 608; x_wconf 86' lang='lat' dir='ltr'><strong>snis</strong></span> <span class='ocrx_word' id='word_1_3' title='bbox 182 538 437 606; x_wconf 65' lang='lat' dir='ltr'><strong>administratis</strong></span> <span class='ocrx_word' id='word_1_4' title='bbox 459 544 597 622; x_wconf 71' lang='lat' dir='ltr'><strong>egerent,</strong></span> <span class='ocrx_word' id='word_1_5' title='bbox 626 545 659 605; x_wconf 87' lang='lat' dir='ltr'><strong>et</strong></span> <span class='ocrx_word' id='word_1_6' title='bbox 684 539 725 606; x_wconf 78' lang='lat' dir='ltr'><strong>eb</strong></span> <span class='ocrx_word' id='word_1_7' title='bbox 753 537 824 606; x_wconf 78' lang='lat' dir='ltr'><strong>eliis</strong></span> <span class='ocrx_word' id='word_1_8' title='bbox 850 543 1053 622; x_wconf 75' lang='lat' dir='ltr'><strong>regerentur,</strong></span> <span class='ocrx_word' id='word_1_9' title='bbox 1079 539 1213 608; x_wconf 75' lang='lat' dir='ltr'><strong>aliorum</strong></span> 
     </span>
     <span class='ocr_line' id='line_1_3' title="bbox 70 649 1214 734; baseline 0 -9"><span class='ocrx_word' id='word_1_10' title='bbox 70 649 221 725; x_wconf 66' lang='lat' dir='ltr'><strong>lttnte&#39;nn</strong></span> <span class='ocrx_word' id='word_1_11' title='bbox 242 657 296 724; x_wconf 87' lang='lat' dir='ltr'><strong>nel</strong></span> <span class='ocrx_word' id='word_1_12' title='bbox 317 675 424 724; x_wconf 80' lang='lat' dir='ltr'><strong>eurem</strong></span> <span class='ocrx_word' id='word_1_13' title='bbox 446 655 563 724; x_wconf 87' lang='lat' dir='ltr'><strong>subire.</strong></span> <span class='ocrx_word' id='word_1_14' title='bbox 599 659 647 722; x_wconf 87' lang='lat'><strong>14.</strong></span> <span class='ocrx_word' id='word_1_15' title='bbox 682 655 951 734; x_wconf 72' lang='lat' dir='ltr'><strong>Quemadmodum</strong></span> <span class='ocrx_word' id='word_1_16' title='bbox 974 658 1076 723; x_wconf 86' lang='lat' dir='ltr'><strong>minor</strong></span> <span class='ocrx_word' id='word_1_17' title='bbox 1096 675 1137 724; x_wconf 88' lang='lat' dir='ltr'><strong>ne</strong></span> <span class='ocrx_word' id='word_1_18' title='bbox 1159 675 1214 725; x_wconf 90' lang='lat' dir='ltr'><strong>no·</strong></span> 
     </span>
     <span class='ocr_line' id='line_1_4' title="bbox 69 773 1214 862; baseline 0.003 -24"><span class='ocrx_word' id='word_1_19' title='bbox 69 777 161 843; x_wconf 72' lang='lat' dir='ltr'><strong>iniens</strong></span> <span class='ocrx_word' id='word_1_20' title='bbox 182 777 305 862; x_wconf 83' lang='lat' dir='ltr'><strong>quidem</strong></span> <span class='ocrx_word' id='word_1_21' title='bbox 328 781 415 842; x_wconf 84' lang='lat' dir='ltr'><strong>tutor</strong></span> <span class='ocrx_word' id='word_1_22' title='bbox 437 782 605 843; x_wconf 86' lang='lat' dir='ltr'><strong>enrotorne</strong></span> <span class='ocrx_word' id='word_1_23' title='bbox 632 775 685 856; x_wconf 88' lang='lat' dir='ltr'><strong>lit,</strong></span> <span class='ocrx_word' id='word_1_24' title='bbox 713 775 759 843; x_wconf 80' lang='lat' dir='ltr'><strong>ito</strong></span> <span class='ocrx_word' id='word_1_25' title='bbox 781 795 839 844; x_wconf 88' lang='lat' dir='ltr'><strong>neo</strong></span> <span class='ocrx_word' id='word_1_26' title='bbox 866 775 964 844; x_wconf 84' lang='lat' dir='ltr'><strong>msses.</strong></span> <span class='ocrx_word' id='word_1_27' title='bbox 1013 777 1062 843; x_wconf 80' lang='grc'><strong>15.</strong></span> <span class='ocrx_word' id='word_1_28' title='bbox 1094 773 1214 843; x_wconf 80' lang='lat' dir='ltr'><strong>Ronnm</strong></span> 
     </span>
     <span class='ocr_line' id='line_1_5' title="bbox 105 893 1214 978; baseline 0 -18"><span class='ocrx_word' id='word_1_29' title='bbox 105 896 286 978; x_wconf 75' lang='lat' dir='ltr'><strong>grammatici</strong></span> <span class='ocrx_word' id='word_1_30' title='bbox 308 896 450 962; x_wconf 80' lang='lat' dir='ltr'><strong>rhetores</strong></span> <span class='ocrx_word' id='word_1_31' title='bbox 473 895 585 962; x_wconf 83' lang='lat' dir='ltr'><strong>medici</strong></span> <span class='ocrx_word' id='word_1_32' title='bbox 607 896 716 977; x_wconf 89' lang='lat' dir='ltr'><strong>etqui</strong></span> <span class='ocrx_word' id='word_1_33' title='bbox 739 897 770 961; x_wconf 94' lang='lat' dir='ltr'><strong>in</strong></span> <span class='ocrx_word' id='word_1_34' title='bbox 794 897 896 977; x_wconf 78' lang='lat' dir='ltr'><strong>petrin</strong></span> <span class='ocrx_word' id='word_1_35' title='bbox 919 915 977 962; x_wconf 80' lang='lat' dir='ltr'><strong>sno</strong></span> <span class='ocrx_word' id='word_1_36' title='bbox 992 897 1146 962; x_wconf 80' lang='lat' dir='ltr'><strong>eiusmodi</strong></span> <span class='ocrx_word' id='word_1_37' title='bbox 1168 893 1214 961; x_wconf 88' lang='lat' dir='ltr'><strong>ol·</strong></span> 
     </span>
     <span class='ocr_line' id='line_1_6' title="bbox 104 1014 1265 1098; baseline 0.003 -20"><span class='ocrx_word' id='word_1_38' title='bbox 104 1014 165 1080; x_wconf 82' lang='lat' dir='ltr'><strong>itio</strong></span> <span class='ocrx_word' id='word_1_39' title='bbox 190 1020 336 1081; x_wconf 79' lang='lat' dir='ltr'>exercent</span> <span class='ocrx_word' id='word_1_40' title='bbox 357 1021 389 1080; x_wconf 85' lang='lat' dir='ltr'><strong>et</strong></span> <span class='ocrx_word' id='word_1_41' title='bbox 414 1016 498 1082; x_wconf 84' lang='lat' dir='ltr'><strong>intre</strong></span> <span class='ocrx_word' id='word_1_42' title='bbox 525 1033 688 1083; x_wconf 88' lang='lat' dir='ltr'><strong>nnmerum</strong></span> <span class='ocrx_word' id='word_1_43' title='bbox 711 1020 786 1082; x_wconf 85' lang='lat' dir='ltr'><strong>snnt</strong></span> <span class='ocrx_word' id='word_1_44' title='bbox 811 1015 1033 1084; x_wconf 83' lang='lat' dir='ltr'><strong>constitutione</strong></span> <span class='ocrx_word' id='word_1_45' title='bbox 1061 1015 1214 1098; x_wconf 76' lang='lat' dir='ltr'><strong>praeseri·</strong></span> <span class='ocrx_word' id='word_1_46' title='bbox 1247 1017 1265 1066; x_wconf 80' lang='lat'><strong>⁶</strong></span> 
     </span>
     <span class='ocr_line' id='line_1_7' title="bbox 104 1133 1280 1222; baseline -0.002 -22"><span class='ocrx_word' id='word_1_47' title='bbox 104 1141 193 1218; x_wconf 85' lang='lat' dir='ltr'><strong>ptum,</strong></span> <span class='ocrx_word' id='word_1_48' title='bbox 226 1135 422 1202; x_wconf 66' lang='lat' dir='ltr'><strong>montonem</strong></span> <span class='ocrx_word' id='word_1_49' title='bbox 458 1133 606 1202; x_wconf 75' lang='lat' dir='ltr'><strong>stuteln</strong></span> <span class='ocrx_word' id='word_1_50' title='bbox 638 1140 670 1202; x_wconf 90' lang='lat' dir='ltr'><strong>et</strong></span> <span class='ocrx_word' id='word_1_51' title='bbox 706 1153 784 1202; x_wconf 78' lang='lat' dir='ltr'><strong>oure</strong></span> <span class='ocrx_word' id='word_1_52' title='bbox 810 1135 980 1202; x_wconf 73' lang='lat' dir='ltr'><strong>nabebunt</strong></span> <span class='ocrx_word' id='word_1_53' title='bbox 1029 1134 1214 1202; x_wconf 82' lang='lat' dir='ltr'><strong>mnstitntio</strong></span> <span class='ocrx_word' id='word_1_54' title='bbox 1271 1203 1280 1222; x_wconf 41' lang='lat'>⁸</span> 
     </span>
     <span class='ocr_line' id='line_1_8' title="bbox 104 1251 1217 1339; baseline 0 -21"><span class='ocrx_word' id='word_1_55' title='bbox 104 1258 144 1318; x_wconf 87' lang='lat' dir='ltr'><strong>ost</strong></span> <span class='ocrx_word' id='word_1_56' title='bbox 168 1254 248 1322; x_wconf 89' lang='lat' dir='ltr'><strong>enim</strong></span> <span class='ocrx_word' id='word_1_57' title='bbox 280 1255 446 1333; x_wconf 79' lang='lat' dir='ltr'><strong>Antonini,</strong></span> <span class='ocrx_word' id='word_1_58' title='bbox 475 1271 539 1339; x_wconf 82' lang='lat' dir='ltr'><strong>qno</strong></span> <span class='ocrx_word' id='word_1_59' title='bbox 566 1261 713 1330; x_wconf 77' lang='lat' dir='ltr'><strong>conetur,</strong></span> <span class='ocrx_word' id='word_1_60' title='bbox 740 1259 818 1336; x_wconf 83' lang='lat' dir='ltr'><strong>quot</strong></span> <span class='ocrx_word' id='word_1_61' title='bbox 845 1253 1039 1338; x_wconf 70' lang='lat' dir='ltr'><strong>grammetiei</strong></span> <span class='ocrx_word' id='word_1_62' title='bbox 1069 1251 1122 1319; x_wconf 86' lang='lat' dir='ltr'><strong>uel</strong></span> <span class='ocrx_word' id='word_1_63' title='bbox 1148 1253 1217 1318; x_wconf 84' lang='lat' dir='ltr'><strong>rho·</strong></span> 
     </span>
     <span class='ocr_line' id='line_1_9' title="bbox 65 1370 1214 1456; baseline 0.003 -25"><span class='ocrx_word' id='word_1_64' title='bbox 65 1379 176 1438; x_wconf 77' lang='lat' dir='ltr'><strong>interes</strong></span> <span class='ocrx_word' id='word_1_65' title='bbox 197 1370 248 1440; x_wconf 89' lang='lat' dir='ltr'><strong>nel</strong></span> <span class='ocrx_word' id='word_1_66' title='bbox 270 1373 383 1439; x_wconf 71' lang='lat' dir='ltr'><strong>merlini</strong></span> <span class='ocrx_word' id='word_1_67' title='bbox 405 1373 439 1439; x_wconf 92' lang='lat' dir='ltr'><strong>in</strong></span> <span class='ocrx_word' id='word_1_68' title='bbox 459 1375 590 1456; x_wconf 80' lang='lat' dir='ltr'><strong>singuiis</strong></span> <span class='ocrx_word' id='word_1_69' title='bbox 612 1375 795 1442; x_wconf 78' lang='lat' dir='ltr'><strong>ciuitatibus</strong></span> <span class='ocrx_word' id='word_1_70' title='bbox 811 1391 881 1440; x_wconf 84' lang='lat' dir='ltr'><strong>esse</strong></span> <span class='ocrx_word' id='word_1_71' title='bbox 902 1371 1048 1440; x_wconf 79' lang='lat' dir='ltr'><strong>debeant.</strong></span> <span class='ocrx_word' id='word_1_72' title='bbox 1074 1373 1124 1436; x_wconf 82' lang='lat'><strong>16.</strong></span> <span class='ocrx_word' id='word_1_73' title='bbox 1153 1371 1214 1450; x_wconf 82' lang='lat' dir='ltr'><strong>Qui</strong></span> 
     </span>
     <span class='ocr_line' id='line_1_10' title="bbox 101 1491 1214 1573; baseline 0 -17"><span class='ocrx_word' id='word_1_74' title='bbox 101 1491 195 1570; x_wconf 86' lang='lat' dir='ltr'><strong>plnres</strong></span> <span class='ocrx_word' id='word_1_75' title='bbox 215 1492 312 1558; x_wconf 82' lang='lat' dir='ltr'><strong>habet</strong></span> <span class='ocrx_word' id='word_1_76' title='bbox 334 1493 552 1560; x_wconf 81' lang='lat' dir='ltr'><strong>exeusationes</strong></span> <span class='ocrx_word' id='word_1_77' title='bbox 574 1493 600 1558; x_wconf 88' lang='lat' dir='ltr'><strong>si</strong></span> <span class='ocrx_word' id='word_1_78' title='bbox 623 1492 811 1573; x_wconf 85' lang='lat' dir='ltr'><strong>quibusdam</strong></span> <span class='ocrx_word' id='word_1_79' title='bbox 837 1511 915 1558; x_wconf 88' lang='lat' dir='ltr'><strong>usus</strong></span> <span class='ocrx_word' id='word_1_80' title='bbox 938 1510 998 1557; x_wconf 95' lang='lat' dir='ltr'><strong>non</strong></span> <span class='ocrx_word' id='word_1_81' title='bbox 1021 1491 1214 1573; x_wconf 82' lang='lat' dir='ltr'><strong>probonen&#39;t,</strong></span> 
     </span>
     <span class='ocr_line' id='line_1_11' title="bbox 101 1610 1266 1696; baseline -0.005 -21"><span class='ocrx_word' id='word_1_82' title='bbox 101 1617 193 1692; x_wconf 84' lang='lat' dir='ltr'><strong>potest</strong></span> <span class='ocrx_word' id='word_1_83' title='bbox 213 1613 301 1678; x_wconf 81' lang='lat' dir='ltr'><strong>intre</strong></span> <span class='ocrx_word' id='word_1_84' title='bbox 322 1612 532 1678; x_wconf 79' lang='lat' dir='ltr'><strong>excusationis</strong></span> <span class='ocrx_word' id='word_1_85' title='bbox 555 1617 698 1696; x_wconf 84' lang='lat' dir='ltr'><strong>tempore</strong></span> <span class='ocrx_word' id='word_1_86' title='bbox 718 1611 832 1678; x_wconf 79' lang='lat' dir='ltr'><strong>ceteris</strong></span> <span class='ocrx_word' id='word_1_87' title='bbox 854 1611 911 1676; x_wconf 86' lang='lat' dir='ltr'><strong>nti.</strong></span> <span class='ocrx_word' id='word_1_88' title='bbox 943 1613 997 1694; x_wconf 91' lang='lat' dir='ltr'><strong>qni</strong></span> <span class='ocrx_word' id='word_1_89' title='bbox 1019 1611 1060 1675; x_wconf 83' lang='lat' dir='ltr'><strong>nd</strong></span> <span class='ocrx_word' id='word_1_90' title='bbox 1080 1610 1213 1676; x_wconf 75' lang='lat' dir='ltr'><strong>tutelam</strong></span> <span class='ocrx_word' id='word_1_91' title='bbox 1233 1617 1266 1670; x_wconf 86' lang='lat' dir='ltr'><strong>no</strong></span> 
     </span>
     <span class='ocr_line' id='line_1_12' title="bbox 101 1729 1215 1814; baseline -0.001 -19"><span class='ocrx_word' id='word_1_92' title='bbox 101 1729 145 1796; x_wconf 88' lang='lat' dir='ltr'><strong>nel</strong></span> <span class='ocrx_word' id='word_1_93' title='bbox 164 1751 269 1798; x_wconf 78' lang='lat' dir='ltr'><strong>eurem</strong></span> <span class='ocrx_word' id='word_1_94' title='bbox 292 1740 425 1799; x_wconf 84' lang='lat' dir='ltr'><strong>noentnr</strong></span> <span class='ocrx_word' id='word_1_95' title='bbox 446 1740 543 1814; x_wconf 79' lang='lat' dir='ltr'><strong>otone</strong></span> <span class='ocrx_word' id='word_1_96' title='bbox 564 1731 717 1800; x_wconf 87' lang='lat' dir='ltr'><strong>eiusmodi</strong></span> <span class='ocrx_word' id='word_1_97' title='bbox 741 1749 820 1800; x_wconf 91' lang='lat' dir='ltr'><strong>onus</strong></span> <span class='ocrx_word' id='word_1_98' title='bbox 843 1731 982 1814; x_wconf 80' lang='lat' dir='ltr'><strong>effugere</strong></span> <span class='ocrx_word' id='word_1_99' title='bbox 1004 1731 1100 1813; x_wconf 87' lang='lat' dir='ltr'><strong>eupit,</strong></span> <span class='ocrx_word' id='word_1_100' title='bbox 1123 1745 1215 1795; x_wconf 73' lang='lat' dir='ltr'><strong>exem</strong></span> 
     </span>
     <span class='ocr_line' id='line_1_13' title="bbox 101 1845 1215 1932; baseline -0.004 -16"><span class='ocrx_word' id='word_1_101' title='bbox 101 1850 209 1918; x_wconf 79' lang='lat' dir='ltr'><strong>nonne</strong></span> <span class='ocrx_word' id='word_1_102' title='bbox 230 1850 346 1928; x_wconf 86' lang='lat' dir='ltr'><strong>utitur,</strong></span> <span class='ocrx_word' id='word_1_103' title='bbox 367 1869 431 1918; x_wconf 91' lang='lat' dir='ltr'><strong>non</strong></span> <span class='ocrx_word' id='word_1_104' title='bbox 452 1870 528 1918; x_wconf 87' lang='lat' dir='ltr'><strong>nero</strong></span> <span class='ocrx_word' id='word_1_105' title='bbox 555 1852 704 1932; x_wconf 75' lang='lat' dir='ltr'><strong>appellnt</strong></span> <span class='ocrx_word' id='word_1_106' title='bbox 752 1857 828 1916; x_wconf 88' lang='lat' dir='ltr'><strong>tuno</strong></span> <span class='ocrx_word' id='word_1_107' title='bbox 854 1849 938 1916; x_wconf 87' lang='lat' dir='ltr'><strong>enim</strong></span> <span class='ocrx_word' id='word_1_108' title='bbox 964 1845 1135 1932; x_wconf 69' lang='lat' dir='ltr'><strong>appellatio</strong></span> <span class='ocrx_word' id='word_1_109' title='bbox 1164 1865 1215 1912; x_wconf 84' lang='lat' dir='ltr'><strong>ne</strong></span> 
     </span>
     <span class='ocr_line' id='line_1_14' title="bbox 102 1966 1215 2054; baseline -0.009 -16"><span class='ocrx_word' id='word_1_110' title='bbox 102 1973 224 2037; x_wconf 77' lang='lat' dir='ltr'><strong>monens</strong></span> <span class='ocrx_word' id='word_1_111' title='bbox 246 1983 306 2052; x_wconf 83' lang='lat' dir='ltr'><strong>eet,</strong></span> <span class='ocrx_word' id='word_1_112' title='bbox 329 1986 400 2036; x_wconf 88' lang='lat' dir='ltr'><strong>omn</strong></span> <span class='ocrx_word' id='word_1_113' title='bbox 423 1972 493 2054; x_wconf 85' lang='lat' dir='ltr'><strong>quis</strong></span> <span class='ocrx_word' id='word_1_114' title='bbox 514 1970 715 2036; x_wconf 79' lang='lat' dir='ltr'><strong>exeneotione</strong></span> <span class='ocrx_word' id='word_1_115' title='bbox 737 1987 814 2034; x_wconf 85' lang='lat' dir='ltr'><strong>usus</strong></span> <span class='ocrx_word' id='word_1_116' title='bbox 836 1987 898 2035; x_wconf 91' lang='lat' dir='ltr'><strong>non</strong></span> <span class='ocrx_word' id='word_1_117' title='bbox 921 1975 971 2034; x_wconf 84' lang='lat' dir='ltr'><strong>est</strong></span> <span class='ocrx_word' id='word_1_118' title='bbox 992 1967 1131 2032; x_wconf 79' lang='lat' dir='ltr'><strong>nuditus.</strong></span> <span class='ocrx_word' id='word_1_119' title='bbox 1160 1966 1215 2046; x_wconf 80' lang='lat' dir='ltr'><strong>oni</strong></span> 
     </span>
     <span class='ocr_line' id='line_1_15' title="bbox 100 2085 1215 2168; baseline -0.004 -14"><span class='ocrx_word' id='word_1_120' title='bbox 100 2093 290 2158; x_wconf 79' lang='lat' dir='ltr'><strong>enensetione</strong></span> <span class='ocrx_word' id='word_1_121' title='bbox 310 2091 360 2156; x_wconf 85' lang='lat' dir='ltr'><strong>ntn&#39;</strong></span> <span class='ocrx_word' id='word_1_122' title='bbox 382 2091 460 2168; x_wconf 87' lang='lat' dir='ltr'><strong>nult,</strong></span> <span class='ocrx_word' id='word_1_123' title='bbox 483 2091 568 2155; x_wconf 85' lang='lat' dir='ltr'><strong>intro</strong></span> <span class='ocrx_word' id='word_1_124' title='bbox 589 2087 615 2154; x_wconf 86' lang='lat' dir='ltr'>L</span> <span class='ocrx_word' id='word_1_125' title='bbox 637 2089 704 2156; x_wconf 84' lang='lat' dir='ltr'><strong>dies</strong></span> <span class='ocrx_word' id='word_1_126' title='bbox 726 2090 907 2166; x_wconf 76' lang='lat' dir='ltr'><strong>continuos,</strong></span> <span class='ocrx_word' id='word_1_127' title='bbox 930 2105 991 2154; x_wconf 93' lang='lat' dir='ltr'><strong>non</strong></span> <span class='ocrx_word' id='word_1_128' title='bbox 1013 2103 1090 2152; x_wconf 89' lang='lat' dir='ltr'><strong>nero</strong></span> <span class='ocrx_word' id='word_1_129' title='bbox 1112 2085 1215 2161; x_wconf 81' lang='lat' dir='ltr'><strong>utiles,</strong></span> 
     </span>
     <span class='ocr_line' id='line_1_16' title="bbox 101 2203 1267 2295; baseline -0.009 -18"><span class='ocrx_word' id='word_1_130' title='bbox 101 2229 133 2277; x_wconf 86' lang='lat' dir='ltr'><strong>ee</strong></span> <span class='ocrx_word' id='word_1_131' title='bbox 147 2213 277 2295; x_wconf 81' lang='lat' dir='ltr'><strong>experiri</strong></span> <span class='ocrx_word' id='word_1_132' title='bbox 294 2211 397 2291; x_wconf 79' lang='lat' dir='ltr'><strong>debet,</strong></span> <span class='ocrx_word' id='word_1_133' title='bbox 420 2211 474 2294; x_wconf 86' lang='lat' dir='ltr'><strong>qni</strong></span> <span class='ocrx_word' id='word_1_134' title='bbox 496 2217 571 2276; x_wconf 84' lang='lat' dir='ltr'><strong>tnnc</strong></span> <span class='ocrx_word' id='word_1_135' title='bbox 586 2227 713 2276; x_wconf 87' lang='lat' dir='ltr'><strong>currere</strong></span> <span class='ocrx_word' id='word_1_136' title='bbox 735 2209 896 2290; x_wconf 84' lang='lat' dir='ltr'><strong>incipiunt,</strong></span> <span class='ocrx_word' id='word_1_137' title='bbox 919 2224 990 2272; x_wconf 88' lang='lat' dir='ltr'><strong>enm</strong></span> <span class='ocrx_word' id='word_1_138' title='bbox 1012 2205 1083 2287; x_wconf 85' lang='lat' dir='ltr'><strong>quis</strong></span> <span class='ocrx_word' id='word_1_139' title='bbox 1105 2222 1140 2269; x_wconf 87' lang='lat' dir='ltr'><strong>se</strong></span> <span class='ocrx_word' id='word_1_140' title='bbox 1162 2219 1215 2269; x_wconf 92' lang='lat' dir='ltr'><strong>no·</strong></span> <span class='ocrx_word' id='word_1_141' title='bbox 1236 2203 1267 2254; x_wconf 75' lang='lat'><strong>¹⁵</strong></span> 
     </span>
     <span class='ocr_line' id='line_1_17' title="bbox 101 2323 1215 2416; baseline -0.007 -22"><span class='ocrx_word' id='word_1_142' title='bbox 101 2331 175 2396; x_wconf 88' lang='lat' dir='ltr'><strong>uerit</strong></span> <span class='ocrx_word' id='word_1_143' title='bbox 194 2339 333 2397; x_wconf 73' lang='lat' dir='ltr'><strong>tentonem</strong></span> <span class='ocrx_word' id='word_1_144' title='bbox 355 2332 474 2397; x_wconf 79' lang='lat' dir='ltr'><strong>datum.</strong></span> <span class='ocrx_word' id='word_1_145' title='bbox 518 2331 602 2396; x_wconf 81' lang='lat' dir='ltr'><strong>intro</strong></span> <span class='ocrx_word' id='word_1_146' title='bbox 624 2349 702 2416; x_wconf 88' lang='lat' dir='ltr'><strong>qnos</strong></span> <span class='ocrx_word' id='word_1_147' title='bbox 731 2331 796 2396; x_wconf 85' lang='lat' dir='ltr'><strong>dies</strong></span> <span class='ocrx_word' id='word_1_148' title='bbox 825 2327 958 2412; x_wconf 87' lang='lat' dir='ltr'><strong>experiri</strong></span> <span class='ocrx_word' id='word_1_149' title='bbox 986 2325 1117 2414; x_wconf 68' lang='lat' dir='ltr'><strong>delient,</strong></span> <span class='ocrx_word' id='word_1_150' title='bbox 1147 2323 1215 2389; x_wconf 85' lang='lat' dir='ltr'><strong>siue</strong></span> 
     </span>
     <span class='ocr_line' id='line_1_18' title="bbox 100 2439 1216 2532; baseline -0.005 -18"><span class='ocrx_word' id='word_1_151' title='bbox 100 2454 280 2516; x_wconf 78' lang='lat' dir='ltr'><strong>testamento</strong></span> <span class='ocrx_word' id='word_1_152' title='bbox 303 2449 379 2524; x_wconf 82' lang='lat' dir='ltr'><strong>doti,</strong></span> <span class='ocrx_word' id='word_1_153' title='bbox 402 2449 471 2515; x_wconf 87' lang='lat' dir='ltr'><strong>sine</strong></span> <span class='ocrx_word' id='word_1_154' title='bbox 492 2449 622 2532; x_wconf 77' lang='lat' dir='ltr'><strong>legitimi</strong></span> <span class='ocrx_word' id='word_1_155' title='bbox 646 2451 719 2527; x_wconf 85' lang='lat' dir='ltr'><strong>sint,</strong></span> <span class='ocrx_word' id='word_1_156' title='bbox 742 2449 810 2514; x_wconf 88' lang='lat' dir='ltr'><strong>siue</strong></span> <span class='ocrx_word' id='word_1_157' title='bbox 836 2447 961 2532; x_wconf 84' lang='lat' dir='ltr'><strong>patroni</strong></span> <span class='ocrx_word' id='word_1_158' title='bbox 991 2444 1061 2510; x_wconf 89' lang='lat' dir='ltr'><strong>siue</strong></span> <span class='ocrx_word' id='word_1_159' title='bbox 1089 2439 1216 2510; x_wconf 82' lang='lat' dir='ltr'><strong>fiducie·</strong></span> 
     </span>
     <span class='ocr_line' id='line_1_19' title="bbox 99 2561 1216 2649; baseline -0.004 -18"><span class='ocrx_word' id='word_1_160' title='bbox 99 2563 149 2646; x_wconf 88' lang='lat' dir='ltr'><strong>rii,</strong></span> <span class='ocrx_word' id='word_1_161' title='bbox 168 2567 234 2633; x_wconf 85' lang='lat' dir='ltr'><strong>sine</strong></span> <span class='ocrx_word' id='word_1_162' title='bbox 257 2587 279 2633; x_wconf 81' lang='grc' dir='ltr'><strong>ιι</strong></span> <span class='ocrx_word' id='word_1_163' title='bbox 302 2566 538 2649; x_wconf 72' lang='lat' dir='ltr'><strong>magistratibus</strong></span> <span class='ocrx_word' id='word_1_164' title='bbox 559 2567 643 2646; x_wconf 82' lang='lat' dir='ltr'><strong>deti,</strong></span> <span class='ocrx_word' id='word_1_165' title='bbox 665 2566 735 2634; x_wconf 85' lang='lat' dir='ltr'><strong>sino</strong></span> <span class='ocrx_word' id='word_1_166' title='bbox 756 2572 918 2632; x_wconf 76' lang='lat' dir='ltr'><strong>curatores</strong></span> <span class='ocrx_word' id='word_1_167' title='bbox 947 2565 1010 2630; x_wconf 87' lang='lat' dir='ltr'><strong>sint</strong></span> <span class='ocrx_word' id='word_1_168' title='bbox 1039 2561 1216 2646; x_wconf 69' lang='lat' dir='ltr'><strong>specialiter</strong></span> 
     </span>
     <span class='ocr_line' id='line_1_20' title="bbox 100 2681 1218 2770; baseline -0.004 -19"><span class='ocrx_word' id='word_1_169' title='bbox 100 2685 159 2752; x_wconf 83' lang='lat' dir='ltr'><strong>deti</strong></span> <span class='ocrx_word' id='word_1_170' title='bbox 183 2691 241 2754; x_wconf 84' lang='lat' dir='ltr'><strong>ent</strong></span> <span class='ocrx_word' id='word_1_171' title='bbox 267 2687 389 2770; x_wconf 80' lang='lat' dir='ltr'><strong>legibus</strong></span> <span class='ocrx_word' id='word_1_172' title='bbox 419 2687 539 2764; x_wconf 74' lang='lat' dir='ltr'><strong>nmati,</strong></span> <span class='ocrx_word' id='word_1_173' title='bbox 569 2686 638 2752; x_wconf 82' lang='lat' dir='ltr'><strong>eine</strong></span> <span class='ocrx_word' id='word_1_174' title='bbox 664 2687 696 2751; x_wconf 93' lang='lat' dir='ltr'><strong>in</strong></span> <span class='ocrx_word' id='word_1_175' title='bbox 725 2686 834 2751; x_wconf 83' lang='lat' dir='ltr'><strong>eedem</strong></span> <span class='ocrx_word' id='word_1_176' title='bbox 864 2684 993 2750; x_wconf 64' lang='lat' dir='ltr'><strong>ciuitate</strong></span> <span class='ocrx_word' id='word_1_177' title='bbox 1022 2683 1155 2765; x_wconf 79' lang='lat' dir='ltr'><strong>degent,</strong></span> <span class='ocrx_word' id='word_1_178' title='bbox 1183 2681 1218 2746; x_wconf 92' lang='lat' dir='ltr'><strong>in</strong></span> 
     </span>
     <span class='ocr_line' id='line_1_21' title="bbox 100 2799 1268 2886; baseline -0.003 -16"><span class='ocrx_word' id='word_1_179' title='bbox 100 2821 156 2886; x_wconf 84' lang='lat' dir='ltr'><strong>qne</strong></span> <span class='ocrx_word' id='word_1_180' title='bbox 175 2811 207 2870; x_wconf 86' lang='lat' dir='ltr'><strong>et</strong></span> <span class='ocrx_word' id='word_1_181' title='bbox 227 2812 401 2884; x_wconf 84' lang='lat' dir='ltr'><strong>nocentur,</strong></span> <span class='ocrx_word' id='word_1_182' title='bbox 428 2805 497 2871; x_wconf 84' lang='lat' dir='ltr'><strong>nine</strong></span> <span class='ocrx_word' id='word_1_183' title='bbox 519 2805 604 2869; x_wconf 87' lang='lat' dir='ltr'><strong>inter</strong></span> <span class='ocrx_word' id='word_1_184' title='bbox 624 2803 829 2870; x_wconf 78' lang='lat' dir='ltr'><strong>oenteninum</strong></span> <span class='ocrx_word' id='word_1_185' title='bbox 852 2801 988 2884; x_wconf 74' lang='lat' dir='ltr'><strong>lapidem</strong></span> <span class='ocrx_word' id='word_1_186' title='bbox 1015 2801 1055 2867; x_wconf 89' lang='lat' dir='ltr'><strong>eb</strong></span> <span class='ocrx_word' id='word_1_187' title='bbox 1079 2817 1116 2866; x_wconf 89' lang='lat' dir='ltr'><strong>eo</strong></span> <span class='ocrx_word' id='word_1_188' title='bbox 1137 2799 1215 2879; x_wconf 82' lang='lat' dir='ltr'><strong>loco,</strong></span> <span class='ocrx_word' id='word_1_189' title='bbox 1233 2804 1268 2856; x_wconf 76' lang='lat'><strong>²⁰</strong></span> 
     </span>
     <span class='ocr_line' id='line_1_22' title="bbox 99 2895 1216 3006; baseline -0.004 -19"><span class='ocrx_word' id='word_1_190' title='bbox 99 2895 204 3006; x_wconf 41' lang='lat' dir='ltr'><strong>in‘qno</strong></span> <span class='ocrx_word' id='word_1_191' title='bbox 228 2924 296 2989; x_wconf 84' lang='lat' dir='ltr'><strong>deti</strong></span> <span class='ocrx_word' id='word_1_192' title='bbox 318 2930 403 3003; x_wconf 86' lang='lat' dir='ltr'><strong>sunt,</strong></span> <span class='ocrx_word' id='word_1_193' title='bbox 425 2921 599 2988; x_wconf 79' lang='lat' dir='ltr'><strong>sine‘nltrn</strong></span> <span class='ocrx_word' id='word_1_194' title='bbox 618 2919 643 2986; x_wconf 84' lang='lat' dir='ltr'><strong>G</strong></span> <span class='ocrx_word' id='word_1_195' title='bbox 661 2919 796 3004; x_wconf 78' lang='lat' dir='ltr'><strong>lapidem</strong></span> <span class='ocrx_word' id='word_1_196' title='bbox 812 2920 943 3002; x_wconf 81' lang='lat' dir='ltr'><strong>degant:</strong></span> <span class='ocrx_word' id='word_1_197' title='bbox 967 2917 1216 2984; x_wconf 78' lang='lat' dir='ltr'><strong>dinumeratione</strong></span> 
     </span>
     <span class='ocr_line' id='line_1_23' title="bbox 99 3038 1217 3122; baseline -0.007 -14"><span class='ocrx_word' id='word_1_198' title='bbox 99 3043 211 3110; x_wconf 85' lang='lat' dir='ltr'><strong>seilicet</strong></span> <span class='ocrx_word' id='word_1_199' title='bbox 232 3043 318 3110; x_wconf 80' lang='lat' dir='ltr'><strong>tecto</strong></span> <span class='ocrx_word' id='word_1_200' title='bbox 339 3043 519 3110; x_wconf 81' lang='lat' dir='ltr'><strong>nicenorum</strong></span> <span class='ocrx_word' id='word_1_201' title='bbox 542 3039 672 3107; x_wconf 87' lang='lat' dir='ltr'><strong>millium</strong></span> <span class='ocrx_word' id='word_1_202' title='bbox 696 3059 753 3122; x_wconf 92' lang='lat' dir='ltr'><strong>pro</strong></span> <span class='ocrx_word' id='word_1_203' title='bbox 768 3039 899 3122; x_wconf 79' lang='lat' dir='ltr'><strong>singulis</strong></span> <span class='ocrx_word' id='word_1_204' title='bbox 922 3038 1042 3118; x_wconf 88' lang='lat' dir='ltr'><strong>diebus,</strong></span> <span class='ocrx_word' id='word_1_205' title='bbox 1065 3055 1147 3121; x_wconf 81' lang='lat' dir='ltr'><strong>quoe</strong></span> <span class='ocrx_word' id='word_1_206' title='bbox 1162 3053 1217 3100; x_wconf 89' lang='lat' dir='ltr'><strong>no-</strong></span> 
     </span>
     <span class='ocr_line' id='line_1_24' title="bbox 99 3159 1218 3244; baseline -0.006 -16"><span class='ocrx_word' id='word_1_207' title='bbox 99 3168 181 3228; x_wconf 77' lang='lat' dir='ltr'><strong>etus</strong></span> <span class='ocrx_word' id='word_1_208' title='bbox 202 3161 357 3230; x_wconf 79' lang='lat' dir='ltr'><strong>conficere</strong></span> <span class='ocrx_word' id='word_1_209' title='bbox 378 3163 481 3237; x_wconf 73' lang='lat' dir='ltr'><strong>debet,</strong></span> <span class='ocrx_word' id='word_1_210' title='bbox 503 3168 540 3228; x_wconf 87' lang='lat' dir='ltr'><strong>ut</strong></span> <span class='ocrx_word' id='word_1_211' title='bbox 561 3163 602 3227; x_wconf 83' lang='lat' dir='ltr'><strong>nd</strong></span> <span class='ocrx_word' id='word_1_212' title='bbox 624 3181 695 3228; x_wconf 90' lang='lat' dir='ltr'><strong>enm</strong></span> <span class='ocrx_word' id='word_1_213' title='bbox 716 3160 819 3227; x_wconf 81' lang='lat' dir='ltr'><strong>locum</strong></span> <span class='ocrx_word' id='word_1_214' title='bbox 842 3159 1016 3244; x_wconf 77' lang='lat' dir='ltr'><strong>perueniat</strong></span> <span class='ocrx_word' id='word_1_215' title='bbox 1040 3161 1094 3224; x_wconf 87' lang='lat' dir='ltr'><strong>nbi</strong></span> <span class='ocrx_word' id='word_1_216' title='bbox 1118 3175 1152 3222; x_wconf 91' lang='lat' dir='ltr'><strong>se</strong></span> <span class='ocrx_word' id='word_1_217' title='bbox 1166 3175 1218 3221; x_wconf 85' lang='lat' dir='ltr'><strong>ex·</strong></span> 
     </span>
     <span class='ocr_line' id='line_1_25' title="bbox 100 3277 1219 3360; baseline -0.004 -15"><span class='ocrx_word' id='word_1_218' title='bbox 100 3288 261 3348; x_wconf 75' lang='lat' dir='ltr'><strong>operturus</strong></span> <span class='ocrx_word' id='word_1_219' title='bbox 284 3288 349 3348; x_wconf 88' lang='lat' dir='ltr'><strong>est:</strong></span> <span class='ocrx_word' id='word_1_220' title='bbox 376 3283 422 3348; x_wconf 83' lang='lat' dir='ltr'><strong>ito</strong></span> <span class='ocrx_word' id='word_1_221' title='bbox 443 3289 547 3349; x_wconf 82' lang='lat' dir='ltr'><strong>tamen</strong></span> <span class='ocrx_word' id='word_1_222' title='bbox 570 3288 607 3346; x_wconf 89' lang='lat' dir='ltr'><strong>nt</strong></span> <span class='ocrx_word' id='word_1_223' title='bbox 628 3282 658 3348; x_wconf 86' lang='lat' dir='ltr'><strong>ei</strong></span> <span class='ocrx_word' id='word_1_224' title='bbox 677 3277 766 3346; x_wconf 84' lang='lat' dir='ltr'><strong>XXX</strong></span> <span class='ocrx_word' id='word_1_225' title='bbox 782 3285 930 3346; x_wconf 78' lang='lat' dir='ltr'><strong>moneant</strong></span> <span class='ocrx_word' id='word_1_226' title='bbox 952 3278 1028 3355; x_wconf 84' lang='lat' dir='ltr'><strong>dies,</strong></span> <span class='ocrx_word' id='word_1_227' title='bbox 1051 3281 1219 3360; x_wconf 80' lang='lat' dir='ltr'><strong>postquem</strong></span> 
     </span>
     <span class='ocr_line' id='line_1_26' title="bbox 100 3389 1270 3482; baseline -0.006 -17"><span class='ocrx_word' id='word_1_228' title='bbox 100 3400 128 3465; x_wconf 92' lang='lat' dir='ltr'><strong>in</strong></span> <span class='ocrx_word' id='word_1_229' title='bbox 147 3419 216 3468; x_wconf 82' lang='lat' dir='ltr'><strong>eom</strong></span> <span class='ocrx_word' id='word_1_230' title='bbox 239 3400 402 3467; x_wconf 85' lang='lat' dir='ltr'><strong>oinitetem</strong></span> <span class='ocrx_word' id='word_1_231' title='bbox 424 3401 615 3482; x_wconf 77' lang='lat' dir='ltr'><strong>peruenerit</strong></span> <span class='ocrx_word' id='word_1_232' title='bbox 638 3401 669 3464; x_wconf 89' lang='lat' dir='ltr'><strong>in</strong></span> <span class='ocrx_word' id='word_1_233' title='bbox 691 3417 755 3482; x_wconf 85' lang='lat' dir='ltr'><strong>qun</strong></span> <span class='ocrx_word' id='word_1_234' title='bbox 776 3417 812 3465; x_wconf 81' lang='lat' dir='ltr'><strong>se</strong></span> <span class='ocrx_word' id='word_1_235' title='bbox 833 3415 985 3464; x_wconf 80' lang='lat' dir='ltr'><strong>erousere</strong></span> <span class='ocrx_word' id='word_1_236' title='bbox 1006 3394 1096 3462; x_wconf 84' lang='lat' dir='ltr'><strong>uniit.</strong></span> <span class='ocrx_word' id='word_1_237' title='bbox 1133 3394 1217 3475; x_wconf 85' lang='lat' dir='ltr'><strong>qnod</strong></span> <span class='ocrx_word' id='word_1_238' title='bbox 1235 3389 1270 3442; x_wconf 78' lang='lat'><strong>2⁵</strong></span> 
     </span>
     <span class='ocr_line' id='line_1_27' title="bbox 101 3511 1219 3602; baseline -0.004 -20"><span class='ocrx_word' id='word_1_239' title='bbox 101 3520 141 3584; x_wconf 82' lang='lat' dir='ltr'><strong>ita</strong></span> <span class='ocrx_word' id='word_1_240' title='bbox 165 3519 319 3585; x_wconf 74' lang='lat' dir='ltr'><strong>Scaeuola</strong></span> <span class='ocrx_word' id='word_1_241' title='bbox 347 3519 589 3602; x_wconf 81' lang='lat' dir='ltr'><strong>computandum</strong></span> <span class='ocrx_word' id='word_1_242' title='bbox 620 3534 689 3584; x_wconf 84' lang='lat' dir='ltr'><strong>esse</strong></span> <span class='ocrx_word' id='word_1_243' title='bbox 716 3519 776 3594; x_wconf 78' lang='lat' dir='ltr'><strong>nit,</strong></span> <span class='ocrx_word' id='word_1_244' title='bbox 808 3535 847 3583; x_wconf 87' lang='lat' dir='ltr'><strong>ne</strong></span> <span class='ocrx_word' id='word_1_245' title='bbox 874 3518 1038 3600; x_wconf 80' lang='lat' dir='ltr'><strong>pauciores</strong></span> <span class='ocrx_word' id='word_1_246' title='bbox 1068 3529 1162 3594; x_wconf 82' lang='lat' dir='ltr'><strong>quom</strong></span> <span class='ocrx_word' id='word_1_247' title='bbox 1192 3511 1219 3577; x_wconf 90' lang='lat' dir='ltr'>L</span> 
     </span>
     <span class='ocr_line' id='line_1_28' title="bbox 101 3632 1218 3720; baseline -0.002 -20"><span class='ocrx_word' id='word_1_248' title='bbox 101 3636 161 3703; x_wconf 88' lang='lat' dir='ltr'><strong>dies</strong></span> <span class='ocrx_word' id='word_1_249' title='bbox 194 3655 334 3720; x_wconf 74' lang='lat' dir='ltr'><strong>unquam</strong></span> <span class='ocrx_word' id='word_1_250' title='bbox 367 3643 454 3704; x_wconf 89' lang='lat' dir='ltr'><strong>tutor</strong></span> <span class='ocrx_word' id='word_1_251' title='bbox 494 3637 534 3702; x_wconf 82' lang='lat' dir='ltr'><strong>nd</strong></span> <span class='ocrx_word' id='word_1_252' title='bbox 576 3643 675 3702; x_wconf 88' lang='lat' dir='ltr'><strong>semet</strong></span> <span class='ocrx_word' id='word_1_253' title='bbox 708 3636 811 3718; x_wconf 88' lang='lat' dir='ltr'><strong>ipsum</strong></span> <span class='ocrx_word' id='word_1_254' title='bbox 844 3635 1055 3703; x_wconf 76' lang='lat' dir='ltr'><strong>excusandum</strong></span> <span class='ocrx_word' id='word_1_255' title='bbox 1093 3632 1218 3708; x_wconf 78' lang='lat' dir='ltr'><strong>hebent,</strong></span> 
     </span>
     <span class='ocr_line' id='line_1_29' title="bbox 101 3749 1217 3837; baseline -0.004 -19"><span class='ocrx_word' id='word_1_256' title='bbox 101 3754 200 3834; x_wconf 85' lang='lat' dir='ltr'><strong>plnres</strong></span> <span class='ocrx_word' id='word_1_257' title='bbox 214 3761 323 3821; x_wconf 83' lang='lat' dir='ltr'><strong>entem</strong></span> <span class='ocrx_word' id='word_1_258' title='bbox 338 3755 514 3837; x_wconf 75' lang='lat' dir='ltr'><strong>aliqnando.</strong></span> <span class='ocrx_word' id='word_1_259' title='bbox 537 3761 573 3820; x_wconf 89' lang='lat' dir='ltr'><strong>ut</strong></span> <span class='ocrx_word' id='word_1_260' title='bbox 588 3771 660 3820; x_wconf 87' lang='lat' dir='ltr'><strong>eece</strong></span> <span class='ocrx_word' id='word_1_261' title='bbox 675 3771 745 3820; x_wconf 85' lang='lat' dir='ltr'><strong>eum</strong></span> <span class='ocrx_word' id='word_1_262' title='bbox 760 3752 897 3821; x_wconf 78' lang='lat' dir='ltr'><strong>obfuerit</strong></span> <span class='ocrx_word' id='word_1_263' title='bbox 913 3751 965 3819; x_wconf 80' lang='lat' dir='ltr'><strong>OG</strong></span> <span class='ocrx_word' id='word_1_264' title='bbox 982 3749 1119 3818; x_wconf 86' lang='lat' dir='ltr'><strong>millibus</strong></span> <span class='ocrx_word' id='word_1_265' title='bbox 1134 3757 1217 3834; x_wconf 92' lang='lat' dir='ltr'><strong>post-</strong></span> 
     </span>
     <span class='ocr_line' id='line_1_30' title="bbox 102 3869 1221 3957; baseline -0.004 -19"><span class='ocrx_word' id='word_1_266' title='bbox 102 3889 189 3952; x_wconf 81' lang='lat' dir='ltr'><strong>quem</strong></span> <span class='ocrx_word' id='word_1_267' title='bbox 211 3875 396 3957; x_wconf 82' lang='lat' dir='ltr'><strong>cognouerit</strong></span> <span class='ocrx_word' id='word_1_268' title='bbox 418 3893 487 3940; x_wconf 82' lang='lat' dir='ltr'><strong>sese</strong></span> <span class='ocrx_word' id='word_1_269' title='bbox 510 3879 646 3940; x_wconf 88' lang='lat' dir='ltr'><strong>tutorem</strong></span> <span class='ocrx_word' id='word_1_270' title='bbox 669 3873 787 3953; x_wconf 82' lang='lat' dir='ltr'><strong>dotum,</strong></span> <span class='ocrx_word' id='word_1_271' title='bbox 810 3873 936 3939; x_wconf 84' lang='lat' dir='ltr'><strong>hebebit</strong></span> <span class='ocrx_word' id='word_1_272' title='bbox 956 3871 1083 3952; x_wconf 86' lang='lat' dir='ltr'><strong>quidem</strong></span> <span class='ocrx_word' id='word_1_273' title='bbox 1104 3871 1136 3935; x_wconf 93' lang='lat' dir='ltr'><strong>in</strong></span> <span class='ocrx_word' id='word_1_274' title='bbox 1158 3869 1221 3936; x_wconf 90' lang='lat' dir='ltr'><strong>iter</strong></span> 
     </span>
    </p>
   </div>
   <div class='ocr_carea' id='block_1_3' title="bbox 0 0 1470 4704">
    <p class='ocr_par' dir='ltr' id='par_1_3' title="bbox 0 0 1470 4704">
     <span class='ocr_line' id='line_1_31' title="bbox 0 0 1470 4704; baseline 0 0"><span class='ocrx_word' id='word_1_275' title='bbox 0 0 1470 4704; x_wconf 95' lang='lat' dir='ltr'><strong> </strong></span> 
     </span>
    </p>
   </div>
  </div>
 </body>
</html>
