2936 4704
696 342 923 406 -134-

249 529 385 615 νομίμων
408 531 546 595 κανόνων
569 530 856 616 παραλαμβάνεται.
880 529 959 605 ῶςτε
982 526 1046 606 οὖν,
1069 528 1123 590 ἐὰν
1149 527 1209 612 βίᾳ
1232 550 1269 591 σε
1292 527 1365 599 ἔξω·

247 634 338 720 δήσω
374 632 430 697 τοῦ
459 635 601 720 ἀκινήτου
637 635 834 719 πράγματος,
868 633 904 696 οά
937 632 1070 716 δυ’ναμαι
1102 635 1191 696 τοῦτο
1221 629 1365 712 usucapi-

247 735 361 814 tefiein,
385 735 492 822 ἐπειδὴ
514 735 602 800 mala
622 735 687 800 fide
710 735 848 820 νέμομαι.
892 736 928 800 αδ
956 737 1017 821 μήν
1047 735 1119 800 οὐδὲ
1150 737 1167 797 ὁ
1197 734 1284 799 bona
1305 731 1366 796 fide

246 843 337 902 τοῦτο
362 837 437 922 παρ’
464 837 540 922 ἐμοῦ
548 841 570 920 ι)
594 840 702 921 λαβὼν
724 839 775 901 διὰ
798 839 832 900 τὸ
856 839 972 921 προσὸν
1000 841 1044 923 τῷ
1074 837 1228 922 πράγματι
1256 834 1365 910 αἰτίου,

213 941 309 1008 ὅέστί
330 943 391 1024 γὰρ
414 941 448 1006 ui
469 941 641 1024 p6ssesson.
687 942 714 1004 εί
735 941 772 1004 δὲ
798 939 969 1023 καδαρεόοι
998 945 1052 1026 τῆς
1081 941 1115 1003 ἐν
1137 939 1222 1026 ἔργῳ
1242 938 1366 1021 βίας,ό

247 1049 337 1109 τοῦτο
359 1045 529 1129 λαμβάνων
552 1045 632 1130 παρ’
655 1043 733 1126 ἐμοῦ
756 1044 839 1109 bona
868 1043 932 1108 fide
962 1042 1089 1106 δύναται
1117 1040 1365 1124 αευυαρίίείιείυ.

246 1150 295 1210 καί
318 1153 384 1222 πῶς
407 1147 569 1233 συμβαίνει
592 1149 756 1230 ἀναγκαῖον
779 1149 883 1210 εἰπεῖν.
925 1145 989 1232 εζγέ
1011 1167 1056 1220 τις
1079 1147 1185 1230 ἀγρὸν,
1208 1143 1368 1231 ἀποδήμή-

246 1271 303 1325 σας
324 1249 433 1315 τοῦτον
454 1248 645 1333 κατέλιπενί)
669 1251 864 1336 ἀπρονόητον
886 1248 905 1335 ή
927 1249 977 1312 καί
1003 1249 1112 1331 παρὼν
1140 1245 1290 1330 οὐδεμίαν
1312 1246 1367 1309 ἐτί-
1459 1249 1460 1314 ³

246 1354 322 1416 δετο
345 1353 496 1438 φροντίδα
520 1357 573 1416 τοῦ
598 1355 697 1436 ἀγροῦ
720 1352 739 1439 ή
761 1354 842 1434 καίί)
866 1352 1051 1438 ἐτελεύτησε
1070 1374 1115 1428 τις
1129 1351 1299 1438 ἀδιάδογος
1323 1354 1369 1414 καί

200 1469 229 1518 10
247 1453 350 1531 οὐδεὶς
372 1456 530 1528 παντελῶς
554 1457 606 1541 τήν
629 1455 739 1519 τούτου
766 1454 953 1527 κατεδέξατο
984 1455 1170 1538 περιουσίαν.
1214 1453 1368 1536 ἑωρακὼς
1459 1453 1460 1528 ;

246 1557 309 1641 ἐγὼ
332 1557 386 1621 ὑπ’
409 1558 536 1634 οὐδενὸς
558 1557 845 1646 διακατεγόμενονί)
869 1559 921 1619 τὸν
943 1559 1040 1642 ἀγρόν
1062 1557 1096 1619 ἐν
1116 1559 1230 1644 κατοχῇ
1252 1557 1369 1638 γέγονα

246 1660 373 1724 τούτου·
395 1659 634 1742 υεαυυρίίθίιεὶυ
649 1660 742 1724 αάτδν
757 1659 860 1724 οὐδενί
881 1659 1052 1744 δυνήσομαι
1072 1659 1173 1742 λόγῳ·
1196 1656 1283 1721 mala
1304 1657 1369 1721 fide

245 1764 306 1848 γὰρ
337 1763 464 1849 νέμομαι
492 1762 585 1838 εἰδὼς
619 1764 711 1826 αὐτὸν
741 1763 900 1845 ἀλλότριον
929 1760 1011 1825 όντα.
1068 1762 1096 1823 εί
1126 1759 1231 1846 μέντοι
1265 1759 1370 1845 ἑτέρῳ

246 1871 355 1930 τοῦτον
378 1866 561 1930 ίτυάἰίυίιεω
578 1867 663 1931 bona
683 1865 749 1930 fide
770 1865 967 1949 λαμβάνοντι,
992 1864 1128 1948 πρόεισιν
1149 1861 1371 1949 ήιιεαυυρίωυ

197 1995 227 2046 15
245 1971 295 2033 καί
315 1971 333 2033 ό
353 1971 474 2055 μακρός
491 1971 608 2058 χρόνος
631 1971 676 2044 ῶς
697 1968 816 2056 εἴρηται
832 1973 986 2052 περιποιεῖ
1002 1969 1056 2054 τήν
1071 1967 1253 2032 δεσποτείαν
1269 1965 1370 2049 αὐτῷ.

245 2073 323 2146 τέως
343 2073 484 2158 μὲνγὰρ
511 2074 563 2158 ήῦ)
594 2077 704 2159 πρῶιή
730 2072 887 2157 ἀπόκρισις
914 2071 967 2134 υόκ
997 2070 1154 2156 ἐμποδίζει
1188 2071 1226 2156 τῇ
1254 2087 1373 2133 usuca·

242 2173 340 2258 pioni,
365 2175 487 2259 νέμεται
509 2175 570 2258 γὰρ
594 2173 785 2240 bonafide·
820 2171 922 2250 οὔτεί)
946 2176 965 2260 ή
996 2173 1146 2254 δευτέρα·
1176 2173 1372 2258 ἀπήλλακται

244 2280 306 2363 γὰρ
327 2277 406 2342 uitiu
429 2281 464 2341 τὸ
488 2283 625 2361 πρᾶγμα.
670 2275 739 2340 ἀλλ’
762 2274 824 2364 ἔχει
848 2298 890 2350 τις
913 2277 1008 2340 εἰπεῖν
1040 2276 1180 2340 sfirtiuon
1209 2275 1373 2337 ἀποτελεῖ-

244 2381 318 2446 σόαι
345 2381 466 2464 αότδλ)
504 2381 561 2460 22⁸)
591 2380 652 2463 γὰρ
682 2380 773 2450 είδῶς
806 2379 869 2462 ἐγὼ
897 2380 1056 2462 ἀλλότριον
1084 2377 1159 2441 όντα
1187 2379 1238 2441 τδν
1268 2377 1374 2459 ἀγρὸν

195 2504 229 2556 20
246 2481 408 2555 ἐξεποίουν
430 2481 531 2560 αὐτόν,
557 2481 695 2546 ffirtiuon
719 2485 796 2544 ποιῶ
820 2482 872 2544 τόν
894 2482 1001 2566 ἀγρόν.
1024 2480 1100 2543 ἀλλὰ
1119 2480 1251 2564 μάταιος
1274 2477 1377 2554 οὖτος

244 2585 419 2667 ὁλόγοςβ)
449 2586 545 2670 κλοπή
566 2585 627 2668 γὰρ
651 2584 699 2648 ἐπὶ
720 2584 870 2668 ἀκινήτων
899 2583 956 2670 οὐχ
979 2583 1198 2666 ἁμαρτάνεται.
1222 2581 1375 2668 ἀνήρέδη

244 2688 305 2772 γὰρ
327 2689 453 2773 καὶτῆς
474 2686 624 2760 πολιτείας
646 2683 864 2771 ἐκβέβλήταιδ)
888 2686 907 2772 ή
935 2686 1043 2770 γνῶμή
1072 2688 1134 2747 τῶν
1164 2683 1377 2755 δοξασοίντων

246 2796 376 2873 νομικῶν
397 2791 443 2854 ότι
473 2790 521 2854 ἐπὶ
547 2794 609 2853 τῶν
631 2789 781 2875 ἀκινήτων
810 2787 1019 2872 ἁμαρτάνεται
1040 2787 1145 2872 κλοπή.
1191 2785 1265 2848 ἀλλ’
1293 2785 1377 2848 οὐδὲ

244 2893 278 2958 ui
299 2891 463 2976 p6ssess6n
486 2893 552 2956 ἐστι
567 2893 601 2956 τὸ
618 2895 760 2975 πρᾶγμα·
783 2887 857 2952 οὐδὲ
879 2889 940 2974 γάρ
961 2891 981 2975 ή
1005 2890 1115 2975 πρᾶξις
1136 2892 1192 2974 ιής
1211 2888 1288 2970 βίας
1315 2912 1379 2951 πα·
1459 2879 1460 2882 “

144 3053 148 3061 .
196 3015 228 3066 25
243 2995 487 3084 ρήκολοόδήσεν.
528 2995 661 3059 λείπεται
683 2995 783 3057 τοίνυν
805 2991 949 3078 δεκαετίᾳ
971 2991 990 3078 ἢ
1013 2991 1184 3076 εἰκοσαετίᾳ
1192 2991 1230 3073 ¹⁰)
1254 2989 1379 3055 δεσπό-

243 3123 298 3186 τήν
319 3099 458 3183 γίνεσδαι
482 3103 535 3163 τοῦ
558 3100 657 3182 ἀγροῦ
680 3097 733 3160 τὸν
754 3095 840 3163 bona
870 3094 934 3159 fide
961 3095 1144 3176 λαβόνταΠ)
1173 3093 1381 3178 φυλαττόμε-
1459 3113 1460 3162 ι

244 3226 297 3268 νον
325 3203 383 3266 ὑπὸ
413 3207 475 3266 τῶν
508 3201 681 3274 διατάξεων
714 3205 776 3263 τῶν
805 3201 961 3282 λεγουσῶν
986 3197 1122 3283 μηδενός
1151 3195 1378 3282 ἀφαιρεθῆναι

242 3307 298 3393 τήν
317 3304 441 3391 μακρὰν
462 3305 511 3368 καί
532 3303 748 3389 ἀναμφίβολον
771 3303 875 3388 νομήν.
920 3303 949 3368 8.
986 3301 1160 3388 Ελρήκαμευ
1182 3300 1220 3363 τὰ
1241 3299 1379 3364 ffirtiug
1399 3308 1426 3357 g,

311 3614 335 3682 1)
351 3614 391 3668 ita
409 3613 460 3670 M.:
479 3619 530 3668 cet.
547 3615 618 3683 παρ’
635 3614 658 3668 ί.
678 3631 715 3666 a:
734 3631 757 3667 τ.
776 3614 799 3666 λ.
818 3630 844 3667 π,
863 3612 885 3664 λ.
904 3611 947 3665 Vi.
964 3609 997 3665 R.
1140 3608 1164 3675 ¹)
1182 3627 1206 3663 κ.
1225 3624 1250 3660 τ.
1268 3606 1315 3659 vi.
1342 3606 1385 3662 R
1459 3603 1460 3608 ’

243 3701 266 3766 ⁸)
284 3699 310 3752 d.
329 3698 361 3753 V.
378 3697 411 3753 R.
523 3701 547 3765 ⁴)
564 3717 657 3770 κατεγ.
675 3698 719 3753 vi.
736 3699 768 3752 R.
888 3699 912 3764 ⁸)
929 3695 956 3749 h.
974 3696 991 3749 1.
1010 3695 1059 3760 μὲν
1078 3694 1120 3748 Vi.
1138 3693 1170 3748 Β.
1291 3695 1322 3759 ⁶)
1348 3695 1386 3746 δὲ

243 3787 293 3841 inu.
313 3785 362 3840 111.
380 3782 430 3838 11².
449 3785 480 3838 F.
497 3783 562 3836 οὐδὲ
579 3785 612 3853 ej.
631 3783 663 3837 R.
791 3783 815 3849 ἲ)
831 3781 864 3835 τδ
883 3783 996 3851 πρᾶγμα
1013 3781 1055 3836 vi.
1074 3780 1106 3834 R
1226 3780 1249 3843 θ)
1267 3779 1309 3832 ita
1335 3780 1386 3836 M.

245 3874 284 3933 ῶς
300 3871 350 3926 Ll.
369 3870 418 3924 11².
437 3869 468 3924 F.
488 3871 526 3930 ῶς
543 3869 585 3921 ότι
602 3867 643 3921 vi.
662 3866 695 3922 Β.
865 3868 888 3933 ⁹)
906 3869 945 3922 ita
963 3864 1285 3920 M.1,1.1.².F².:oet„
1307 3865 1386 3924 dee-

243 3958 337 4028 βλήδη
356 3955 556 4026 ίκβληδήσεται
573 3955 622 4009 Μ.
752 3955 787 4020 ¹⁰)
808 3953 897 4014 -τίας
913 3955 931 4022 ἢ
948 3952 1039 4012 ί-ίας
1060 3951 1106 4016 M..
1124 3952 1171 4021 qui
1189 3966 1239 4006 εστ.
1257 3950 1296 4010 τίς
1321 3953 1387 4003 τὸν

248 4046 325 4096 δεσπ.
428 4043 463 4106 11)
481 4043 519 4095 ita
537 4040 574 4094 M.
593 4038 642 4094 11².
659 4039 710 4096 L⁶.
728 4046 779 4093 cet.

311 4147 339 4214 ε)
356 4143 397 4200 ef.
415 4143 479 4212 Epi.
497 4145 523 4205 6.
542 4145 582 4196 20.
