<?xml version="1.0" encoding="UTF-8"?>
<!DOCTYPE html PUBLIC "-//W3C//DTD XHTML 1.0 Transitional//EN"
    "http://www.w3.org/TR/xhtml1/DTD/xhtml1-transitional.dtd">
<html xmlns="http://www.w3.org/1999/xhtml" xml:lang="en" lang="en">
 <head>
  <title>
</title>
<meta http-equiv="Content-Type" content="text/html;charset=utf-8" />
  <meta name='ocr-system' content='tesseract 3.04.00' />
  <meta name='ocr-capabilities' content='ocr_page ocr_carea ocr_par ocr_line ocrx_word'/>
</head>
<body>
  <div class='ocr_page' id='page_1' title='image "./institutionumgr02linggoog_0090.png"; bbox 0 0 2960 4704; ppageno 0'>
   <div class='ocr_carea' id='block_1_1' title="bbox 542 348 755 414">
    <p class='ocr_par' dir='ltr' id='par_1_1' title="bbox 542 348 755 414">
     <span class='ocr_line' id='line_1_1' title="bbox 542 348 755 414; baseline 0.009 -18"><span class='ocrx_word' id='word_1_1' title='bbox 542 348 755 414; x_wconf 73' lang='lat'>..23-</span> 
     </span>
    </p>
   </div>
   <div class='ocr_carea' id='block_1_2' title="bbox 56 534 1258 3983">
    <p class='ocr_par' dir='ltr' id='par_1_2' title="bbox 56 534 1258 3983">
     <span class='ocr_line' id='line_1_2' title="bbox 108 534 1208 621; baseline 0.005 -21"><span class='ocrx_word' id='word_1_2' title='bbox 108 535 147 600; x_wconf 90' lang='lat' dir='ltr'><strong>ins</strong></span> <span class='ocrx_word' id='word_1_3' title='bbox 166 534 300 618; x_wconf 84' lang='lat' dir='ltr'><strong>quidem,</strong></span> <span class='ocrx_word' id='word_1_4' title='bbox 331 537 404 621; x_wconf 85' lang='lat' dir='ltr'><strong>qnia</strong></span> <span class='ocrx_word' id='word_1_5' title='bbox 430 555 527 603; x_wconf 89' lang='lat' dir='ltr'><strong>unum</strong></span> <span class='ocrx_word' id='word_1_6' title='bbox 550 537 765 604; x_wconf 88' lang='lat' dir='ltr'><strong>tantummodo</strong></span> <span class='ocrx_word' id='word_1_7' title='bbox 789 555 890 620; x_wconf 87' lang='lat' dir='ltr'><strong>noque</strong></span> <span class='ocrx_word' id='word_1_8' title='bbox 911 536 1044 621; x_wconf 81' lang='lat' dir='ltr'><strong>amptius</strong></span> <span class='ocrx_word' id='word_1_9' title='bbox 1072 537 1146 604; x_wconf 89' lang='lat' dir='ltr'><strong>licet</strong></span> <span class='ocrx_word' id='word_1_10' title='bbox 1177 538 1208 606; x_wconf 88' lang='lat' dir='ltr'><strong>si</strong></span> 
     </span>
     <span class='ocr_line' id='line_1_3' title="bbox 108 654 1207 738; baseline 0.004 -19"><span class='ocrx_word' id='word_1_11' title='bbox 108 655 227 738; x_wconf 87' lang='lat' dir='ltr'><strong>quinon</strong></span> <span class='ocrx_word' id='word_1_12' title='bbox 247 654 397 721; x_wconf 87' lang='lat' dir='ltr'><strong>soluendo</strong></span> <span class='ocrx_word' id='word_1_13' title='bbox 419 662 468 721; x_wconf 88' lang='lat' dir='ltr'><strong>est</strong></span> <span class='ocrx_word' id='word_1_14' title='bbox 491 655 639 722; x_wconf 81' lang='lat' dir='ltr'>heredem</span> <span class='ocrx_word' id='word_1_15' title='bbox 661 655 839 735; x_wconf 77' lang='lat' dir='ltr'><strong>instituere,</strong></span> <span class='ocrx_word' id='word_1_16' title='bbox 863 655 903 722; x_wconf 88' lang='lat' dir='ltr'><strong>ad</strong></span> <span class='ocrx_word' id='word_1_17' title='bbox 934 675 1030 722; x_wconf 87' lang='lat' dir='ltr'><strong>unum</strong></span> <span class='ocrx_word' id='word_1_18' title='bbox 1051 658 1134 724; x_wconf 89' lang='lat' dir='ltr'><strong>enim</strong></span> <span class='ocrx_word' id='word_1_19' title='bbox 1156 675 1207 723; x_wconf 88' lang='lat' dir='ltr'><strong>us-</strong></span> 
     </span>
     <span class='ocr_line' id='line_1_4' title="bbox 106 775 1206 859; baseline 0.003 -19"><span class='ocrx_word' id='word_1_20' title='bbox 106 793 156 855; x_wconf 85' lang='lat' dir='ltr'><strong>que</strong></span> <span class='ocrx_word' id='word_1_21' title='bbox 185 775 231 840; x_wconf 88' lang='lat' dir='ltr'><strong>lex</strong></span> <span class='ocrx_word' id='word_1_22' title='bbox 262 793 352 840; x_wconf 86' lang='lat' dir='ltr'><strong>susm</strong></span> <span class='ocrx_word' id='word_1_23' title='bbox 385 775 509 842; x_wconf 80' lang='lat' dir='ltr'><strong>cohibet</strong></span> <span class='ocrx_word' id='word_1_24' title='bbox 541 776 600 840; x_wconf 90' lang='lat' dir='ltr'><strong>ius.</strong></span> <span class='ocrx_word' id='word_1_25' title='bbox 652 777 847 842; x_wconf 88' lang='lat' dir='ltr'><strong>necessarius</strong></span> <span class='ocrx_word' id='word_1_26' title='bbox 882 785 986 843; x_wconf 88' lang='lat' dir='ltr'><strong>nutem</strong></span> <span class='ocrx_word' id='word_1_27' title='bbox 1015 775 1091 859; x_wconf 86' lang='lat' dir='ltr'><strong>quis</strong></span> <span class='ocrx_word' id='word_1_28' title='bbox 1112 779 1206 843; x_wconf 88' lang='lat' dir='ltr'><strong>etiam</strong></span> 
     </span>
     <span class='ocr_line' id='line_1_5' title="bbox 105 893 1206 964; baseline 0.005 -6"><span class='ocrx_word' id='word_1_29' title='bbox 105 893 209 960; x_wconf 90' lang='lat' dir='ltr'><strong>inuitus</strong></span> <span class='ocrx_word' id='word_1_30' title='bbox 247 895 338 961; x_wconf 82' lang='lat' dir='ltr'><strong>heros</strong></span> <span class='ocrx_word' id='word_1_31' title='bbox 375 893 419 960; x_wconf 83' lang='lat' dir='ltr'><strong>fit</strong></span> <span class='ocrx_word' id='word_1_32' title='bbox 481 894 517 960; x_wconf 86' lang='lat' dir='ltr'><strong>fit</strong></span> <span class='ocrx_word' id='word_1_33' title='bbox 555 904 660 962; x_wconf 86' lang='lat' dir='ltr'><strong>autem</strong></span> <span class='ocrx_word' id='word_1_34' title='bbox 700 896 750 962; x_wconf 90' lang='lat' dir='ltr'><strong>hic</strong></span> <span class='ocrx_word' id='word_1_35' title='bbox 786 896 879 961; x_wconf 89' lang='lat' dir='ltr'><strong>heres</strong></span> <span class='ocrx_word' id='word_1_36' title='bbox 916 895 945 962; x_wconf 90' lang='lat' dir='ltr'><strong>si</strong></span> <span class='ocrx_word' id='word_1_37' title='bbox 984 897 1076 963; x_wconf 91' lang='lat' dir='ltr'><strong>modo</strong></span> <span class='ocrx_word' id='word_1_38' title='bbox 1116 915 1206 964; x_wconf 89' lang='lat' dir='ltr'><strong>nemo</strong></span> 
     </span>
     <span class='ocr_line' id='line_1_6' title="bbox 104 1013 1258 1100; baseline 0.005 -22"><span class='ocrx_word' id='word_1_39' title='bbox 104 1013 172 1079; x_wconf 84' lang='lat' dir='ltr'><strong>alius</strong></span> <span class='ocrx_word' id='word_1_40' title='bbox 191 1033 228 1080; x_wconf 86' lang='lat' dir='ltr'><strong>ex</strong></span> <span class='ocrx_word' id='word_1_41' title='bbox 249 1021 438 1081; x_wconf 88' lang='lat' dir='ltr'><strong>testamento</strong></span> <span class='ocrx_word' id='word_1_42' title='bbox 466 1015 557 1082; x_wconf 88' lang='lat' dir='ltr'><strong>heres</strong></span> <span class='ocrx_word' id='word_1_43' title='bbox 585 1016 739 1086; x_wconf 83' lang='lat' dir='ltr'><strong>extiterit,</strong></span> <span class='ocrx_word' id='word_1_44' title='bbox 768 1023 824 1082; x_wconf 88' lang='lat' dir='ltr'><strong>aut</strong></span> <span class='ocrx_word' id='word_1_45' title='bbox 852 1017 926 1098; x_wconf 86' lang='lat' dir='ltr'><strong>quia</strong></span> <span class='ocrx_word' id='word_1_46' title='bbox 952 1034 1043 1082; x_wconf 90' lang='lat' dir='ltr'><strong>nemo</strong></span> <span class='ocrx_word' id='word_1_47' title='bbox 1070 1017 1206 1100; x_wconf 86' lang='lat' dir='ltr'><strong>scriptus</strong></span> <span class='ocrx_word' id='word_1_48' title='bbox 1239 1018 1258 1069; x_wconf 69' lang='grc' dir='ltr'><strong>ὅ</strong></span> 
     </span>
     <span class='ocr_line' id='line_1_7' title="bbox 102 1133 1207 1220; baseline 0.004 -22"><span class='ocrx_word' id='word_1_49' title='bbox 102 1136 215 1212; x_wconf 77' lang='lat' dir='ltr'><strong>ritant</strong></span> <span class='ocrx_word' id='word_1_50' title='bbox 236 1134 312 1218; x_wconf 86' lang='lat' dir='ltr'><strong>quia</strong></span> <span class='ocrx_word' id='word_1_51' title='bbox 334 1133 471 1216; x_wconf 84' lang='lat' dir='ltr'><strong>scriptus</strong></span> <span class='ocrx_word' id='word_1_52' title='bbox 493 1135 581 1202; x_wconf 83' lang='lat' dir='ltr'><strong>edire</strong></span> <span class='ocrx_word' id='word_1_53' title='bbox 603 1136 746 1203; x_wconf 86' lang='lat' dir='ltr'><strong>noluerit</strong></span> <span class='ocrx_word' id='word_1_54' title='bbox 770 1155 885 1220; x_wconf 79' lang='lat' dir='ltr'><strong>magna</strong></span> <span class='ocrx_word' id='word_1_55' title='bbox 910 1135 971 1203; x_wconf 91' lang='lat' dir='ltr'><strong>fnit</strong></span> <span class='ocrx_word' id='word_1_56' title='bbox 999 1137 1096 1220; x_wconf 80' lang='lat' dir='ltr'><strong>igitur</strong></span> <span class='ocrx_word' id='word_1_57' title='bbox 1117 1137 1207 1203; x_wconf 91' lang='lat' dir='ltr'><strong>huiu-</strong></span> 
     </span>
     <span class='ocr_line' id='line_1_8' title="bbox 100 1254 1205 1340; baseline 0.005 -19"><span class='ocrx_word' id='word_1_58' title='bbox 100 1273 143 1321; x_wconf 86' lang='lat' dir='ltr'><strong>sce</strong></span> <span class='ocrx_word' id='word_1_59' title='bbox 165 1254 240 1337; x_wconf 77' lang='lat' dir='ltr'><strong>legis</strong></span> <span class='ocrx_word' id='word_1_60' title='bbox 272 1255 487 1337; x_wconf 89' lang='lat' dir='ltr'><strong>prouidentia,</strong></span> <span class='ocrx_word' id='word_1_61' title='bbox 517 1264 554 1322; x_wconf 89' lang='lat' dir='ltr'><strong>nt</strong></span> <span class='ocrx_word' id='word_1_62' title='bbox 581 1258 634 1339; x_wconf 86' lang='lat' dir='ltr'><strong>qui</strong></span> <span class='ocrx_word' id='word_1_63' title='bbox 662 1275 724 1322; x_wconf 94' lang='lat' dir='ltr'><strong>non</strong></span> <span class='ocrx_word' id='word_1_64' title='bbox 747 1265 853 1322; x_wconf 89' lang='lat' dir='ltr'><strong>essent</strong></span> <span class='ocrx_word' id='word_1_65' title='bbox 880 1255 1045 1332; x_wconf 88' lang='lat' dir='ltr'><strong>soluendo,</strong></span> <span class='ocrx_word' id='word_1_66' title='bbox 1072 1276 1205 1340; x_wconf 86' lang='lat' dir='ltr'><strong>quornm</strong></span> 
     </span>
     <span class='ocr_line' id='line_1_9' title="bbox 101 1375 1206 1455; baseline 0.003 -15"><span class='ocrx_word' id='word_1_67' title='bbox 101 1375 218 1455; x_wconf 80' lang='lat' dir='ltr'><strong>unisque</strong></span> <span class='ocrx_word' id='word_1_68' title='bbox 248 1375 455 1440; x_wconf 79' lang='lat' dir='ltr'><strong>hereditatem</strong></span> <span class='ocrx_word' id='word_1_69' title='bbox 492 1380 673 1455; x_wconf 83' lang='lat' dir='ltr'><strong>respueret,</strong></span> <span class='ocrx_word' id='word_1_70' title='bbox 714 1393 840 1441; x_wconf 90' lang='lat' dir='ltr'><strong>seruum</strong></span> <span class='ocrx_word' id='word_1_71' title='bbox 873 1393 964 1442; x_wconf 88' lang='lat' dir='ltr'><strong>suum</strong></span> <span class='ocrx_word' id='word_1_72' title='bbox 994 1394 1206 1443; x_wconf 80' lang='lat' dir='ltr'><strong>successorem</strong></span> 
     </span>
     <span class='ocr_line' id='line_1_10' title="bbox 98 1492 1204 1574; baseline 0.003 -15"><span class='ocrx_word' id='word_1_73' title='bbox 98 1494 250 1572; x_wconf 87' lang='lat' dir='ltr'><strong>haherent,</strong></span> <span class='ocrx_word' id='word_1_74' title='bbox 280 1492 336 1574; x_wconf 85' lang='lat' dir='ltr'><strong>qui</strong></span> <span class='ocrx_word' id='word_1_75' title='bbox 364 1503 397 1560; x_wconf 87' lang='lat' dir='ltr'><strong>et</strong></span> <span class='ocrx_word' id='word_1_76' title='bbox 424 1493 634 1561; x_wconf 86' lang='lat' dir='ltr'><strong>creditoribus</strong></span> <span class='ocrx_word' id='word_1_77' title='bbox 660 1501 745 1561; x_wconf 89' lang='lat' dir='ltr'><strong>esset</strong></span> <span class='ocrx_word' id='word_1_78' title='bbox 765 1495 984 1562; x_wconf 77' lang='lat' dir='ltr'><strong>satisfacturus</strong></span> <span class='ocrx_word' id='word_1_79' title='bbox 1006 1505 1039 1561; x_wconf 89' lang='lat' dir='ltr'><strong>et</strong></span> <span class='ocrx_word' id='word_1_80' title='bbox 1064 1496 1204 1563; x_wconf 84' lang='lat' dir='ltr'><strong>debiturn</strong></span> 
     </span>
     <span class='ocr_line' id='line_1_11' title="bbox 97 1613 1258 1700; baseline 0.004 -22"><span class='ocrx_word' id='word_1_81' title='bbox 97 1613 163 1694; x_wconf 88' lang='lat' dir='ltr'><strong>ipsis</strong></span> <span class='ocrx_word' id='word_1_82' title='bbox 188 1616 346 1698; x_wconf 81' lang='lat' dir='ltr'><strong>integrum</strong></span> <span class='ocrx_word' id='word_1_83' title='bbox 382 1616 553 1682; x_wconf 89' lang='lat' dir='ltr'><strong>soluturus.</strong></span> <span class='ocrx_word' id='word_1_84' title='bbox 600 1619 654 1700; x_wconf 92' lang='lat' dir='ltr'><strong>qui</strong></span> <span class='ocrx_word' id='word_1_85' title='bbox 685 1617 718 1682; x_wconf 91' lang='lat' dir='ltr'><strong>ni</strong></span> <span class='ocrx_word' id='word_1_86' title='bbox 750 1617 784 1682; x_wconf 90' lang='lat' dir='ltr'><strong>id</strong></span> <span class='ocrx_word' id='word_1_87' title='bbox 818 1615 959 1694; x_wconf 88' lang='lat' dir='ltr'><strong>fecisset,</strong></span> <span class='ocrx_word' id='word_1_88' title='bbox 987 1617 1110 1684; x_wconf 85' lang='lat' dir='ltr'><strong>heredis</strong></span> <span class='ocrx_word' id='word_1_89' title='bbox 1143 1636 1204 1683; x_wconf 93' lang='lat' dir='ltr'><strong>non</strong></span> <span class='ocrx_word' id='word_1_90' title='bbox 1224 1622 1258 1674; x_wconf 85' lang='lat'><strong>10</strong></span> 
     </span>
     <span class='ocr_line' id='line_1_12' title="bbox 97 1735 1204 1814; baseline 0.004 -16"><span class='ocrx_word' id='word_1_91' title='bbox 97 1735 220 1800; x_wconf 78' lang='lat' dir='ltr'><strong>defuncti</strong></span> <span class='ocrx_word' id='word_1_92' title='bbox 257 1737 341 1803; x_wconf 85' lang='lat' dir='ltr'><strong>bone</strong></span> <span class='ocrx_word' id='word_1_93' title='bbox 375 1737 538 1814; x_wconf 87' lang='lat' dir='ltr'><strong>uenirent,</strong></span> <span class='ocrx_word' id='word_1_94' title='bbox 579 1737 664 1802; x_wconf 89' lang='lat' dir='ltr'><strong>nulla</strong></span> <span class='ocrx_word' id='word_1_95' title='bbox 697 1735 815 1802; x_wconf 89' lang='lat' dir='ltr'><strong>iniuria</strong></span> <span class='ocrx_word' id='word_1_96' title='bbox 847 1735 993 1804; x_wconf 80' lang='lat' dir='ltr'><strong>defuncto</strong></span> <span class='ocrx_word' id='word_1_97' title='bbox 1022 1736 1204 1804; x_wconf 87' lang='lat' dir='ltr'><strong>adficiendo.</strong></span> 
     </span>
     <span class='ocr_line' id='line_1_13' title="bbox 96 1857 1205 1941; baseline 0.001 -18"><span class='ocrx_word' id='word_1_98' title='bbox 96 1864 123 1923; x_wconf 91' lang='lat' dir='ltr'><strong>et</strong></span> <span class='ocrx_word' id='word_1_99' title='bbox 142 1864 270 1941; x_wconf 89' lang='lat' dir='ltr'><strong>uterque</strong></span> <span class='ocrx_word' id='word_1_100' title='bbox 298 1858 423 1939; x_wconf 88' lang='lat' dir='ltr'><strong>quidem</strong></span> <span class='ocrx_word' id='word_1_101' title='bbox 447 1858 632 1938; x_wconf 77' lang='lat' dir='ltr'><strong>iuuabatur3</strong></span> <span class='ocrx_word' id='word_1_102' title='bbox 654 1857 819 1924; x_wconf 85' lang='lat' dir='ltr'><strong>defunctus</strong></span> <span class='ocrx_word' id='word_1_103' title='bbox 841 1866 874 1923; x_wconf 87' lang='lat' dir='ltr'><strong>ot</strong></span> <span class='ocrx_word' id='word_1_104' title='bbox 894 1857 1114 1924; x_wconf 78' lang='lat' dir='ltr'><strong>manumissus.</strong></span> <span class='ocrx_word' id='word_1_105' title='bbox 1151 1859 1205 1940; x_wconf 84' lang='lat' dir='ltr'><strong>qui</strong></span> 
     </span>
     <span class='ocr_line' id='line_1_14' title="bbox 98 1975 1204 2058; baseline 0.004 -17"><span class='ocrx_word' id='word_1_106' title='bbox 98 1979 167 2042; x_wconf 90' lang='lat' dir='ltr'><strong>enim</strong></span> <span class='ocrx_word' id='word_1_107' title='bbox 189 1997 249 2044; x_wconf 93' lang='lat' dir='ltr'><strong>non</strong></span> <span class='ocrx_word' id='word_1_108' title='bbox 273 1977 426 2044; x_wconf 86' lang='lat' dir='ltr'><strong>soluendo</strong></span> <span class='ocrx_word' id='word_1_109' title='bbox 448 1985 518 2042; x_wconf 88' lang='lat' dir='ltr'><strong>erat</strong></span> <span class='ocrx_word' id='word_1_110' title='bbox 539 1977 613 2044; x_wconf 88' lang='lat' dir='ltr'><strong>licet</strong></span> <span class='ocrx_word' id='word_1_111' title='bbox 634 1979 666 2042; x_wconf 93' lang='lat' dir='ltr'><strong>in</strong></span> <span class='ocrx_word' id='word_1_112' title='bbox 694 1977 779 2044; x_wconf 86' lang='lat' dir='ltr'><strong>serui</strong></span> <span class='ocrx_word' id='word_1_113' title='bbox 807 1977 909 2058; x_wconf 85' lang='lat' dir='ltr'><strong>pretio</strong></span> <span class='ocrx_word' id='word_1_114' title='bbox 937 1975 1104 2044; x_wconf 82' lang='lat' dir='ltr'><strong>facultates</strong></span> <span class='ocrx_word' id='word_1_115' title='bbox 1129 1995 1204 2044; x_wconf 89' lang='lat' dir='ltr'><strong>suas</strong></span> 
     </span>
     <span class='ocr_line' id='line_1_15' title="bbox 96 2096 1206 2180; baseline 0.002 -20"><span class='ocrx_word' id='word_1_116' title='bbox 96 2097 253 2180; x_wconf 88' lang='lat' dir='ltr'><strong>minueret,</strong></span> <span class='ocrx_word' id='word_1_117' title='bbox 282 2103 419 2164; x_wconf 87' lang='lat' dir='ltr'><strong>sttsmen</strong></span> <span class='ocrx_word' id='word_1_118' title='bbox 446 2097 649 2180; x_wconf 86' lang='lat' dir='ltr'><strong>ignominium</strong></span> <span class='ocrx_word' id='word_1_119' title='bbox 676 2098 806 2163; x_wconf 81' lang='lat' dir='ltr'><strong>uitabat</strong></span> <span class='ocrx_word' id='word_1_120' title='bbox 858 2115 971 2164; x_wconf 87' lang='lat' dir='ltr'><strong>seruus</strong></span> <span class='ocrx_word' id='word_1_121' title='bbox 999 2103 1104 2162; x_wconf 89' lang='lat' dir='ltr'><strong>sutem</strong></span> <span class='ocrx_word' id='word_1_122' title='bbox 1133 2096 1206 2163; x_wconf 86' lang='lat' dir='ltr'><strong>licet</strong></span> 
     </span>
     <span class='ocr_line' id='line_1_16' title="bbox 94 2214 1256 2299; baseline -0.002 -19"><span class='ocrx_word' id='word_1_123' title='bbox 94 2215 250 2298; x_wconf 83' lang='lat' dir='ltr'><strong>ignominia</strong></span> <span class='ocrx_word' id='word_1_124' title='bbox 278 2214 481 2296; x_wconf 77' lang='lat' dir='ltr'><strong>adficeretur,</strong></span> <span class='ocrx_word' id='word_1_125' title='bbox 511 2223 648 2284; x_wconf 83' lang='lat' dir='ltr'><strong>ettamen</strong></span> <span class='ocrx_word' id='word_1_126' title='bbox 672 2217 859 2299; x_wconf 76' lang='lat' dir='ltr'><strong>ignominiae</strong></span> <span class='ocrx_word' id='word_1_127' title='bbox 881 2218 1055 2286; x_wconf 88' lang='lat' dir='ltr'><strong>mercedem</strong></span> <span class='ocrx_word' id='word_1_128' title='bbox 1080 2217 1205 2283; x_wconf 78' lang='lat' dir='ltr'><strong>liberta-</strong></span> <span class='ocrx_word' id='word_1_129' title='bbox 1224 2227 1256 2279; x_wconf 84' lang='lat' dir='ltr'><strong>rt</strong></span> 
     </span>
     <span class='ocr_line' id='line_1_17' title="bbox 64 2335 1204 2418; baseline 0.003 -18"><span class='ocrx_word' id='word_1_130' title='bbox 64 2342 82 2392; x_wconf 80' lang='lat' dir='ltr'><strong>t.</strong></span> <span class='ocrx_word' id='word_1_131' title='bbox 97 2344 150 2401; x_wconf 86' lang='lat' dir='ltr'><strong>tem</strong></span> <span class='ocrx_word' id='word_1_132' title='bbox 169 2338 319 2404; x_wconf 85' lang='lat' dir='ltr'><strong>habebat.</strong></span> <span class='ocrx_word' id='word_1_133' title='bbox 362 2337 392 2401; x_wconf 74' lang='lat'><strong>2.</strong></span> <span class='ocrx_word' id='word_1_134' title='bbox 415 2335 471 2402; x_wconf 87' lang='lat' dir='ltr'><strong>Set</strong></span> <span class='ocrx_word' id='word_1_135' title='bbox 497 2337 558 2402; x_wconf 89' lang='lat' dir='ltr'><strong>etsi</strong></span> <span class='ocrx_word' id='word_1_136' title='bbox 585 2337 703 2418; x_wconf 81' lang='lat' dir='ltr'><strong>absque</strong></span> <span class='ocrx_word' id='word_1_137' title='bbox 729 2337 875 2404; x_wconf 86' lang='lat' dir='ltr'><strong>libertate</strong></span> <span class='ocrx_word' id='word_1_138' title='bbox 903 2357 1015 2404; x_wconf 90' lang='lat' dir='ltr'><strong>seruus</strong></span> <span class='ocrx_word' id='word_1_139' title='bbox 1042 2337 1085 2404; x_wconf 89' lang='lat' dir='ltr'><strong>sit</strong></span> <span class='ocrx_word' id='word_1_140' title='bbox 1113 2337 1204 2403; x_wconf 84' lang='lat' dir='ltr'><strong>heres</strong></span> 
     </span>
     <span class='ocr_line' id='line_1_18' title="bbox 95 2455 1204 2542; baseline 0.002 -22"><span class='ocrx_word' id='word_1_141' title='bbox 95 2460 255 2538; x_wconf 87' lang='lat' dir='ltr'><strong>institutus,</strong></span> <span class='ocrx_word' id='word_1_142' title='bbox 280 2458 360 2525; x_wconf 89' lang='lat' dir='ltr'><strong>liber</strong></span> <span class='ocrx_word' id='word_1_143' title='bbox 381 2455 427 2524; x_wconf 87' lang='lat' dir='ltr'><strong>fit</strong></span> <span class='ocrx_word' id='word_1_144' title='bbox 449 2458 533 2542; x_wconf 90' lang='lat' dir='ltr'><strong>quod</strong></span> <span class='ocrx_word' id='word_1_145' title='bbox 556 2459 777 2524; x_wconf 90' lang='lat' dir='ltr'><strong>constitutione</strong></span> <span class='ocrx_word' id='word_1_146' title='bbox 792 2459 940 2542; x_wconf 85' lang='lat' dir='ltr'><strong>principis</strong></span> <span class='ocrx_word' id='word_1_147' title='bbox 962 2460 1061 2524; x_wconf 90' lang='lat' dir='ltr'><strong>nostri</strong></span> <span class='ocrx_word' id='word_1_148' title='bbox 1076 2463 1204 2524; x_wconf 89' lang='lat' dir='ltr'><strong>cnutum</strong></span> 
     </span>
     <span class='ocr_line' id='line_1_19' title="bbox 93 2575 1202 2658; baseline 0.001 -16"><span class='ocrx_word' id='word_1_149' title='bbox 93 2579 270 2658; x_wconf 82' lang='lat' dir='ltr'><strong>generaliter</strong></span> <span class='ocrx_word' id='word_1_150' title='bbox 292 2576 440 2655; x_wconf 70' lang='lat' dir='ltr'><strong>estsine</strong></span> <span class='ocrx_word' id='word_1_151' title='bbox 462 2596 523 2643; x_wconf 92' lang='lat' dir='ltr'><strong>non</strong></span> <span class='ocrx_word' id='word_1_152' title='bbox 546 2575 696 2643; x_wconf 86' lang='lat' dir='ltr'><strong>soluendo</strong></span> <span class='ocrx_word' id='word_1_153' title='bbox 711 2576 779 2642; x_wconf 89' lang='lat' dir='ltr'><strong>sine</strong></span> <span class='ocrx_word' id='word_1_154' title='bbox 798 2577 948 2644; x_wconf 90' lang='lat' dir='ltr'><strong>soluendo</strong></span> <span class='ocrx_word' id='word_1_155' title='bbox 962 2576 1128 2644; x_wconf 82' lang='lat' dir='ltr'><strong>defunctus</strong></span> <span class='ocrx_word' id='word_1_156' title='bbox 1150 2577 1202 2658; x_wconf 79' lang='lat' dir='ltr'><strong>sit,</strong></span> 
     </span>
     <span class='ocr_line' id='line_1_20' title="bbox 91 2695 1204 2780; baseline 0.004 -20"><span class='ocrx_word' id='word_1_157' title='bbox 91 2715 180 2763; x_wconf 86' lang='lat' dir='ltr'><strong>nouae</strong></span> <span class='ocrx_word' id='word_1_158' title='bbox 198 2697 405 2764; x_wconf 84' lang='lat' dir='ltr'><strong>humanitatis</strong></span> <span class='ocrx_word' id='word_1_159' title='bbox 420 2697 550 2762; x_wconf 89' lang='lat' dir='ltr'><strong>rationis</strong></span> <span class='ocrx_word' id='word_1_160' title='bbox 571 2698 697 2776; x_wconf 88' lang='lat' dir='ltr'><strong>intuitu,</strong></span> <span class='ocrx_word' id='word_1_161' title='bbox 720 2703 756 2762; x_wconf 91' lang='lat' dir='ltr'><strong>ut</strong></span> <span class='ocrx_word' id='word_1_162' title='bbox 777 2717 815 2763; x_wconf 84' lang='lat' dir='ltr'><strong>er</strong></span> <span class='ocrx_word' id='word_1_163' title='bbox 837 2697 904 2780; x_wconf 82' lang='lat' dir='ltr'><strong>ipsa</strong></span> <span class='ocrx_word' id='word_1_164' title='bbox 925 2695 993 2764; x_wconf 87' lang='lat' dir='ltr'><strong>sola</strong></span> <span class='ocrx_word' id='word_1_165' title='bbox 1006 2698 1204 2765; x_wconf 87' lang='lat' dir='ltr'><strong>institutione</strong></span> 
     </span>
     <span class='ocr_line' id='line_1_21' title="bbox 91 2815 1256 2900; baseline 0.003 -21"><span class='ocrx_word' id='word_1_166' title='bbox 91 2833 191 2882; x_wconf 82' lang='lat' dir='ltr'><strong>smnus</strong></span> <span class='ocrx_word' id='word_1_167' title='bbox 217 2817 302 2883; x_wconf 89' lang='lat' dir='ltr'><strong>liber</strong></span> <span class='ocrx_word' id='word_1_168' title='bbox 330 2816 454 2882; x_wconf 73' lang='lat' dir='ltr'><strong>existat</strong></span> <span class='ocrx_word' id='word_1_169' title='bbox 506 2834 567 2882; x_wconf 92' lang='lat' dir='ltr'><strong>non</strong></span> <span class='ocrx_word' id='word_1_170' title='bbox 594 2817 676 2882; x_wconf 89' lang='lat' dir='ltr'><strong>enim</strong></span> <span class='ocrx_word' id='word_1_171' title='bbox 709 2815 905 2884; x_wconf 88' lang='lat' dir='ltr'><strong>uerisimile</strong></span> <span class='ocrx_word' id='word_1_172' title='bbox 934 2826 1079 2883; x_wconf 88' lang='lat' dir='ltr'><strong>osteum</strong></span> <span class='ocrx_word' id='word_1_173' title='bbox 1109 2835 1202 2900; x_wconf 86' lang='lat' dir='ltr'><strong>quem</strong></span> <span class='ocrx_word' id='word_1_174' title='bbox 1220 2815 1256 2867; x_wconf 70' lang='lat'><strong>2⁰</strong></span> 
     </span>
     <span class='ocr_line' id='line_1_22' title="bbox 91 2935 1205 3014; baseline 0.003 -16"><span class='ocrx_word' id='word_1_175' title='bbox 91 2937 142 3004; x_wconf 88' lang='lat' dir='ltr'><strong>sibi</strong></span> <span class='ocrx_word' id='word_1_176' title='bbox 162 2954 377 3004; x_wconf 88' lang='lat' dir='ltr'><strong>successorem</strong></span> <span class='ocrx_word' id='word_1_177' title='bbox 398 2938 464 3004; x_wconf 86' lang='lat' dir='ltr'><strong>iore</strong></span> <span class='ocrx_word' id='word_1_178' title='bbox 486 2936 622 3014; x_wconf 87' lang='lat' dir='ltr'><strong>studuit,</strong></span> <span class='ocrx_word' id='word_1_179' title='bbox 651 2935 783 3004; x_wconf 89' lang='lat' dir='ltr'><strong>liberum</strong></span> <span class='ocrx_word' id='word_1_180' title='bbox 805 2955 867 3002; x_wconf 93' lang='lat' dir='ltr'><strong>non</strong></span> <span class='ocrx_word' id='word_1_181' title='bbox 890 2955 959 3004; x_wconf 88' lang='lat' dir='ltr'><strong>esse</strong></span> <span class='ocrx_word' id='word_1_182' title='bbox 981 2939 1082 3004; x_wconf 89' lang='lat' dir='ltr'><strong>setin</strong></span> <span class='ocrx_word' id='word_1_183' title='bbox 1105 2941 1205 3004; x_wconf 89' lang='lat' dir='ltr'><strong>serui·</strong></span> 
     </span>
     <span class='ocr_line' id='line_1_23' title="bbox 89 3056 1203 3125; baseline 0.004 -5"><span class='ocrx_word' id='word_1_184' title='bbox 89 3063 149 3124; x_wconf 88' lang='lat' dir='ltr'><strong>tute</strong></span> <span class='ocrx_word' id='word_1_185' title='bbox 169 3077 299 3125; x_wconf 85' lang='lat' dir='ltr'><strong>manere</strong></span> <span class='ocrx_word' id='word_1_186' title='bbox 321 3058 459 3124; x_wconf 86' lang='lat' dir='ltr'><strong>uoluisse</strong></span> <span class='ocrx_word' id='word_1_187' title='bbox 481 3066 513 3124; x_wconf 86' lang='lat' dir='ltr'><strong>st</strong></span> <span class='ocrx_word' id='word_1_188' title='bbox 539 3059 691 3123; x_wconf 89' lang='lat' dir='ltr'><strong>neminem</strong></span> <span class='ocrx_word' id='word_1_189' title='bbox 720 3056 872 3124; x_wconf 89' lang='lat' dir='ltr'><strong>bonorum</strong></span> <span class='ocrx_word' id='word_1_190' title='bbox 901 3077 1028 3124; x_wconf 90' lang='lat' dir='ltr'><strong>suorum</strong></span> <span class='ocrx_word' id='word_1_191' title='bbox 1057 3059 1203 3125; x_wconf 88' lang='lat' dir='ltr'><strong>heredem</strong></span> 
     </span>
     <span class='ocr_line' id='line_1_24' title="bbox 56 3177 1203 3262; baseline 0 -18"><span class='ocrx_word' id='word_1_192' title='bbox 56 3178 156 3247; x_wconf 76' lang='lat' dir='ltr'><strong>tiore.</strong></span> <span class='ocrx_word' id='word_1_193' title='bbox 199 3179 230 3244; x_wconf 88' lang='lat'><strong>3.</strong></span> <span class='ocrx_word' id='word_1_194' title='bbox 266 3177 304 3243; x_wconf 93' lang='lat' dir='ltr'><strong>ln</strong></span> <span class='ocrx_word' id='word_1_195' title='bbox 327 3178 468 3246; x_wconf 78' lang='lat' dir='ltr'><strong>nnudem</strong></span> <span class='ocrx_word' id='word_1_196' title='bbox 489 3186 594 3245; x_wconf 82' lang='lat' dir='ltr'><strong>autem</strong></span> <span class='ocrx_word' id='word_1_197' title='bbox 617 3179 807 3244; x_wconf 88' lang='lat' dir='ltr'><strong>creditorum</strong></span> <span class='ocrx_word' id='word_1_198' title='bbox 829 3180 984 3262; x_wconf 89' lang='lat' dir='ltr'><strong>quomodo</strong></span> <span class='ocrx_word' id='word_1_199' title='bbox 1004 3179 1076 3262; x_wconf 81' lang='lat' dir='ltr'><strong>quis</strong></span> <span class='ocrx_word' id='word_1_200' title='bbox 1096 3197 1203 3244; x_wconf 89' lang='lat' dir='ltr'><strong>manu·</strong></span> 
     </span>
     <span class='ocr_line' id='line_1_25' title="bbox 89 3299 1203 3384; baseline 0.002 -22"><span class='ocrx_word' id='word_1_201' title='bbox 89 3299 204 3366; x_wconf 86' lang='lat' dir='ltr'><strong>mittere</strong></span> <span class='ocrx_word' id='word_1_202' title='bbox 227 3299 433 3384; x_wconf 77' lang='lat' dir='ltr'><strong>intellegatur</strong></span> <span class='ocrx_word' id='word_1_203' title='bbox 455 3301 559 3368; x_wconf 88' lang='lat' dir='ltr'><strong>dicere</strong></span> <span class='ocrx_word' id='word_1_204' title='bbox 579 3317 658 3382; x_wconf 87' lang='lat' dir='ltr'><strong>opus</strong></span> <span class='ocrx_word' id='word_1_205' title='bbox 680 3307 738 3366; x_wconf 87' lang='lat' dir='ltr'><strong>est.</strong></span> <span class='ocrx_word' id='word_1_206' title='bbox 771 3299 947 3382; x_wconf 80' lang='lat' dir='ltr'><strong>etquidem</strong></span> <span class='ocrx_word' id='word_1_207' title='bbox 965 3299 1111 3366; x_wconf 87' lang='lat' dir='ltr'><strong>dicebant</strong></span> <span class='ocrx_word' id='word_1_208' title='bbox 1132 3317 1203 3366; x_wconf 93' lang='lat' dir='ltr'><strong>eum</strong></span> 
     </span>
     <span class='ocr_line' id='line_1_26' title="bbox 89 3417 1255 3502; baseline 0.002 -22"><span class='ocrx_word' id='word_1_209' title='bbox 89 3419 276 3486; x_wconf 80' lang='lat' dir='ltr'><strong>intrandam</strong></span> <span class='ocrx_word' id='word_1_210' title='bbox 299 3420 487 3487; x_wconf 86' lang='lat' dir='ltr'><strong>creditorum</strong></span> <span class='ocrx_word' id='word_1_211' title='bbox 511 3417 745 3498; x_wconf 83' lang='lat' dir='ltr'><strong>manumittere,</strong></span> <span class='ocrx_word' id='word_1_212' title='bbox 772 3420 826 3500; x_wconf 85' lang='lat' dir='ltr'><strong>qui</strong></span> <span class='ocrx_word' id='word_1_213' title='bbox 851 3418 946 3502; x_wconf 86' lang='lat' dir='ltr'><strong>plura</strong></span> <span class='ocrx_word' id='word_1_214' title='bbox 973 3419 1089 3486; x_wconf 78' lang='lat' dir='ltr'><strong>debeat</strong></span> <span class='ocrx_word' id='word_1_215' title='bbox 1109 3436 1202 3500; x_wconf 86' lang='lat' dir='ltr'><strong>quaro</strong></span> <span class='ocrx_word' id='word_1_216' title='bbox 1220 3427 1255 3481; x_wconf 74' lang='lat'><strong>25</strong></span> 
     </span>
     <span class='ocr_line' id='line_1_27' title="bbox 90 3536 1203 3622; baseline 0.001 -19"><span class='ocrx_word' id='word_1_217' title='bbox 90 3536 205 3605; x_wconf 80' lang='lat' dir='ltr'><strong>habent.</strong></span> <span class='ocrx_word' id='word_1_218' title='bbox 227 3538 283 3607; x_wconf 89' lang='lat' dir='ltr'><strong>alii</strong></span> <span class='ocrx_word' id='word_1_219' title='bbox 305 3557 382 3605; x_wconf 90' lang='lat' dir='ltr'><strong>nero</strong></span> <span class='ocrx_word' id='word_1_220' title='bbox 403 3537 500 3617; x_wconf 91' lang='lat' dir='ltr'><strong>ilium,</strong></span> <span class='ocrx_word' id='word_1_221' title='bbox 523 3539 583 3619; x_wconf 88' lang='lat' dir='ltr'><strong>cui,</strong></span> <span class='ocrx_word' id='word_1_222' title='bbox 604 3557 677 3604; x_wconf 84' lang='lat' dir='ltr'><strong>uere</strong></span> <span class='ocrx_word' id='word_1_223' title='bbox 699 3537 800 3605; x_wconf 85' lang='lat' dir='ltr'><strong>alieno</strong></span> <span class='ocrx_word' id='word_1_224' title='bbox 827 3537 971 3617; x_wconf 87' lang='lat' dir='ltr'><strong>deducto,</strong></span> <span class='ocrx_word' id='word_1_225' title='bbox 995 3537 1073 3604; x_wconf 87' lang='lat' dir='ltr'><strong>nihii</strong></span> <span class='ocrx_word' id='word_1_226' title='bbox 1095 3555 1203 3622; x_wconf 85' lang='lat' dir='ltr'><strong>snper·</strong></span> 
     </span>
     <span class='ocr_line' id='line_1_28' title="bbox 90 3656 1205 3742; baseline 0.003 -22"><span class='ocrx_word' id='word_1_227' title='bbox 90 3658 137 3722; x_wconf 90' lang='lat' dir='ltr'><strong>sit:</strong></span> <span class='ocrx_word' id='word_1_228' title='bbox 158 3661 251 3725; x_wconf 86' lang='lat' dir='ltr'><strong>cuins</strong></span> <span class='ocrx_word' id='word_1_229' title='bbox 267 3675 379 3742; x_wconf 86' lang='lat' dir='ltr'><strong>nempe</strong></span> <span class='ocrx_word' id='word_1_230' title='bbox 393 3657 485 3737; x_wconf 90' lang='lat' dir='ltr'><strong>bona,</strong></span> <span class='ocrx_word' id='word_1_231' title='bbox 513 3659 558 3723; x_wconf 88' lang='lat' dir='ltr'><strong>uti</strong></span> <span class='ocrx_word' id='word_1_232' title='bbox 581 3677 664 3725; x_wconf 92' lang='lat' dir='ltr'><strong>nunc</strong></span> <span class='ocrx_word' id='word_1_233' title='bbox 686 3665 768 3736; x_wconf 80' lang='lat' dir='ltr'><strong>sunt,</strong></span> <span class='ocrx_word' id='word_1_234' title='bbox 791 3658 831 3723; x_wconf 84' lang='lat' dir='ltr'><strong>ed</strong></span> <span class='ocrx_word' id='word_1_235' title='bbox 853 3657 1059 3724; x_wconf 88' lang='lat' dir='ltr'><strong>creditoribus</strong></span> <span class='ocrx_word' id='word_1_236' title='bbox 1081 3656 1205 3723; x_wconf 83' lang='lat' dir='ltr'><strong>satista-</strong></span> 
     </span>
     <span class='ocr_line' id='line_1_29' title="bbox 90 3775 1203 3857; baseline -0.002 -14"><span class='ocrx_word' id='word_1_237' title='bbox 90 3779 225 3845; x_wconf 87' lang='lat' dir='ltr'><strong>ciendum</strong></span> <span class='ocrx_word' id='word_1_238' title='bbox 248 3776 416 3857; x_wconf 84' lang='lat' dir='ltr'><strong>sufficiant,</strong></span> <span class='ocrx_word' id='word_1_239' title='bbox 438 3778 582 3845; x_wconf 84' lang='lat' dir='ltr'><strong>libertate</strong></span> <span class='ocrx_word' id='word_1_240' title='bbox 597 3785 702 3846; x_wconf 88' lang='lat' dir='ltr'><strong>autem</strong></span> <span class='ocrx_word' id='word_1_241' title='bbox 718 3776 801 3857; x_wconf 88' lang='lat' dir='ltr'><strong>dats,</strong></span> <span class='ocrx_word' id='word_1_242' title='bbox 824 3775 997 3843; x_wconf 86' lang='lat' dir='ltr'><strong>creditores</strong></span> <span class='ocrx_word' id='word_1_243' title='bbox 1023 3776 1143 3844; x_wconf 88' lang='lat' dir='ltr'><strong>laesurn</strong></span> <span class='ocrx_word' id='word_1_244' title='bbox 1165 3775 1203 3842; x_wconf 92' lang='lat' dir='ltr'><strong>iri</strong></span> 
     </span>
     <span class='ocr_line' id='line_1_30' title="bbox 90 3895 1204 3983; baseline 0 -21"><span class='ocrx_word' id='word_1_245' title='bbox 90 3901 251 3983; x_wconf 81' lang='lat' dir='ltr'><strong>continget,</strong></span> <span class='ocrx_word' id='word_1_246' title='bbox 264 3901 309 3965; x_wconf 88' lang='lat' dir='ltr'><strong>ita</strong></span> <span class='ocrx_word' id='word_1_247' title='bbox 320 3899 505 3982; x_wconf 83' lang='lat' dir='ltr'><strong>patrimonio</strong></span> <span class='ocrx_word' id='word_1_248' title='bbox 517 3898 678 3966; x_wconf 88' lang='lat' dir='ltr'><strong>deminuto</strong></span> <span class='ocrx_word' id='word_1_249' title='bbox 690 3905 721 3965; x_wconf 91' lang='lat' dir='ltr'><strong>et</strong></span> <span class='ocrx_word' id='word_1_250' title='bbox 735 3899 776 3964; x_wconf 85' lang='lat' dir='ltr'><strong>ad</strong></span> <span class='ocrx_word' id='word_1_251' title='bbox 788 3896 997 3966; x_wconf 88' lang='lat' dir='ltr'><strong>creditoribus</strong></span> <span class='ocrx_word' id='word_1_252' title='bbox 1012 3895 1204 3964; x_wconf 83' lang='lat' dir='ltr'><strong>satisfacien-</strong></span> 
     </span>
    </p>
   </div>
   <div class='ocr_carea' id='block_1_3' title="bbox 0 0 1484 4704">
    <p class='ocr_par' dir='ltr' id='par_1_3' title="bbox 0 0 1484 4704">
     <span class='ocr_line' id='line_1_31' title="bbox 0 0 1484 4704; baseline 0 8"><span class='ocrx_word' id='word_1_253' title='bbox 0 0 1484 4704; x_wconf 95' lang='lat' dir='ltr'><strong> </strong></span> 
     </span>
    </p>
   </div>
  </div>
 </body>
</html>
