3092 4702
580 345 787 412 ..81-

139 533 361 613 tenpesatibus
383 532 551 614 prohibiti,
580 551 650 601 cum
671 534 704 600 in
734 531 896 616 republica
921 531 992 600 aine
1018 531 1243 602 controuersiis

138 669 218 732 agere
237 667 297 717 non
319 659 457 733 possent,
480 652 575 718 armis
597 649 755 735 sepositis,
777 649 888 718 litibus
908 652 1076 719 uocabant.
1119 659 1152 720 et
1173 649 1242 736 plu·

137 789 178 836 res
198 771 235 836 ad
261 769 320 836 hoc
350 769 554 854 magistratus
585 769 815 837 constituerant
843 769 897 853 qni
923 787 1032 837 sorum
1060 770 1243 839 dirimerent

136 889 364 970 controuersias,
395 892 449 974 qui
471 889 657 957 dicebantur
685 895 938 972 recuperatores,
968 890 1043 973 quia
1071 908 1128 972 per
1157 891 1241 974 ipsos

136 1007 336 1092 unnsquisque
369 1007 509 1074 debitum
537 1027 629 1074 suum
657 1009 839 1092 recipiebat.
889 1010 1053 1077 dicebatur
1078 1017 1183 1078 autam
1208 1009 1242 1078 id
1276 1013 1294 1066 ⁵

135 1129 267 1210 temporis
297 1134 538 1210 conuentus,
571 1130 645 1211 quia
673 1129 902 1196 conueniebunt
928 1131 1036 1198 eodem
1064 1131 1184 1198 iudices
1211 1135 1244 1200 at

134 1250 302 1335 litigatores
351 1251 461 1318 ultimo
482 1251 581 1334 igitur
603 1251 654 1318 die
676 1257 851 1318 conuentus
876 1251 1040 1318 consilium
1069 1251 1244 1318 nabebatur

135 1371 206 1436 etin
227 1371 397 1454 prouinciis
420 1370 529 1438 eodem
552 1369 653 1437 modo.
697 1369 908 1452 praecedebat
929 1368 1011 1436 eninr
1038 1371 1244 1454 magistratus

133 1498 216 1571 atque
236 1493 267 1556 in
289 1490 443 1558 tribunuli
464 1507 521 1556 sno
544 1491 745 1569 considebat;
774 1497 807 1556 et
835 1507 906 1556 cum
928 1507 966 1555 eo
988 1485 1057 1552 XX
1078 1489 1159 1566 uiri,
1187 1489 1243 1571 qui

134 1613 314 1678 uocabantur
333 1612 492 1696 peregrini
514 1621 767 1695 recuperatores,
789 1612 865 1693 quia
886 1631 943 1694 per
971 1628 1026 1677 eos
1053 1609 1243 1693 mancipium
1262 1615 1296 1668 ¹⁰

132 1731 293 1797 naturalem
328 1731 506 1796 libertatem
535 1729 723 1814 recipiebat:
758 1731 854 1814 (nosti
883 1731 964 1796 enim
993 1735 1109 1798 natura
1135 1747 1243 1796 omnes

133 1850 232 1916 liberos
260 1852 377 1934 nasci):
406 1868 510 1918 coram
532 1850 610 1932 ipsis
632 1857 737 1916 autem
760 1850 937 1933 probabiles
960 1867 1074 1916 causae
1102 1869 1123 1917 a
1148 1867 1243 1918 mann

133 1969 303 2037 missoribus
327 1970 570 2052 exponebantur.
605 1967 701 2037 fiebat
721 1969 819 2036 etism
842 1969 960 2036 Romae
982 1970 1146 2038 consilium
1167 1987 1243 2052 quo

133 2089 194 2153 dam
221 2099 397 2156 conuentus
424 2089 491 2170 dia,
517 2099 663 2172 praetore
692 2090 855 2158 adsidente
888 2091 920 2156 in
948 2106 1006 2156 suo
1034 2088 1184 2156 tribunall
1210 2095 1244 2155 et

132 2227 192 2274 cunr
211 2228 247 2276 eo
269 2208 507 2277 considentibus
528 2211 665 2294 quinque
687 2210 885 2277 senatoribus
912 2217 945 2276 et
971 2209 1109 2292 quinque
1132 2207 1243 2289 equili-
1262 2220 1294 2274 ln

132 2327 181 2393 bus
200 2329 346 2395 mmanis.
391 2329 527 2411 dignitas
555 2348 631 2396 uero
661 2330 818 2412 equestris
847 2329 956 2396 ordine
986 2327 1144 2394 senatorio
1166 2325 1243 2393 inle-

102 2447 185 2512 trior
203 2455 280 2514 erat.
329 2449 358 2512 5.
394 2447 474 2514 Gom
501 2447 541 2516 de
569 2447 698 2516 consilio
727 2451 827 2516 simus
858 2449 971 2526 locuti,
1000 2449 1100 2514 instas
1131 2463 1243 2514 musas

134 2565 331 2650 dispiciamus.
376 2570 461 2636 iusta
482 2573 532 2636 est
553 2587 648 2634 cansa
676 2571 703 2636 si
725 2570 826 2635 minor
847 2568 938 2634 anuis
960 2567 1019 2634 XX
1041 2573 1163 2650 patrem
1185 2573 1243 2632 aut

132 2695 248 2757 matrem
270 2690 494 2757 manumittere
517 2687 604 2768 uelit,
626 2707 705 2774 quos
728 2695 842 2756 nutura
862 2687 988 2769 quidem
1010 2705 1108 2770 puero
1131 2704 1242 2770 paron

132 2813 171 2873 tes
195 2809 295 2892 dedit,
324 2810 443 2878 domini
469 2815 575 2876 autem
603 2809 750 2877 noluntas
775 2825 886 2875 seruos
913 2807 1054 2875 retinnit
1106 2813 1138 2873 et
1165 2823 1241 2889 qno·
1258 2813 1294 2866 llo

131 2929 211 2994 modo
232 2927 269 2995 bt
291 2935 329 2996 nt
351 2931 406 3013 qui
428 2949 466 2996 ex
487 2932 588 2996 seruis
610 2930 753 3012 personis
776 2935 870 2996 nutus
898 2929 956 3006 sit,
981 2926 1061 2993 liber
1087 2925 1129 2992 sit
1150 2933 1183 2992 et
1204 2925 1243 2992 ci·

132 3045 172 3111 uis
191 3065 349 3126 romanus,
372 3055 518 3131 parentes
533 3055 637 3115 autem
660 3049 692 3114 in
714 3048 770 3113 filii
793 3052 950 3131 potestate
972 3045 1057 3112 sinti
1079 3043 1163 3128 linga
1176 3047 1242 3110 tres

131 3162 266 3233 inunius
289 3168 494 3252 eiusdemque
517 3167 641 3250 degisse
666 3167 820 3246 dominio,
849 3167 1007 3234 dominum
1036 3167 1143 3230 autem
1171 3181 1242 3230 cunr

131 3293 293 3354 moreretur
314 3285 414 3354 filiurn
436 3290 586 3354 minorem
607 3285 666 3354 XX
689 3290 780 3356 annis
802 3287 948 3354 heredem
971 3285 1160 3362 instituisse,
1187 3283 1241 3366 qui
