2936 4704
531 331 763 396 ..156-

99 521 341 585 momentorum
362 535 481 600 genens
506 519 556 584 ius
585 523 708 584 tontum
735 515 829 582 ciuile
857 524 1004 598 nouerst3
1033 518 1145 586 deindo
1166 537 1203 586 cx

99 637 235 719 praetoris
256 637 360 704 edicto
381 635 445 703 niis
457 634 558 703 formo
571 642 828 704 testamentorum
844 637 1087 704 ordinandorum
1107 638 1205 704 intm·

98 756 173 822 tuctu
192 761 253 822 est
298 757 367 822 inre
394 757 475 824 enim
502 756 667 823 bonorsrio
694 755 781 823 nulls
807 757 994 838 mancipatio
1023 755 1133 839 fiebut,
1155 765 1204 824 set

97 881 196 957 septem
220 873 353 942 testium
375 874 467 957 signo
489 873 687 942 sufficiebant
716 876 756 941 od
787 878 979 959 praetorium
1008 875 1203 944 condendum

98 999 312 1061 testamentum.
358 997 384 1060 si
406 997 488 1061 enim
516 996 586 1076 quis
613 1000 835 1062 testamentum
862 993 988 1062 fecisset
1013 997 1108 1079 idque
1134 1014 1203 1078 sep-
1236 1004 1255 1056 n

97 1119 147 1178 tem
166 1115 296 1180 testium
318 1115 416 1198 signis
435 1115 620 1197 signandum
643 1122 799 1194 curasset,
827 1113 1000 1198 perfeetum
1024 1121 1093 1182 erat
1114 1133 1200 1199 pruo-

97 1235 191 1300 torium
213 1239 449 1314 testamentum,
471 1253 542 1302 oum
563 1235 631 1302 inre
652 1236 737 1302 ciuili
758 1234 889 1300 testium
909 1237 999 1318 signs
1014 1253 1075 1301 non
1097 1241 1204 1302 essent

67 1364 85 1415 t.
99 1354 269 1420 necmssuiu
314 1354 345 1420 3.
382 1361 431 1420 set
452 1373 522 1422 cum
545 1353 708 1438 paullatim
737 1360 803 1420 tem
833 1373 871 1420 ex
897 1355 986 1421 nscio
1015 1373 1076 1420 usu
1104 1355 1202 1422 bomi-

97 1491 290 1556 numquam
317 1491 356 1538 ox
386 1473 644 1540 constitutionum
673 1472 943 1542 emendationibus
972 1481 1143 1558 coeperunt
1169 1475 1201 1540 in

96 1609 174 1657 unam
193 1593 431 1659 consonantium
453 1592 546 1659 ciuile
569 1594 661 1660 simul
683 1613 721 1662 nu
748 1595 940 1679 praetorium
965 1594 1017 1662 ius
1044 1595 1200 1680 coniungi,
1223 1606 1255 1658 ιο

96 1713 284 1778 constitutum
306 1719 356 1778 est
382 1720 419 1779 ut
446 1730 509 1779 uno
536 1713 708 1796 eodemque
737 1721 892 1799 tompore,
918 1716 1003 1799 quod
1032 1717 1081 1784 ius
1110 1717 1202 1784 ciuile

96 1831 232 1914 exigebat,
256 1840 380 1914 septem
403 1833 537 1899 testibus
564 1832 715 1899 adhibitis
744 1839 777 1900 et
803 1834 1089 1916 subscribentibus,
1117 1835 1202 1920 quod

95 1955 319 2022 constitutiones
351 1956 553 2029 inuenerunt,
587 1961 620 2022 et
651 1956 814 2037 signaculo
842 1955 1087 2040 imponentibus,
1117 1957 1202 2039 qnod

95 2079 206 2154 praetor
226 2075 445 2153 ordinauerct‚
474 2081 695 2142 testamentum
728 2076 926 2143 conderetur.
975 2075 1202 2156 impostoris

96 2197 269 2262 testamenta
291 2215 330 2262 ex
351 2195 511 2278 tripertito
532 2195 601 2260 iure
622 2195 774 2276 originem
801 2193 937 2276 ducunt,
966 2215 1004 2261 er
1030 2197 1101 2262 iure
1122 2195 1201 2261 scili·
1223 2209 1253 2262 ts

97 2319 141 2377 oet
165 2315 260 2395 ciuili,
290 2335 330 2382 ex
356 2315 511 2382 diunlibus
539 2313 815 2382 constitutionibus
850 2321 946 2399 atque
973 2335 1012 2381 ex
1046 2313 1201 2398 praetoris

98 2431 195 2500 edicte
224 2454 258 2500 cr
280 2436 352 2502 iure
373 2435 456 2500 enim
478 2434 564 2502 ciuili
587 2435 749 2500 descendit
770 2440 806 2500 ut
826 2433 1045 2518 praesentibus
1068 2434 1203 2500 testibus

97 2569 150 2616 uno
170 2560 312 2621 contextu
329 2560 550 2621 tostomentum
572 2555 741 2637 condatum
763 2555 925 2620 secutoris
939 2558 972 2622 et
986 2554 1115 2620 testium
1129 2554 1200 2621 sub·

95 2671 264 2751 scriptiones
276 2673 471 2740 descendunt
481 2693 518 2739 ex
529 2673 821 2741 constitutionibus:
839 2669 1202 2757 signsouisetnumerus

62 2785 282 2858 uincentium
305 2811 344 2859 ex
366 2793 467 2860 edicto
488 2794 654 2875 praetoris.
676 2795 707 2857 4.
731 2793 823 2860 Omni
845 2797 950 2860 sutem
973 2791 1124 2859 eiusmodi
1146 2791 1200 2858 ob·
1217 2797 1252 2850 2⁰

94 2911 251 2976 smustioni
271 2931 353 2996 quse
375 2913 416 2978 nd
443 2918 632 2979 testamento
661 2911 745 2978 omni
773 2911 884 2980 munde
912 2913 1077 2995 pungendo
1104 2914 1200 2979 omni·

93 3047 145 3110 que
175 3029 246 3098 dolo
272 3029 437 3099 liberanda
465 3034 615 3116 pertinet,
642 3034 864 3100 constitutione
892 3034 1024 3117 piissimi
1052 3034 1202 3118 principis

94 3150 183 3214 nostri
203 3151 344 3218 additum
372 3158 479 3218 estut
507 3157 641 3219 testator
669 3159 781 3237 suopte
810 3171 905 3218 munu
934 3152 1059 3220 heredis
1088 3171 1200 3220 nomen

93 3269 250 3350 exprimet,
281 3270 331 3338 bis
364 3271 485 3338 uerbis:
525 3271 626 3342 hunc
658 3272 843 3340 heredem
875 3273 1048 3341 institui.
1103 3272 1137 3339 id
1168 3272 1201 3338 ni
