2870 4716
525 353 753 417 -331-

82 561 151 606 eum
174 542 294 624 pariter
315 540 496 620 absurdum,
519 561 559 607 ne
577 540 684 607 iudicii
699 540 834 607 uietoria
852 539 971 606 inutilis
986 536 1060 604 mihi
1076 536 1200 618 suedet,

81 659 215 728 officium
244 661 355 728 iudicis
383 666 432 728 est
461 680 550 727 reum
577 680 689 744 eogere
715 661 893 728 1111111111
918 663 1095 742 praestare:
1122 676 1200 736 sese,

82 801 151 848 eurn
173 783 256 848 hune
279 801 407 848 seruum
428 782 594 861 inuenerit,
617 781 771 848 aduersus
794 781 988 846 detentorem
1010 779 1042 843 in
1063 795 1130 842 rem
1153 795 1202 842 ae·

82 909 205 980 turum,
234 901 349 984 quippe
377 901 433 984 qui
462 920 518 984 per
546 901 783 983 usucapionem,
812 899 860 964 uti
882 899 1030 976 diximus,
1057 897 1201 962 dominus

82 1020 183 1088 laetus
206 1022 257 1100 sit,
281 1040 415 1104 eumque
430 1040 486 1088 seu
506 1021 574 1088 eius
588 1021 725 1103 pretium
739 1021 816 1086 mihi
837 1025 948 1103 postea
968 1019 1199 1086 restituturum.
1218 1042 1235 1094 5

82 1139 138 1206 nisi
161 1141 246 1206 enirn
268 1141 331 1206 iam
351 1141 509 1208 hominem
538 1141 748 1224 usueepisset,
777 1139 930 1206 eiusmodi
957 1137 1111 1204 cautionis
1139 1155 1202 1202 nou

82 1260 262 1342 indigerem.
296 1261 364 1344 ipse
385 1261 467 1326 enim
489 1265 600 1327 eontra
621 1266 742 1328 ceteros
765 1260 945 1326 detentores
966 1259 999 1324 in
1021 1275 1087 1324 rem
1109 1275 1203 1338 egere

48 1388 68 1437 1
84 1399 216 1462 possem.
262 1382 291 1445 2.
314 1381 495 1447 Praetoriae
518 1381 736 1464 stipulationes
765 1384 841 1446 sunt
862 1397 943 1462 quae
965 1398 985 1444 1
1005 1394 1093 1443 mera
1114 1393 1202 1458 prae

83 1501 157 1566 teris
182 1499 396 1566 iurisdictione
418 1500 624 1580 descendunt,
648 1500 748 1566 ueluti
771 1499 900 1565 damni
921 1496 1070 1564 inlecti.
1114 1495 1202 1561 loeus

80 1619 150 1686 huie
181 1624 231 1685 est
259 1638 330 1686 eum
359 1621 454 1686 uicini
484 1619 577 1686 aedes
607 1625 737 1703 propter
757 1619 971 1685 inhaerentem
998 1617 1044 1683 eis
1064 1615 1203 1699 putredi-
1222 1629 1255 1683 ιο

81 1760 149 1806 nem
172 1741 298 1806 ruinam
326 1740 499 1806 minantur:
529 1741 556 1806 si
584 1740 666 1806 enim
694 1740 734 1806 de
759 1757 869 1806 earum
891 1736 1059 1804 refectione
1080 1735 1202 1801 uicinus

82 1879 190 1927 euram
211 1879 306 1943 agera
327 1859 407 1926 11111
420 1879 523 1943 neque
545 1878 667 1939 cauere,
690 1859 724 1926 si
746 1877 791 1925 ex
813 1869 948 1924 earnm
970 1856 1090 1922 ruine
1112 1855 1202 1920 mihi

82 1980 258 2046 damnum
290 1979 443 2046 1111111
476 1981 566 2060 erit,
599 1980 736 2062 quenti
769 1999 814 2046 11
840 1998 902 2045 111
931 1978 1022 2056 1111,
1055 1981 1202 2044 tentam

81 2100 175 2166 mihi
198 2101 407 2184 pecuniam
429 2100 540 2180 dere,
562 2101 595 2166 in
617 2099 742 2166 aedium
764 2099 951 2166 uitiosorum
973 2097 1202 2182 possessionem

81 2221 196 2286 mittor.
232 2219 317 2301 qued
331 2220 359 2286 si
373 2220 496 2287 uicinus
516 2220 596 2286 nolit
610 2239 661 2286 me
681 2221 714 2286 in
736 2220 803 2286 eius
827 2218 951 2284 aedium
973 2217 1202 2301 possessionem
1222 2223 1253 2276 15

80 2339 171 2418 mitti,
195 2341 319 2422 cogitur
342 2340 496 2406 eiusmodi
517 2339 750 2425 stipulationem
772 2337 849 2404 mihi
871 2337 1099 2421 repromittere,
1121 2355 1204 2419 quse

84 2459 235 2525 «damni
256 2458 421 2526 infecti«
446 2465 588 2538 ueeatur,
612 2477 683 2526 eum
703 2457 843 2525 nondum
859 2476 896 2524 111
918 2457 1011 2522 ruine
1032 2457 1131 2522 ullum
1153 2474 1203 2522 ao·

82 2579 192 2646 ciderit
213 2579 371 2646 damnum.
406 2579 569 2646 Eiusmodi
591 2584 641 2646 est
661 2585 695 2644 et
714 2579 891 2661 legatorum
914 2577 1026 2644 cautio.
1065 2576 1099 2643 Si
1120 2577 1202 2642 enim

82 2701 152 2782 quis
174 2700 311 2766 moriens
333 2706 365 2766 te
387 2699 533 2766 heredem
560 2699 708 2766 instituat
728 2699 930 2780 legatumque
952 2697 1028 2762 mihi
1050 2697 1109 2762 sub
1131 2715 1203 2763 eon·

83 2818 203 2885 dicione
217 2819 384 2901 relinquat,
404 2819 513 2897 ueluti,
540 2819 596 2884 »si
618 2819 731 2885 nauis
746 2837 788 2885 111
802 2817 895 2883 Asia
916 2817 1108 2896 uenerit«,
1131 2835 1202 2883 eum
1219 2822 1253 2874 2⁰

82 2938 186 3005 adhue
217 2939 395 3006 condicione
427 2937 596 3022 pendente,
630 2943 740 3004 eontra
772 2941 805 3003 te
836 2936 983 3003 heredem
1016 2955 1109 3019 agere
1139 2956 1202 3002 non

81 3061 214 3143 possim,
241 3079 342 3142 neque
370 3059 533 3124 minimum
555 3078 668 3125 uerear
690 3062 726 3123 ut
748 3069 783 3122 tu
806 3056 965 3122 interdum
987 3055 1078 3122 heres
1099 3055 1202 3123 laetus

81 3181 165 3246 bone
188 3199 351 3247 consumas
370 3185 403 3246 et
423 3198 545 3264 pauper
566 3178 633 3258 fios,
656 3183 688 3244 et
709 3177 785 3242 mihi
807 3175 970 3244 testatoris
991 3177 1202 3244 beniuolentia
