2876 4712
490 299 554 364 ’-
600 320 661 384 313
706 355 746 368 -

41 517 60 566 a.
77 502 193 580 lensor,
223 503 278 585 qui
305 504 344 570 de
370 504 469 570 solide
500 505 707 573 creditoribus
734 511 854 572 eaueot
891 542 926 551 -
962 507 991 570 3.
1021 503 1188 570 Sciendum

74 625 175 686 autem
198 627 248 688 est
268 623 409 705 inprimis
431 625 546 692 totiens
569 624 671 690 locum
685 625 758 690 huic
773 624 989 691 constitutioni
1011 623 1087 702 fieri,
1111 641 1187 706 quo·

73 742 150 806 tiens
174 740 335 808 libertates
357 743 389 807 in
412 748 601 810 testamento
629 745 722 810 datae
744 745 816 810 siut.
861 743 938 826 quid
959 761 1044 825 ergo,
1067 743 1187 824 siquis

74 860 239 927 intestatus
261 863 397 929 moriens
423 865 454 929 in
482 864 631 930 codicillis
659 865 820 931 libertates
843 863 1020 947 reliquerit,
1044 869 1076 928 et
1097 882 1188 928 nemo

74 979 109 1044 ab
131 981 283 1046 intestato
305 983 392 1050 adire
414 1003 510 1050 ausus
532 959 596 1050 sit?
622 985 684 1050 hue
713 1004 839 1068 quoque
861 983 1017 1050 sententia
1039 984 1223 1052 constitu-o

74 1100 164 1166 tionis
180 1101 333 1170 trahetur.
367 1104 480 1186 siquis
500 1109 606 1170 autem
624 1109 849 1172 testamentum
866 1103 975 1170 lecerit
993 1111 1026 1168 et
1044 1105 1076 1168 in
1095 1109 1191 1169 testa·

74 1226 176 1286 mento
199 1223 353 1287 neminem
375 1222 509 1288 liberum
531 1241 599 1290 esse
626 1225 769 1303 iusserit,
797 1224 899 1289 setin
921 1222 1072 1289 codicillis
1099 1223 1192 1288 liber-

38 1355 58 1402 e.
73 1345 151 1407 tates
170 1341 299 1422 dederit,
323 1345 433 1424 procui
454 1343 549 1408 dubio
565 1344 747 1409 constitutio
763 1345 865 1409 locum
886 1343 1024 1409 habebit.
1058 1345 1088 1407 4.
1112 1341 1192 1407 Cou-

74 1461 244 1528 stitutionis
268 1463 366 1528 uerba
385 1461 555 1529 ostendunt
570 1468 645 1528 tune
667 1464 695 1528 ei
717 1463 820 1528 locum
842 1481 920 1542 esse,
944 1481 1015 1527 cum
1037 1480 1127 1526 nemo
1151 1461 1190 1526 ab

74 1581 222 1646 intestato
243 1600 406 1648 successor
427 1582 555 1660 existat;
584 1582 692 1664 itaque
719 1581 870 1664 quamdiu
891 1583 1046 1648 incertum
1069 1581 1127 1662 sit,
1151 1600 1191 1646 au
1212 1599 1243 1649 10

75 1702 140 1782 quis
170 1702 263 1768 heres
297 1703 427 1782 existat,
464 1708 567 1768 cessat
593 1703 785 1768 constitutio.
836 1721 907 1768 cum
935 1707 1041 1767 autem
1071 1706 1191 1766 certum

75 1818 127 1884 fiat
147 1821 304 1886 neminem
327 1820 501 1899 aditurum,
524 1826 598 1886 tunc
621 1821 803 1887 constitutio
825 1821 891 1886 uim
912 1840 1003 1887 suam
1025 1821 1189 1887 exercebit

40 1953 60 2000 o.
77 1943 102 2003 5.
130 1940 278 2006 Mortuus
306 1945 355 2006 est
382 1939 510 2023 quidam
537 1941 698 2006 libertates
725 1941 757 2005 in
784 1945 974 2006 testamento
1003 1941 1191 2024 rehuquens,

76 2061 174 2125 minor
196 2061 236 2126 ad
259 2061 325 2126 eius
346 2055 554 2126 hereditatem
576 2065 708 2126 uocatus
731 2066 792 2140 est,
821 2060 876 2143 qui
897 2060 1073 2126 hereditate
1097 2060 1193 2125 absti-

76 2182 150 2259 nuit,
173 2200 215 2246 an
237 2181 323 2246 locus
346 2186 396 2247 est
417 2181 655 2246 constitutioni?
681 2200 722 2246 en
743 2186 862 2261 contra,
885 2183 960 2263 quia
982 2201 1038 2264 per
1060 2181 1091 2246 in
1113 2182 1192 2247 inte
1213 2197 1243 2245 ia

78 2319 164 2382 gmm
188 2301 418 2368 restitutionem
440 2320 551 2366 rursus
572 2301 612 2366 ad
626 2300 833 2367 hereditatem
856 2301 964 2367 uenire
986 2305 1100 2384 potest,
1124 2319 1194 2366 con·

78 2421 198 2487 stitutio
220 2422 379 2488 cessabit?
405 2427 437 2486 et
460 2421 590 2488 dicimus
617 2427 702 2488 reete
728 2443 765 2488 ex
787 2421 1011 2489 constitutione
1038 2423 1121 2487 bona
1142 2441 1195 2504 pe·

78 2542 154 2606 tenti
177 2540 287 2620 addici,
311 2542 370 2606 etsi
390 2539 500 2619 minor,
524 2541 578 2623 qui
599 2539 775 2608 hereditate
797 2541 995 2622 abstinuerit,
1018 2561 1075 2625 per
1096 2543 1128 2606 iu
1150 2543 1195 2606 in-

79 2665 199 2742 tegrum
220 2660 452 2726 restitutionem
474 2662 667 2742 poenitentia
689 2662 803 2728 ductus
827 2683 896 2728 eam
925 2663 1063 2746 recipere
1085 2663 1193 2746 possit.

80 2780 151 2862 quid
174 2799 248 2862 ergo
270 2781 298 2847 si
319 2786 393 2862 post
413 2781 569 2847 libertatis
592 2781 775 2848 beneficium
797 2787 893 2866 etque
915 2783 1069 2848 bonorum
1091 2783 1196 2848 addic-
1214 2793 1247 2845 20

80 2903 194 2966 tionem
214 2902 317 2966 miuor
331 2901 498 2966 restitutus
514 2900 720 2966 hereditatem
740 2901 876 2968 adierit?
899 2920 974 2967 num
997 2921 1079 2985 quae
1101 2904 1197 2969 semel

44 3025 63 3075 6.
80 3021 305 3102 competierrmt
319 3019 481 3086 libertates
504 3020 760 3086 reuocabuutur?
782 3040 990 3105 nequequam.
1012 3060 1046 3069 -
1065 3026 1093 3088 6.
1111 3024 1197 3090 Haec

81 3146 184 3206 autem
207 3141 388 3207 constitutio
403 3140 596 3206 libertatium
612 3141 800 3207 tuendarum
816 3161 912 3208 causa
932 3143 1114 3208 introducta
1135 3149 1196 3208 est:

81 3280 168 3343 ergo,
203 3261 229 3327 si
256 3261 418 3326 libertates
447 3261 551 3325 nullae
579 3261 672 3326 datae
700 3261 777 3340 siut,
806 3263 917 3346 nequit
941 3263 1044 3329 locum
1070 3263 1196 3328 hebere.

83 3380 180 3446 Titius
203 3381 371 3447 creditores
393 3380 525 3459 habens,
555 3381 708 3463 quosdam
738 3399 847 3448 seruos
869 3384 952 3449 inter
974 3383 1065 3448 uiuos
1088 3400 1197 3446 marm-
1214 3389 1248 3438 25

83 3501 179 3579 misit,
211 3502 396 3583 quibusdam
424 3505 530 3566 autem
556 3501 667 3565 mortis
690 3520 786 3567 causa
807 3500 985 3568 libertatem
1009 3501 1111 3579 dedit,
1142 3500 1196 3580 ita,
