2936 4704
546 292 779 357 -168-

118 477 246 560 adeptus,
270 479 405 544 alterum
427 479 488 544 iam
511 476 696 544 deseruerit.
720 479 893 544 inualidum
915 487 1020 546 numm
1036 482 1097 548 erit
1118 498 1226 547 eorum

119 605 336 674 commentum,
359 597 503 680 quomode
525 597 606 663 alter
621 598 729 678 pubes,
752 597 834 664 ulter
848 616 973 682 compos
989 600 1102 666 mentia
1124 600 1226 666 iectus

118 717 282 783 decesserit
328 719 355 781 si
377 735 453 783 uero
474 715 612 782 mriosus
634 736 690 798 per
717 717 751 782 id
780 725 905 800 tempus
934 718 1029 785 faciet
1059 723 1227 783 testamen·

119 845 264 916 tumque
287 835 392 902 iurene
414 841 527 913 cessat,
550 836 633 901 idest
655 837 686 901 in
713 835 903 914 interualla,
934 837 1080 922 queritur
1107 855 1147 902 en
1171 857 1227 902 un·

118 953 187 1018 leat?
207 961 241 1021 et
263 956 363 1036 magis
386 961 492 1020 estut
514 954 655 1020 dicamne
676 955 794 1020 iustum
810 973 880 1021 esse
896 961 1127 1020 testamentum.
1151 957 1226 1036 qnid
1260 951 1277 1000 ὅ

118 1081 205 1138 numm
234 1076 263 1138 si
291 1076 458 1156 quiscum
487 1081 709 1140 tentamentum
737 1075 847 1141 iecerit
873 1073 977 1140 harere
1011 1074 1162 1155 incipiat?
1194 1077 1226 1140 id

118 1191 217 1256 luroris
252 1193 364 1259 uitium
397 1195 623 1275 superueniens
651 1201 737 1260 recte
772 1194 887 1260 lactum
915 1201 1137 1260 tentamentum
1165 1213 1226 1260 non

117 1315 249 1392 peremit,
283 1313 378 1378 sicuti
405 1333 506 1396 neque
535 1313 620 1379 aliud
649 1315 810 1394 negotium
837 1312 924 1379 furor
953 1322 1062 1396 postea
1091 1315 1227 1379 interue-

86 1440 103 1488 l
118 1431 192 1497 mens
213 1433 305 1497 tollit
351 1433 380 1495 2.
418 1433 528 1514 Neque
550 1433 699 1516 prodigo,
722 1433 773 1499 cui
796 1434 948 1498 bonorum
972 1451 1100 1498 suorum
1130 1433 1227 1498 admi·

118 1550 248 1615 nistratio
271 1551 439 1616 interdieta
461 1559 519 1628 est,
542 1555 611 1616 inre
633 1552 744 1618 tentari
768 1552 957 1618 conceditur.
1003 1557 1225 1618 testamentum
1247 1575 1278 1625 10

118 1675 209 1733 eutem
230 1677 305 1734 ante
328 1670 579 1752 prodigalitatem
602 1671 732 1747 iactum,
757 1672 839 1736 idest
865 1672 1047 1753 priusquam
1074 1673 1225 1736 bonorum

86 1787 281 1854 einerdietie
304 1787 369 1865 fiat,
392 1797 495 1854 ratum
519 1801 632 1856 manet.
678 1791 707 1854 3.
743 1791 850 1856 Mutus
873 1798 905 1855 et
927 1791 1042 1856 surdus
1065 1807 1125 1854 non
1148 1808 1227 1856 eem-

118 1908 282 1983 perlucere
304 1915 525 1974 tentamentum
548 1918 690 1991 possunt
735 1910 845 1992 utique
874 1911 913 1974 de
940 1929 976 1975 eo
1004 1909 1098 1974 surdo
1129 1909 1227 1991 loqui-

118 2042 185 2098 mur,
207 2029 257 2107 qni
279 2028 405 2093 omniuo
428 2046 488 2093 non
512 2030 672 2106 exandiat,
696 2048 756 2096 non
780 2032 833 2110 qui
857 2029 947 2093 tarde
970 2027 1127 2093 exaudiat.
1177 2027 1227 2092 hie

119 2145 189 2208 enim
207 2149 314 2212 tentari
336 2153 449 2228 potest.
492 2157 540 2211 set
562 2148 655 2211 etiem
680 2155 799 2212 mutum
822 2146 909 2211 illum
932 2146 1143 2228 intellegimus
1165 2163 1225 2210 non
1247 2159 1278 2208 15

118 2265 163 2340 qui
183 2267 267 2330 tarde
289 2265 447 2348 loquatur,
470 2274 520 2332 eet
541 2269 593 2349 qui
615 2267 718 2348 eloqui
741 2265 818 2331 nihil
841 2267 951 2347 possit.
1005 2284 1102 2330 »non
1131 2283 1227 2330 sem-

118 2400 194 2461 per·
217 2393 320 2449 eutem
343 2390 472 2468 propter
486 2385 638 2451 eiusmodi
661 2403 787 2451 caueam
810 2385 928 2450 addidi.
952 2386 1076 2466 saepius
1100 2384 1225 2466 quidam

118 2500 260 2568 litteratus
292 2511 325 2569 et
359 2503 501 2568 eruditus
535 2504 670 2586 quedem
698 2504 875 2569 calamitate
904 2503 998 2585 (uarii
1025 2504 1106 2569 enim
1134 2519 1226 2567 cneus

116 2627 183 2683 aunt
203 2624 253 2704 qui
276 2624 308 2686 id
331 2621 502 2704 adierunt),
525 2623 672 2688 audiendi
698 2624 749 2688 nel
772 2622 918 2705 loquendi
947 2621 1128 2688 facultatem
1151 2621 1227 2685 ami·

117 2739 162 2802 ait
204 2749 323 2806 etcum
346 2743 429 2824 apud
451 2749 576 2808 ueteres
599 2741 753 2807 eiusmodi
776 2741 916 2807 homines
939 2741 1049 2806 testari
1072 2759 1133 2806 non
1156 2759 1225 2821 poe·
1244 2761 1278 2810 ao

116 2867 189 2934 sent,
210 2862 403 2942 promulgate
425 2871 474 2927 eat
495 2860 645 2942 principis
669 2863 767 2926 nostri
782 2861 965 2927 constitutio
981 2860 1165 2940 permittens
1188 2860 1226 2922 iis

117 2978 165 3057 qni
188 2980 288 3046 morbo
310 2979 391 3045 tales
413 2979 486 3046 iacti
509 2979 574 3044 sint
596 2986 633 3044 ut
653 2979 824 3045 secundum
847 2987 965 3043 certam
993 2994 1132 3042 normam
1156 2995 1226 3056 pos-

117 3096 175 3160 sint
195 3099 307 3162 testati.
343 3099 468 3164 modum
492 3102 596 3164 eutem
619 3107 715 3178 atque
736 3095 990 3163 obseruationem
1013 3095 1151 3179 perfecte
1166 3097 1226 3162 eol-

117 3217 208 3297 ligere
237 3220 307 3285 licet
335 3221 527 3301 praedictum
556 3219 711 3286 nouellam
747 3218 1001 3285 constitutionem
1029 3216 1167 3297 legenti;
1200 3215 1227 3278 ei

118 3353 188 3401 uero
208 3355 271 3403 cum
293 3339 364 3422 quie
387 3343 610 3404 tentamentum
625 3336 744 3414 leuauit
768 3335 948 3402 ualetudine
963 3335 1044 3400 forte
1060 3334 1110 3398 uel
1126 3350 1227 3413 poene
1244 3367 1278 3417 25

117 3471 135 3515 u
158 3456 336 3536 magistratu
366 3454 496 3533 inflicta,
525 3455 576 3522 uel
597 3455 660 3522 ulio
682 3453 824 3538 quolibet
845 3472 919 3522 casu
942 3459 1047 3518 mutus
1070 3453 1226 3518 surdusue

171 4169 262 4224 ssepi.
274 4175 384 4217 Auem
398 4187 439 4216 rec.
455 4173 541 4216 limini.
