2960 4704
549 369 763 433 ..15-

110 550 327 617 sciebantenim
339 552 556 634 magistratum
566 551 709 630 pluribus
720 555 949 640 suspicionibus
960 575 1031 624 esse
1042 556 1220 636 obnoxium,

109 691 141 738 ne
153 671 326 739 amicorum
339 672 460 740 scilicet
473 677 644 742 commodis
658 677 834 744 inseruiens
849 683 906 744 aut
919 696 1049 744 munere
1063 677 1219 762 accipiens

108 799 155 858 ant
173 793 248 860 odio
270 794 441 862 decernens
461 796 615 876 quaedam
643 799 834 879 pronuntiet.
865 796 1011 880 princeps
1036 803 1142 864 autem
1169 797 1219 864 his

107 911 328 997 suspicionibus
350 917 493 997 superior
514 923 573 982 est
616 918 782 984 nonenim
810 934 888 982 auro
915 914 1141 998 corrumpitur,
1168 923 1218 982 ut-

106 1039 169 1113 pote
189 1034 247 1115 qni
269 1053 331 1102 non
353 1040 474 1102 tuntum
496 1035 744 1102 substantiarum
765 1045 960 1115 nostrerum,
981 1042 1032 1104 set
1052 1054 1218 1120 corporum
1252 1035 1270 1086 ⁶

104 1171 223 1234 quoquc
253 1161 431 1221 nostrorum
469 1155 613 1221 dominus
648 1156 712 1237 sit,
747 1174 849 1240 nequo
880 1162 1010 1238 propter
1048 1157 1218 1222 amicitiam

104 1278 214 1343 iustum
235 1275 476 1357 transgreditur,
498 1280 608 1357 utpote
629 1278 683 1356 qui
705 1275 838 1358 diligens
853 1275 915 1342 aiio
930 1275 1022 1343 modo
1036 1275 1219 1344 benefacere

104 1396 203 1480 possit,
226 1412 291 1476 quo
312 1394 410 1476 magis
436 1393 602 1475 clarescat;
631 1413 732 1477 neque
761 1402 890 1478 propter
917 1394 1126 1474 inimicitiam,
1156 1411 1217 1460 non

104 1516 178 1583 enim
198 1515 357 1599 quendam
378 1513 575 1581 subditorum
598 1532 726 1581 snorum
747 1514 819 1582 odio
841 1515 985 1598 princeps
1007 1513 1111 1580 babet.
1145 1531 1217 1578 nam

104 1637 214 1720 siquis
237 1636 447 1713 inueniretur,
470 1635 603 1701 mortuis
629 1635 902 1702 connumerandus
931 1641 1024 1700 esset
1068 1635 1139 1699 iura
1159 1633 1218 1699 ita·
1237 1635 1269 1688 10

103 1775 157 1838 que
176 1775 235 1838 per
256 1754 394 1823 edictum
420 1755 513 1822 modo
539 1755 673 1822 condere
702 1755 938 1836 magistratibus
966 1756 1162 1822 conceditur:
1183 1754 1217 1820 id

104 1875 178 1942 enim
191 1883 341 1943 auteres
362 1877 448 1958 ipsus
470 1875 571 1944 fertur
592 1881 688 1958 atque
709 1875 794 1940 omni
816 1881 903 1942 caret
924 1875 1108 1959 suspicione.
1131 1893 1220 1954 prae-

104 1997 184 2076 cipue
194 2015 274 2063 nero
285 1997 407 2062 edicere
418 2004 639 2064 concesserunt
649 1997 786 2078 praetori
799 1996 918 2061 urbano
929 2001 962 2061 et
976 1995 1113 2077 praetori
1128 2011 1215 2076 pere·

104 2115 185 2197 grino
206 2113 423 2196 sedilibusque
445 2113 617 2182 curulibus.
639 2123 766 2196 praetor
789 2121 894 2179 autem
917 2113 1056 2179 urbanus
1071 2113 1143 2180 inde
1165 2129 1217 2180 su·

104 2235 154 2301 nit
166 2235 419 2320 appellationem
434 2242 591 2319 praetura
601 2253 796 2316 praeesse,
810 2235 843 2301 id
856 2241 904 2300 est
917 2233 1038 2300 anteire
1052 2239 1148 2316 atque
1162 2232 1218 2298 im·
1237 2237 1268 2289 15

104 2373 216 2436 perere,
240 2355 380 2422 urbanus
401 2363 506 2422 antem
530 2357 605 2441 quis
626 2355 726 2422 Roma
749 2355 822 2422 κατ’
846 2353 957 2442 ἐξοχὴν
979 2354 1056 2420 urbs
1071 2359 1216 2418 uocatur:

103 2475 219 2544 ciuibus
240 2476 323 2543 enim
345 2476 483 2542 romanis
504 2477 554 2540 ius
577 2476 708 2542 dicebat.
733 2475 814 2541 alter
836 2493 912 2542 uero
932 2474 1105 2540 uocabatur
1127 2489 1217 2555 prac-

104 2599 149 2659 tor
158 2595 282 2678 quidem
294 2615 313 2662 a
325 2613 522 2680 praeesse,
533 2595 718 2676 peregrinus
729 2600 834 2660 antem
845 2611 915 2660 cum
930 2593 1103 2674 peregrinis
1117 2597 1150 2656 et
1163 2590 1216 2656 ad·

103 2714 186 2781 uenis
206 2716 258 2782 ius
286 2717 413 2782 moeret.
462 2716 627 2781 innumera
647 2715 728 2779 enim
755 2729 826 2779 cum
855 2719 939 2778 esset
965 2711 1132 2777 multitudo
1154 2729 1216 2778 non

102 2839 221 2914 poteret
241 2835 380 2901 omnium
402 2834 632 2901 controuersias
651 2837 777 2915 praetor
791 2833 931 2897 urbanus
945 2831 1070 2909 audire;
1092 2837 1215 2897 creatus
1233 2840 1268 2892 ao

66 2968 88 3018 s.
104 2959 148 3018 cst
160 2954 256 3035 igitur
270 2962 396 3037 praetor
410 2953 596 3036 peregrinus
611 2957 648 3017 ut
661 2951 835 3034 peregrinis
849 2951 898 3017 ius
914 2950 1040 3016 diceret.
1070 2949 1100 3014 8.
1123 2949 1217 3015 Aedi·

102 3071 143 3138 les
163 3091 290 3156 quoqne
311 3073 436 3140 curules
458 3074 507 3139 ius
527 3071 769 3139 constituebant
801 3069 874 3136 inde
889 3077 992 3136 sutem
1007 3089 1119 3136 nomen
1134 3087 1217 3134 sum·

100 3195 432 3274 pseruntqnodcurae
443 3189 1088 3274 erateistempiorumdecus(eedesenim
1101 3188 1217 3270 templa

100 3321 180 3384 sunt,
202 3319 404 3380 cursantem
427 3312 579 3379 sollertia:
601 3311 642 3377 ad
664 3329 773 3378 eornm
788 3311 869 3376 enim
884 3309 1124 3376 sollicitudinem
1148 3325 1217 3390 per·
1294 3343 1297 3350 ,

100 3433 221 3500 tinebat
242 3453 281 3500 ue
294 3433 366 3517 quis
381 3439 455 3499 ante
467 3431 763 3514 quadragensimum
775 3429 856 3497 forte
876 3448 992 3495 annum
1008 3430 1217 3496 sacerdotium
1234 3435 1269 3488 25

100 3551 248 3635 caperet),
269 3553 320 3617 uei
342 3553 446 3632 potius
468 3553 543 3632 quie
572 3551 632 3617 iori
653 3570 759 3618 curam
782 3552 919 3634 agebant
939 3553 984 3616 ita
1006 3556 1080 3615 sunt
1101 3549 1216 3615 uocati.

101 3670 216 3738 aediles
240 3674 319 3738 enim
340 3673 436 3738 latine
458 3673 591 3738 audiunt
611 3671 666 3754 qui
693 3672 777 3754 apud
799 3689 928 3752 graecos
952 3669 1142 3756 ἀγορανόμοι
1164 3687 1218 3734 uo
