2876 4712
529 325 760 388 -299-

84 514 271 580 tractabatur
292 516 457 580 successio.
502 511 574 578 licet
596 513 678 577 enim
701 517 738 578 ut
758 511 848 578 liberi
877 511 975 578 uitam
998 529 1086 577 snam
1110 529 1199 593 pera·

84 636 200 717 gabant,
222 635 316 700 simul
339 635 436 700 uitam
459 640 492 701 et
513 631 690 700 libertatem
713 633 899 700 amittebant
927 634 1026 699 ueluti
1049 631 1144 704 serui,
1168 639 1200 697 et

83 757 164 839 quasi
186 775 350 822 seruorum
373 755 565 838 accipiebant
586 753 712 837 patroni
734 773 842 820 eorum
865 754 964 820 bona:
991 772 1094 837 neque
1116 751 1199 817 enim

82 877 230 942 hereditas
253 875 284 940 in
307 877 408 941 seruis
441 873 581 956 intellegi
603 879 717 957 potest,
740 880 789 939 set
811 875 879 938 iure
902 873 1013 955 peculii
1036 871 1199 955 capiebant

82 997 318 1061 manumissores
340 995 422 1061 bona
451 1013 558 1060 eornm
588 1013 625 1059 ex
653 993 723 1074 lege
754 991 851 1058 Iunia
906 993 981 1058 baec
1007 992 1133 1072 quidem
1162 1011 1199 1056 ex
1233 1000 1250 1051 ι

81 1114 143 1196 lege
163 1113 272 1194 Iunia;
298 1120 409 1198 postea
436 1119 539 1179 autern
563 1112 594 1176 S.
618 1111 652 1177 0.
675 1113 865 1196 Largianum
896 1111 1013 1178 lactum
1043 1119 1108 1190 est,
1137 1129 1198 1191 quo

81 1243 123 1300 est
144 1242 282 1312 cautum,
304 1241 341 1301 ut
363 1236 597 1301 manumissoris
619 1235 710 1301 liberi
733 1255 794 1302 non
817 1235 1001 1301 nominatim
1019 1234 1198 1300 exheredati

82 1355 231 1419 enbaneis
253 1353 421 1421 heredibus
444 1355 581 1435 potiores
603 1353 807 1434 haberentur,
828 1355 911 1435 quod
927 1354 967 1419 ad
983 1354 1072 1420 latini
1094 1353 1198 1419 liberti

82 1475 312 1540 succmsioncm.
357 1482 393 1540 ut
415 1493 500 1553 ecce,
530 1493 625 1539 mann
655 1475 724 1538 misi
753 1492 811 1555 ego
842 1491 967 1538 seruum
998 1491 1099 1538 meum
1128 1471 1197 1536 lati·

80 1613 209 1676 numque
231 1593 303 1660 ieci:
327 1601 468 1660 mortuus
491 1613 560 1659 sum
583 1594 714 1660 heredes
737 1591 905 1660 instituens
927 1592 1043 1657 liberos
1066 1609 1151 1657 meos
1167 1599 1199 1658 et
1219 1601 1250 1653 10

80 1716 164 1779 etiam
190 1721 363 1780 extrancos.
409 1734 446 1780 cx
473 1714 543 1795 lege
565 1711 655 1778 Iunia
684 1713 709 1778 si
738 1711 870 1778 latinum
902 1711 978 1778 mori
1007 1713 1197 1795 contigisset

80 1833 163 1899 liberi
186 1833 248 1898 mei
268 1832 361 1899 simul
390 1852 459 1899 cum
487 1834 643 1898 extraneis
674 1833 841 1898 heredibus
869 1832 907 1897 ad
938 1830 1004 1896 eius
1033 1832 1114 1898 bona
1145 1852 1199 1898 uo·
1283 1835 1285 1838 ’

81 1955 136 2018 cati
157 1960 277 2020 essent:
301 1974 338 2020 cx
360 1951 391 2018 S.
416 1953 449 2018 O.
473 1960 578 2020 autem
602 1953 759 2034 Largiana
781 1952 870 2017 liberi
894 1952 953 2016 mei
982 1953 1199 2017 tantummodo

81 2070 172 2138 latino
195 2073 378 2153 succedent,
401 2091 471 2139 cum
502 2092 563 2138 non
590 2073 654 2138 sint
682 2072 864 2138 nominatim
893 2068 1084 2137 exheredati.
1127 2079 1199 2152 post

81 2191 107 2254 S.
130 2189 163 2256 Ο.
187 2192 376 2273 Largianum
400 2193 464 2257 diui
487 2189 612 2257 Traiani
643 2192 778 2258 edictum
806 2190 904 2256 latum
932 2199 996 2268 cst,
1024 2191 1107 2273 quod
1136 2193 1249 2254 sta-15

79 2311 143 2389 tuit,
166 2319 202 2377 nt
216 2309 341 2389 launna,
363 2311 425 2392 qui,
442 2311 541 2376 inuito
564 2311 614 2376 uel
638 2311 731 2375 etiam
747 2312 911 2392 ignorante
932 2315 1074 2388 patrono,
1090 2309 1196 2374 ciuita-

80 2437 136 2494 tem
159 2429 219 2495 sibi
242 2431 367 2511 petierit
394 2437 426 2494 ct
455 2429 639 2510 optinuerit,
670 2432 758 2495 uiuat
785 2429 913 2509 quidem
942 2437 1091 2510 tanquam
1119 2431 1196 2494 ciuis

80 2567 220 2615 romanus
244 2557 276 2616 ct
298 2551 422 2614 omnino
445 2567 643 2616 romanorum
667 2549 781 2615 ciuium
810 2549 877 2614 iure
907 2549 1060 2629 gaudeat,
1089 2551 1199 2614 moria-

80 2677 128 2732 tur
150 2689 224 2734 uero
247 2676 396 2753 tanquam
418 2672 545 2737 latinns.
590 2681 639 2737 set
659 2671 857 2752 imperatoris
885 2671 984 2735 nostri
1014 2669 1198 2736 constitutio

82 2788 226 2855 eiusmodi
248 2791 462 2857 condicionum
486 2793 571 2856 uices
593 2791 664 2856 odio
686 2791 814 2868 habens,
838 2789 921 2872 quod
944 2790 1067 2855 uiueret
1090 2809 1198 2872 nempe
1215 2799 1250 2849 ao

82 2915 115 2972 ut
136 2929 293 2988 romanus,
318 2918 492 2976 moreretur
515 2921 619 2977 autem
644 2917 679 2975 ut
701 2911 835 2987 latinus,
863 2910 1004 2991 aliasque
1034 2909 1198 2976 difficulta-

84 3038 128 3094 tes
152 3031 220 3097 inde
250 3039 334 3096 ortas
362 3033 502 3109 sustulit,
531 3049 591 3096 non
620 3032 711 3096 modo
740 3028 908 3097 latinorum
939 3031 986 3096 ius
1015 3039 1046 3094 et
1076 3030 1197 3096 Iuniam
