3092 4702
575 359 787 424 ..30-

99 561 118 611 e.
131 543 173 608 nis
191 543 292 609 luctus
314 541 422 608 fuerit.
455 543 485 607 3.
509 544 558 609 Ad
581 550 701 610 certum
724 549 848 625 tempus
870 545 922 610 uel
943 563 981 610 ex
1001 549 1087 612 certo
1101 549 1242 628 tempore

131 669 203 729 reete
228 667 368 728 tutorem
397 663 518 728 dumus.
569 663 615 728 ed
645 668 797 730 certum
824 667 997 746 tempus,
1026 661 1140 728 ueluti:
1170 663 1242 728 ille

129 785 228 846 tutor
250 787 341 847 esto
363 781 412 846 ed
435 780 680 864 densusque
701 799 837 862 unn0s3
860 787 1240 864 excertotempore‚

130 907 158 965 ut
176 917 260 966 eone:
284 905 376 980 post
401 898 501 966 duos
528 916 650 964 annos
675 916 785 992 quesn
811 905 988 967 mortuus
1014 897 1144 978 luero,
1167 899 1243 966 ille

128 1024 227 1083 tutor
249 1023 347 1083 esto.
391 1016 466 1082 lieet
488 1023 520 1082 et
541 1015 600 1082 sub
622 1017 818 1084 condicione:
849 1019 920 1083 ille
946 1025 1057 1085 tutor
1078 1025 1184 1098 esto,
1206 1019 1240 1084 si
1275 1027 1292 1078 o

126 1135 227 1202 nauis
250 1155 296 1203 ex
319 1136 413 1201 Asia
435 1137 608 1202 uenerit.
653 1135 826 1203 Possumus
848 1145 881 1204 et
902 1143 976 1204 ante
1004 1137 1130 1204 heredis
1151 1137 1228 1204 insti

127 1255 268 1321 tutionem
292 1259 428 1321 tutorem
450 1254 627 1336 relinquere
648 1254 698 1320 his
728 1255 850 1322 uerbis:
874 1255 945 1322 ille
967 1255 1059 1322 lilio
1081 1275 1166 1324 meo
1187 1264 1242 1323 tu-

92 1388 111 1437 s.
127 1381 181 1440 tor
200 1379 304 1456 esto;
327 1372 398 1438 ille
419 1379 550 1440 nutem
573 1373 664 1439 mihi
685 1373 802 1440 heres
824 1381 919 1442 esto.
952 1376 982 1438 4.
1006 1373 1241 1444 Gertueeutem

123 1493 163 1559 rei
183 1499 238 1560 unt
261 1498 368 1560 sertae
390 1509 504 1558 musae
525 1496 664 1559 tutorem
687 1492 763 1558 dere
785 1512 847 1560 non
869 1511 1006 1576 possen
1030 1493 1145 1560 ueluti:
1167 1493 1242 1560 ille

124 1613 156 1676 in
175 1613 242 1679 lnoe
264 1611 387 1677 londo
408 1616 466 1678 eut
486 1611 524 1676 in
546 1613 617 1678 huc
638 1612 712 1678 lite
734 1618 849 1679 tutor
869 1619 970 1680 esto.
992 1613 1068 1694 quia
1089 1625 1242 1694 personne
1263 1626 1295 1677 no

89 1743 178 1796 onon
199 1749 317 1796 euusue
339 1729 390 1796 uel
414 1736 459 1800 rei
482 1740 570 1801 tutor
591 1735 660 1800 deri
682 1736 772 1800 solet.
816 1736 846 1798 5.
880 1733 914 1799 Si
936 1732 1007 1814 quis
1029 1729 1153 1799 filiabus
1175 1733 1241 1798 suls

123 1853 173 1914 eut
192 1849 266 1916 liliis
289 1851 356 1917 suis
378 1859 517 1920 tutorem
541 1854 673 1931 dederit,
696 1859 861 1936 postumae
884 1851 935 1918 uel
956 1857 1102 1935 postumo
1116 1869 1242 1936 qnoque

123 1969 240 2035 dedisse
263 1969 402 2047 uidetur,
423 1973 497 2054 quie
518 1971 575 2039 lilii
599 1973 648 2038 uel
678 1971 761 2038 tiliee
783 1969 994 2056 appellatione
1023 1976 1057 2037 et
1076 1977 1241 2054 postumus

122 2091 150 2152 et
169 2095 317 2170 postumo
339 2089 549 2158 continentur.
572 2109 613 2157 un
635 2099 668 2158 et
690 2097 820 2174 nepotes
846 2108 971 2173 quoquo
993 2091 1163 2160 liberorum
1186 2109 1241 2176 ep-

121 2205 283 2288 psllstione
305 2211 507 2280 eontinentur
528 2217 563 2277 nt
584 2211 662 2294 ipsis
683 2230 808 2295 quoque
830 2211 925 2276 dutus
947 2226 1017 2276 esse
1038 2209 1242 2290 uullogutur
1262 2211 1293 2263 ¹⁵

120 2333 200 2392 tutor
213 2328 271 2408 qui
286 2329 394 2398 libonis
409 2335 459 2397 est
474 2332 611 2410 relictus,
632 2339 670 2398 ut
688 2331 859 2398 liberorum
872 2328 1084 2411 appellatione
1099 2334 1133 2394 et
1147 2346 1241 2411 nepo

121 2453 163 2512 tes
182 2447 387 2515 indicentur?
413 2457 445 2517 et
473 2451 574 2533 magis
602 2459 651 2518 est
672 2458 708 2517 ut
729 2451 966 2522 continuentur,
993 2447 1085 2514 modo
1112 2448 1139 2512 si
1169 2445 1240 2530 quis

120 2565 264 2632 llberos
286 2583 349 2638 non
372 2567 453 2634 filios
476 2570 604 2650 dixerit3
633 2588 705 2636 nem
734 2569 761 2634 si
783 2567 898 2638 dlxerit
926 2565 1032 2632 liliis
1060 2567 1155 2634 mels
1177 2571 1240 2632 tu·

118 2689 237 2752 torem
269 2686 334 2769 do,
364 2693 494 2770 nepotes
524 2707 586 2756 non
608 2687 825 2766 continentur,
852 2685 946 2754 aliter
967 2683 1049 2751 enim
1071 2681 1126 2749 filii
1148 2684 1239 2750 aliter

117 2809 245 2883 nepotes
268 2803 475 2892 appellentur.
519 2807 613 2889 plens
635 2807 663 2873 si
685 2805 816 2876 dissuit:
840 2805 1035 2890 postumis
1057 2803 1105 2868 do
1127 2809 1238 2870 tuto·
1256 2811 1291 2861 2⁰

117 2937 204 2998 ron,
227 2927 299 2990 tum
320 2925 509 3006 queuuque
530 2931 680 2994 nuscetur
702 2927 772 2992 sine
792 2923 875 2991 tilius
898 2925 966 2992 siue
988 2941 1084 3005 nepos
1107 2925 1138 2990 in
1161 2925 1238 3000 eius,

114 3039 166 3123 qui
186 3039 287 3108 (lotus
308 3040 412 3122 luent,
436 3043 535 3110 tutele
555 3043 625 3111 enit

576 3383 780 3400 ι-ι-ι-ι-ιι-ιι
