2870 4716
520 325 751 388 -345-

48 512 131 576 muel
149 511 340 578 adulterium
355 529 389 576 se
404 511 562 576 lecturum
576 511 741 593 promittat
784 512 833 574 25.
858 509 890 576 Si
914 511 984 593 quis
1006 511 1064 586 sub
1088 512 1193 593 aliqua

88 631 257 697 condicione
278 631 372 696 luerit
387 631 566 714 stipulatus,
590 635 623 696 et
644 637 716 697 ante
732 630 942 696 condicionem
957 631 1126 713 stipulator
1140 631 1192 698 (le

87 753 220 828 cesserit,
250 757 362 834 postea
383 721 535 817 existente
557 751 737 816 condicione
766 751 944 834 stipulantis
967 751 1057 816 heres
1079 771 1117 816 er
1139 753 1193 817 sti-

85 871 186 952 pulatu
216 871 370 936 actionem
397 869 534 936 habebit
586 869 668 935 idem
697 876 746 935 est
767 870 862 935 etiam
891 871 919 936 si
946 870 1119 954 promissor
1141 870 1192 936 de

86 991 218 1067 cesserit,
242 989 353 1055 deinde
376 989 514 1055 condicio
537 991 706 1055 exstiterit:
733 990 823 1056 heres
846 991 928 1056 enim
951 991 1017 1056 eius
1040 990 1225 1055 nihilomi·⁵

45 1115 135 1174 ltnus
160 1111 373 1175 conuenietur.
407 1111 457 1174 26.
482 1109 541 1187 Qui
564 1109 623 1174 boo
638 1128 719 1174 anno
742 1110 793 1175 uel
815 1110 874 1175 hot
896 1128 1002 1176 mense
1024 1109 1099 1175 dare
1121 1127 1193 1192 pro·

84 1231 194 1306 mittat,
225 1231 284 1296 nisi
306 1230 450 1296 omnibus
473 1230 546 1294 anni
569 1248 624 1295 sen
647 1229 762 1295 mensis
784 1230 964 1312 praeteritis
987 1229 1106 1308 diebus,
1129 1247 1193 1294 non

44 1354 161 1414 urente
188 1349 402 1415 conuenietur.
449 1351 498 1414 27.
523 1349 556 1414 Si
584 1349 715 1415 fundum
743 1349 941 1416 hominemne
964 1349 1040 1424 dare
1061 1367 1194 1431 spopon-

84 1467 168 1547 deris,
191 1488 255 1533 non
277 1470 395 1550 poteris
411 1471 557 1534 continuo
576 1470 743 1548 conueniri
767 1470 826 1535 nisi
848 1474 973 1535 tantum
995 1469 1088 1551 spatii
1104 1487 1194 1552 prae-

84 1589 207 1667 tenerit,
230 1607 293 1672 quo
316 1589 444 1655 traditio
465 1589 533 1655 fieri
554 1591 663 1673 possit.
1215 1597 1245 1648 10

536 1883 737 1897 *ῳ

359 2203 407 2269 Do
427 2201 673 2270 fideiussoribus.
718 2201 842 2269 litulus
864 2203 915 2268 20.
1014 2249 1018 2258 .

162 2355 227 2420 Pro
239 2373 276 2420 eo
292 2356 346 2437 qui
361 2356 518 2438 promittit
532 2356 635 2422 solent
649 2355 702 2421 alii
716 2356 851 2438 obligari
864 2355 918 2438 qui
940 2353 1194 2421 fideiussores

81 2474 294 2557 appellantur,
326 2493 405 2556 quos
433 2475 575 2544 homines
604 2477 744 2558 accipere
773 2476 874 2541 solent
902 2475 976 2540 dum
1005 2481 1131 2553 curant,
1158 2479 1196 2538 ut

49 2601 66 2647 ¹·
82 2594 179 2659 tutius
200 2593 259 2659 sibi
282 2594 321 2659 de
350 2599 511 2659 contracto
541 2596 666 2676 negotio
693 2600 821 2659 nautum
843 2595 893 2660 sit.
941 2598 967 2658 1.
992 2594 1195 2660 [nomnibus

82 2721 186 2779 autem
206 2714 449 2796 obligationibus
471 2711 670 2779 fideiussores
692 2713 791 2796 oocipi
812 2714 923 2792 solent,
946 2713 979 2778 id
1001 2719 1050 2778 est
1070 2713 1139 2780 siue
1161 2732 1195 2777 re

81 2833 146 2897 siue
168 2834 274 2899 uerbis
296 2833 364 2899 siue
385 2831 500 2898 litteris
522 2833 590 2898 siue
612 2851 764 2898 consensu
787 2837 967 2897 contractae
989 2831 1113 2898 fuerint
1158 2851 1195 2896 ao
1216 2845 1246 2894 m

82 2971 117 3016 ne
139 2953 218 3018 illud
240 2953 366 3036 quidem
393 2953 525 3019 interest
553 2953 660 3018 utrum*
684 2953 784 3018 ciuilis
812 2972 852 3016 an
878 2953 1032 3018 naturalis
1054 2953 1195 3018 sitobli·

79 3075 173 3152 gamo,
199 3074 249 3138 oui
271 3074 427 3139 adiciatur
446 3072 620 3138 fideiussor.
663 3073 739 3155 quid
762 3078 867 3138 autern
890 3073 948 3138 hoe
970 3072 1031 3138 sibi
1052 3072 1129 3137 uelit
1151 3071 1196 3134 di-

79 3192 212 3256 cendum
233 3199 290 3259 est.
337 3195 422 3258 Haeo
444 3194 585 3276 inprimis
612 3199 778 3276 perspecta
799 3194 925 3258 habeas.
970 3192 1195 3272 obligationum

79 3313 158 3376 aliae
174 3314 312 3379 ciuiles
328 3321 411 3392 sunt,
435 3314 515 3378 aliae
535 3313 743 3377 naturales:
767 3313 900 3378 ciuiles
923 3317 1006 3389 sunt,
1030 3311 1195 3392 exquibus
