2864 4736
301 690 350 752 De
374 690 541 754 noualibus
564 692 748 755 actionibus.
794 693 916 756 Titulus
942 695 969 758 8.

170 847 441 923 Quemadmodum
454 870 492 912 ex
505 869 666 914 seruorum
682 853 892 915 contractibus
905 851 1048 915 dominus
1060 861 1191 933 tenetur⁷

82 973 189 1036 itaer
213 993 374 1036 seruorum
399 974 559 1038 maleficiis
584 975 701 1039 domini
717 976 951 1039 oonueniuutur.
990 977 1105 1039 namsi
1123 985 1191 1040 tuus

84 1117 191 1160 seruus
215 1117 265 1161 res
288 1119 375 1162 meas
398 1099 519 1162 furatus
543 1099 596 1178 sit,
626 1109 679 1164 aut
702 1101 841 1183 rapuerit
864 1107 918 1164 aut
944 1101 1020 1164 mihi
1047 1101 1190 1164 damnum

83 1221 203 1285 dederit
230 1230 283 1286 aut
310 1223 454 1286 iniuriam
487 1223 610 1302 feeerit,
646 1224 768 1288 noxalis
804 1225 885 1289 aetio
920 1225 995 1288 mihi
1026 1231 1134 1289 contra
1161 1233 1191 1288 te

81 1345 214 1409 dabitur.
239 1346 353 1410 iudioio
367 1367 441 1410 uero
454 1347 560 1411 noxali
573 1348 779 1412 condemnato
793 1349 981 1431 permittitur
991 1349 1048 1412 tibi
1061 1356 1114 1412 aut
1126 1348 1190 1412 litis
1230 1365 1244 1412 5

51 1472 327 1536 1.aestlmationem
353 1472 476 1536 soluere
499 1479 553 1535 aut
573 1472 728 1536 hominem
752 1492 854 1536 noxae
872 1473 995 1536 dedere.
1031 1473 1190 1538 L‘Noxa’

80 1603 184 1659 autem
209 1595 322 1659 dicitur
345 1596 446 1678 ipsum
470 1615 593 1679 eorpus,
618 1596 714 1677 quod
739 1598 880 1677 noouit;
905 1598 978 1677 quia
996 1597 1064 1680 ipse
1081 1617 1190 1661 seruus

79 1721 193 1784 nocuit.
255 1721 385 1784 ‘noxia'
423 1727 527 1784 autem
562 1723 663 1804 ipsum
698 1721 885 1785 maleficium
919 1727 1059 1800 uocatur,
1096 1721 1191 1784 ueluti

46 1847 195 1907 ammam
231 1845 376 1908 damnum
411 1845 523 1926 rapina
551 1845 672 1909 iniuria.
731 1845 911 1911 asmona
938 1853 1042 1909 autem
1070 1846 1190 1910 ratione

78 1969 107 2032 id
132 1970 341 2032 introductum
366 1977 423 2049 est,
448 1977 481 2034 ut
503 1989 615 2053 nempe
632 1971 783 2044 dominus,
810 1970 863 2051 qui
879 1970 985 2033 noxali
1002 1971 1125 2034 notione
1142 1978 1189 2034 est
1211 1983 1244 2033 10

77 2071 312 2174 condemnatur,
336 2094 383 2157 illi
406 2114 530 2158 seruum
547 2095 662 2158 dedere
686 2095 794 2176 possit,
817 2095 849 2158 in
873 2113 964 2175 quem
990 2095 1038 2158 hio
1061 2095 1186 2158 noxiam

77 2219 242 2282 commisit.
304 2219 472 2282 absurdum
509 2219 590 2283 enim
625 2221 794 2302 putabatur
825 2239 985 2284 seruorum
1018 2219 1188 2299 nequitiam

76 2343 160 2406 ultra
190 2344 327 2425 ipsorum
356 2363 490 2426 corpora
518 2344 650 2407 dominis
679 2364 748 2406 esse
780 2344 969 2408 damnosam.
1028 2343 1132 2424 itaque
1163 2344 1189 2406 si

75 2487 136 2548 ego
169 2467 293 2530 nomine
322 2469 406 2530 serui
434 2468 540 2532 noxali
568 2469 691 2532 aotione
720 2467 942 2531 condemnatus
971 2467 1073 2543 suoru,
1103 2467 1188 2530 nullo

73 2592 139 2655 alio
170 2592 284 2655 damno
312 2593 428 2655 inuitus
457 2592 600 2672 adliciat,
630 2612 723 2673 quam
757 2597 790 2654 ut
822 2612 944 2655 seruum
975 2612 1075 2656 noxae
1100 2592 1186 2672 dem3
1212 2601 1244 2653 15

38 2721 60 2770 3.
71 2717 192 2780 noxiae
217 2717 299 2780 enim
323 2717 571 2781 aestimationem
597 2719 721 2780 soluere
745 2738 807 2780 non
833 2737 938 2798 cogor.
985 2720 1012 2782 3.
1037 2717 1071 2779 Si
1095 2716 1190 2798 igitur

70 2861 203 2906 seruum
228 2842 281 2920 qui
303 2842 409 2905 noouit
432 2861 533 2904 noxae
551 2842 649 2905 autori
665 2840 790 2920 dedere,
815 2841 936 2904 aotione
952 2841 1060 2904 noxali
1075 2841 1188 2905 libera-

69 2968 146 3047 bor,
180 2965 316 3030 dominio
344 2966 410 3030 eius
434 2967 466 3029 in
494 2974 677 3048 perpetuum
701 2966 852 3028 translato
880 2966 912 3026 in
935 2971 1081 3028 autorem.
1128 2985 1188 3028 non

68 3091 157 3154 enim
188 3091 318 3154 dioimus
342 3111 477 3170 seruum,
502 3091 529 3153 si
553 3091 656 3172 operis
673 3090 737 3154 suis
754 3110 791 3154 ao
811 3089 981 3153 ministerio
999 3109 1055 3153 suo
1074 3089 1187 3152 noxiae.

68 3215 327 3280 aestimationem
361 3215 404 3294 ei,
435 3235 525 3295 quem
560 3215 715 3296 laederat,
750 3214 926 3296 resaoierit,'
960 3214 1009 3278 uol
1043 3212 1186 3277 alicunde
1207 3220 1241 3272 20

67 3340 252 3419 quaesitam
268 3340 432 3423 pecuniam
449 3340 478 3404 ei
493 3339 683 3422 praebuerit,
704 3339 743 3402 ad
760 3338 917 3402 dominum
933 3339 1112 3402 rediturum.
1140 3343 1188 3399 set

65 3471 252 3547 praetorem
281 3464 389 3544 adeat;
418 3463 468 3527 cui
495 3464 521 3526 si
545 3463 578 3526 id
605 3463 796 3544 probauerit,
828 3463 921 3524 etiam
949 3461 1045 3524 inuito
1071 3479 1108 3524 eo
1134 3460 1187 3538 qui
