2932 4704
539 363 751 426 -90..

92 545 176 610 diuos
202 543 329 614 iinrous
358 545 528 630 rescripsit
578 547 720 613 inuenies
748 547 846 630 igitur
880 547 933 616 obi
967 556 1000 614 et
1033 557 1203 634 pauperies

57 663 76 716 ⁷·
90 666 190 745 prosit.
234 667 265 728 7.
297 664 333 732 Si
355 665 426 748 quis
448 666 489 731 sci
518 665 649 732 tntcicm
680 671 810 733 uocatus
838 667 1018 735 inidoneum
1048 687 1083 736 se
1108 677 1204 754 acque

91 787 231 867 imperem
254 785 341 852 oneri
363 785 643 852 administrationis
665 785 853 866 ostenderit,
875 785 926 854 nel
954 788 1120 855 aduersam
1142 789 1204 858 sibi

89 903 294 969 ualetudinem
316 924 388 971 esse
402 905 585 986 probauerit
597 911 728 988 propter
749 924 843 989 quem
857 925 897 972 ne
919 907 984 972 suis
1006 906 1130 990 quidem
1152 927 1205 977 ne·

56 1025 174 1102 scottis
202 1025 357 1091 interesse
385 1024 502 1107 possit,
531 1042 601 1090 sese
622 1043 774 1092 excusans
800 1026 954 1092 audietur.
982 1025 1012 1090 8.
1033 1024 1204 1110 Imperitos
1237 1027 1256 1078 ὅ

87 1143 254 1208 litterarum
277 1143 508 1212 excusationem
530 1161 550 1208 n
572 1144 673 1210 tutele
694 1149 727 1209 et
745 1161 822 1210 cors
842 1141 948 1220 habet,
970 1150 1007 1210 ot
1020 1145 1113 1212 diuos
1127 1144 1204 1214 Pins

87 1262 256 1344 rescripsit3
277 1260 422 1344 quemuis
444 1268 477 1327 et
497 1263 552 1343 qui
573 1261 697 1328 litteras
716 1262 858 1328 nescient
871 1261 1028 1330 interdum
1044 1265 1085 1330 nd
1100 1263 1204 1331 cliens

51 1384 71 1433 9·
87 1381 204 1462 negotio
225 1381 474 1446 administrando
496 1379 662 1447 sufficient.
707 1383 736 1445 9.
770 1379 803 1446 Si
830 1381 902 1465 quis
930 1383 1089 1450 inimicum
1111 1401 1202 1448 sunm

86 1507 270 1566 testamento
299 1499 363 1566 iiio
393 1519 451 1566 sno
478 1505 615 1566 tutorem
643 1502 712 1581 det,
741 1499 942 1567 excusabitur
970 1501 1080 1580 dotus,
1110 1503 1203 1569 sicuti

87 1619 352 1701 percontrarium
381 1638 442 1685 non
466 1627 634 1686 excusetur
654 1621 709 1701 qui
737 1639 771 1686 se
799 1619 928 1686 tutelnm
959 1621 1043 1701 petri
1070 1620 1202 1704 pupilio·
1222 1629 1255 1680 ιο

46 1753 158 1818 rorum,
180 1741 257 1805 dum
281 1741 414 1820 uiueret,
436 1739 729 1806 administraturum
752 1733 940 1820 promiserit.
969 1740 1018 1804 10.
1042 1740 1141 1806 Nemo
1163 1759 1202 1808 ex

84 1858 137 1923 hoc
157 1859 260 1925 solnm
283 1859 514 1926 excusationem
537 1858 597 1925 sibi
618 1876 733 1939 perere
754 1860 870 1940 poterit
890 1859 974 1939 qnod
996 1860 1123 1940 ignotus
1145 1877 1203 1942 pn·

83 1977 220 2058 pilorum
244 1978 328 2062 petri
350 1977 455 2045 inerit.
498 1979 530 2043 id
554 1979 635 2045 enim
657 1978 802 2044 dinomm
824 1977 956 2044 iretrnm
978 1977 1201 2045 constitutione

42 2109 75 2158 11.
85 2105 205 2162 centnm
228 2103 286 2163 est.
334 2100 385 2160 ll.
418 2095 605 2163 Inimicitiae
626 2115 704 2180 qnos
730 2097 856 2163 exercui
881 2116 952 2164 cum
980 2103 1071 2178 petre
1101 2097 1201 2180 pnpil-

85 2214 179 2279 lorum
202 2216 256 2281 uei
278 2217 468 2291 eduliorum,
489 2218 515 2280 si
538 2215 687 2299 capitales
709 2215 836 2296 inerint
858 2235 960 2299 neque
989 2214 1200 2283 reconciliatio
1221 2233 1252 2286 m

83 2334 294 2412 internenerit,
317 2354 365 2400 me
387 2355 406 2401 n
429 2333 530 2402 tutele
550 2335 738 2403 liberabunt
784 2337 809 2400 si
832 2341 938 2402 entem
965 2336 1117 2420 capitales
1138 2354 1200 2402 non

46 2453 212 2534 sciuerint,
238 2473 422 2536 nonaeque
452 2458 655 2524 excusnbunt.
701 2457 751 2519 12.
785 2455 819 2521 Si
846 2457 917 2537 quis
946 2460 1050 2522 status
1080 2460 1202 2520 contro-

86 2577 215 2641 uersiam
239 2575 318 2640 mihi
344 2575 466 2653 iecerit,
495 2578 563 2641 eius
591 2575 761 2643 liberorum
791 2575 922 2642 tutelam
952 2575 1111 2656 suscipere
1139 2591 1200 2640 non

43 2711 181 2777 rocogcr.
225 2695 274 2759 13.
305 2693 408 2760 Maior
429 2695 516 2761 Lxx
537 2693 628 2761 cnnis
650 2713 670 2760 o
691 2695 792 2762 totels
814 2695 864 2760 nel
886 2711 962 2760 cure
984 2693 1200 2768 excusabitnn

81 2813 307 2881 minorantem
330 2815 418 2880 XXV
441 2815 531 2880 snnis
558 2813 631 2880 olim
660 2821 791 2881 nomtns
812 2813 1012 2880 excusatione
1042 2811 1199 2885 utebatur,
1217 2831 1254 2883 no

78 2933 178 2998 dicens
201 2949 273 2998 sese
295 2931 445 2998 minorem
468 2930 556 2998 XXV
578 2932 668 2998 annis
690 2949 775 3008 osse,
798 2931 980 2998 constitutio
994 2937 1099 2996 sutem
1114 2929 1202 3012 prin·

78 3051 151 3133 cipis
174 3051 277 3118 nostri
299 3051 381 3117 hunc
404 3071 465 3117 non
488 3057 611 3117 tentum
633 3051 774 3117 excusari
796 3049 947 3132 permisit,
970 3056 1019 3115 set
1033 3052 1127 3116 etism
1149 3067 1201 3116 cc·

79 3169 176 3254 cipere
200 3171 315 3237 netnit
358 3178 391 3237 et
412 3169 485 3236 ideo
506 3169 533 3236 si
555 3171 627 3252 quis
649 3170 750 3235 minor
770 3165 860 3234 XXV
880 3167 971 3234 annis
998 3168 1038 3234 nd
1067 3168 1199 3235 tutcicm

82 3297 209 3357 uocatus
240 3293 282 3355 sit
306 3291 357 3358 nel
387 3291 596 3370 curatorem,
624 3307 685 3356 non
716 3289 836 3370 indiget
862 3289 1077 3365 excusatione,
1107 3287 1199 3354 sicnti

79 3409 183 3474 codem
207 3410 420 3475 secretissime
440 3409 663 3476 constitutione
685 3407 876 3482 continetnr3
898 3407 1005 3490 ltaque
1019 3424 1121 3490 neque
1143 3423 1198 3488 pn·
1216 3415 1251 3468 eo

81 3527 179 3607 pilius,
202 3545 308 3609 neque
330 3526 458 3593 adultus
480 3529 534 3610 qni
556 3528 658 3594 minor
679 3525 722 3592 sit
743 3527 784 3592 nd
810 3525 980 3608 legitimam
1002 3526 1199 3592 uoocbnntnr

78 3647 217 3712 tutelam.
262 3646 435 3713 eratenim
462 3643 587 3713 inciuile
608 3663 662 3712 eos
688 3645 743 3728 qui
769 3643 871 3711 alieno
900 3642 1017 3711 anxilio
1045 3645 1077 3711 in
1104 3645 1199 3712 rebus
