2936 4704
532 371 766 436 -125-

73 578 90 627 1.
103 559 292 641 extinguitur.
340 562 369 622 1.
404 559 525 639 Recipit
546 555 744 623 ususfructus
774 575 795 621 a
823 555 1017 639 proprietate
1044 555 1215 637 separatio-

102 695 171 756 nem;
195 676 293 759 idque
315 676 459 758 plurimis
480 675 581 740 modis
604 673 724 740 accidit
773 681 809 739 ut
838 691 910 740 ecee
937 675 1039 755 tegani
1067 672 1125 738 tibi
1153 673 1213 738 mei

102 795 172 859 muti
195 795 446 873 usumfructum,
467 794 518 860 ucl
546 799 656 859 contre
684 792 814 858 fundum
845 793 903 858 tibi
931 792 1050 875 tegani,
1081 792 1216 858 deducto

102 911 265 980 usufructu.
289 917 321 979 et
336 915 380 978 ita
395 915 564 996 legatarius
580 912 749 977 dominium
765 913 869 987 habet,
885 913 976 976 heres
992 919 1096 976 sutem
1113 928 1217 976 usum·

101 1030 235 1096 fructum.
282 1029 332 1095 uel
355 1050 392 1096 ex
415 1031 540 1096 diuerso
563 1030 615 1094 alii
644 1028 873 1096 usumfructum
903 1029 1030 1110 legasti,
1059 1027 1112 1093 alii
1139 1047 1216 1094 uero
1250 1045 1267 1093 o

100 1148 323 1229 proprietatem.
368 1153 402 1214 et
422 1149 499 1214 haec
520 1149 551 1214 in
576 1155 781 1227 testament03
807 1149 875 1214 sine
898 1153 1087 1212 testamento
1110 1153 1215 1212 autem

101 1267 209 1348 siquis
231 1265 311 1331 uelit
332 1266 386 1332 ulii
408 1267 634 1334 usumfructum
657 1269 857 1344 constituere,
885 1267 1079 1347 pactionibus
1107 1271 1140 1331 et
1161 1265 1214 1331 sti·

100 1383 303 1464 putationibus
325 1385 356 1448 id
379 1385 481 1450 fucere
504 1385 606 1451 debet.
638 1405 677 1451 ne
700 1389 803 1451 autem
826 1386 858 1451 in
882 1384 1064 1450 uniuersum
1087 1383 1215 1449 inutiles

100 1510 195 1570 essem
217 1503 427 1585 proprietates
448 1522 572 1586 semper
594 1505 781 1569 abscedente
803 1503 981 1580 usufructu,
1003 1501 1123 1586 placuit
1150 1521 1216 1568 cer·

100 1622 135 1685 tis
154 1621 255 1686 modis
282 1623 421 1704 extingui
449 1621 676 1688 usumfructum
705 1628 737 1687 et
765 1621 806 1686 ad
835 1623 1058 1702 proprietatem
1087 1621 1213 1686 reuerti.
1235 1643 1266 1694 ιο

67 1756 86 1804 2.
101 1741 126 1800 l.
156 1737 367 1805 constituitur
389 1744 493 1804 autem
517 1740 698 1804 usufructus
721 1757 782 1805 non
805 1738 904 1804 solum
929 1741 960 1805 in
975 1739 1072 1804 fundo
1087 1745 1120 1805 et
1133 1739 1215 1804 aedi·

101 1859 161 1936 bus,
181 1865 231 1924 set
254 1858 348 1924 etiam
372 1859 402 1922 in
425 1859 526 1923 seruis
550 1864 582 1922 et
608 1857 756 1922 iumentis
782 1857 958 1938 ueterisque
984 1857 1078 1922 rebus
1107 1875 1216 1938 excep

101 1979 137 2041 tis
149 1978 195 2042 his
210 1993 292 2057 quac
306 1977 376 2058 ipso
391 1993 450 2042 usu
466 1981 699 2043 consumuntur.
726 1977 758 2040 in
780 1976 830 2041 his
852 1978 932 2041 enim
956 1993 1057 2057 neque
1079 1971 1215 2039 naturali

101 2113 192 2176 neque
224 2095 309 2162 ciuili
338 2095 460 2161 ratione
488 2101 593 2178 potest
615 2095 812 2160 ususfructus
835 2095 1013 2160 consistere.
1063 2097 1094 2156 et
1123 2111 1214 2174 quae·

102 2232 166 2278 nam
191 2222 264 2280 sunt
292 2216 444 2280 eiusmodi
472 2213 547 2280 res?
580 2221 616 2278 ut
642 2233 728 2292 ecce,
761 2215 868 2279 uinum
896 2212 998 2279 oleum
1024 2211 1214 2278 frumentum
1236 2241 1266 2292 1⁵

100 2334 191 2398 uestis
211 2335 326 2417 quibus
348 2336 489 2416 proxima
510 2341 559 2400 est
581 2339 745 2400 numerata
765 2335 914 2416 pecunia;
937 2351 1071 2415 namque
1092 2332 1124 2396 in
1147 2329 1216 2412 ipso

102 2467 155 2515 usu
177 2457 206 2516 et
227 2453 363 2517 adsidua
384 2453 615 2534 permutatione
644 2471 681 2518 ex
708 2453 807 2518 altero
837 2454 867 2518 in
898 2449 1030 2517 alterum
1060 2451 1215 2516 translatu

101 2571 321 2648 quodammodo
343 2571 546 2652 extinguitur.
590 2589 660 2637 cum
683 2571 782 2652 igitur
803 2587 904 2650 neque
931 2571 1099 2652 procedere
1123 2573 1153 2635 in
1176 2571 1216 2636 ie·

100 2688 165 2753 dem
194 2690 391 2755 ususfructus
420 2689 483 2756 dici
511 2691 626 2772 possit,
655 2699 782 2756 senatus
811 2689 988 2756 consultum
1016 2687 1215 2764 factumest,

100 2821 158 2885 que
179 2813 301 2873 cautum
326 2815 375 2872 est
397 2813 433 2872 ut
454 2809 548 2873 etiam
572 2825 679 2874 earum
703 2825 807 2873 rerum
830 2807 964 2889 quadam
980 2807 1103 2872 ratione
1125 2823 1216 2871 usus·
1234 2824 1268 2876 ao

98 2923 215 2990 fructus
234 2928 452 3014 constituatur.
496 2926 524 2990 si
552 2944 627 3009 ergo
654 2926 725 3007 quis
755 2927 889 2992 moriens
915 2943 965 2992 me
994 2925 1140 2990 heredem
1171 2923 1219 2988 in·

98 3041 403 3126 stitueritlegauerit
413 3050 520 3110 autem
532 3045 588 3110 tibi
601 3063 768 3111 aureorum
781 3045 812 3108 M
825 3045 875 3110 uel
887 3043 920 3107 M
932 3045 1138 3110 sextariorum
1152 3040 1217 3106 uini

98 3162 148 3225 uel
162 3161 222 3226 olei
235 3164 285 3228 uel
301 3165 334 3229 ll
349 3165 523 3230 modiorum
539 3163 688 3230 frumeuti
703 3163 941 3240 usumfructum,
964 3181 1034 3230 curn
1050 3167 1086 3228 tu
1100 3162 1219 3244 legata·

98 3281 164 3345 nius
175 3298 285 3346 eureos
295 3289 353 3348 aut
362 3283 470 3348 uinum
482 3289 539 3348 aut
549 3284 651 3348 oleum
664 3288 720 3348 aut
731 3281 921 3348 frumentum
934 3280 1217 3364 acceperis,eorum

98 3395 153 3463 ties
169 3398 309 3466 dominus
328 3407 438 3468 contra
448 3399 646 3466 ususfructus
658 3408 816 3467 naturam:
837 3399 1034 3466 ususfructus
1046 3399 1127 3465 enim
1140 3398 1169 3462 iu
1183 3417 1217 3463 re
1234 3423 1269 3474 25
