2920 4750
514 391 554 400 -
603 357 755 422 462-

82 531 261 614 susccperit,
295 530 382 596 nulla
417 531 595 596 differentia
620 533 702 596 inter
729 532 868 596 actiones
891 532 923 595 in
951 552 1016 596 rem
1044 533 1096 596 uel
1122 552 1190 615 per-

82 657 204 720 sonales
228 655 466 737 introducenda,
495 657 562 721 sine
585 657 807 740 impedimento
829 656 861 721 in
889 656 1062 722 defensoris
1089 657 1191 720 locum

81 781 264 863 accipietur;
294 781 338 843 ita
365 788 485 862 tamen,
519 787 553 844 nt
580 781 815 846 satisdationem
850 781 1056 846 iudicatum
1092 781 1192 844 solui

79 911 232 987 praestet,
261 925 325 984 qua
348 910 461 969 oaueat
484 924 519 968 se
542 904 574 968 id
598 905 681 986 quod
708 905 876 970 iudicatum
899 905 993 970 tuen't
1015 905 1192 969 omnimodo

79 1029 250 1092 soluturum
275 1028 445 1093 secundum
468 1035 607 1094 ueterem
630 1031 787 1112 regulam,
812 1049 905 1110 quam
930 1031 1056 1113 saepius
1079 1029 1190 1094 lauda·
1228 1042 1244 1092 5

82 1153 197 1218 nimus:
252 1154 452 1218 »neminem
500 1155 581 1217 sine
634 1154 886 1218 satisdatione
936 1154 1089 1219 alienae
1135 1155 1191 1219 rei
1249 1193 1260 1212 ·

47 1277 255 1346 ddefensor
278 1279 435 1343 idonens
459 1279 662 1360 intellegi«.
709 1283 737 1344 6.
761 1278 850 1355 Quae
874 1279 978 1343 omnia
1002 1280 1140 1362 apertius
1161 1286 1192 1344 et

77 1402 246 1486 perlectins
270 1424 290 1465 a
313 1403 483 1468 cottidiano
505 1403 690 1468 iudiciorum
714 1423 772 1467 usu
788 1410 820 1466 et
835 1423 874 1467 ex
895 1404 971 1486 ipsis
995 1404 1088 1468 rebus
1113 1404 1192 1468 disci

47 1544 67 1593 7.
79 1537 219 1609 possunt.
271 1533 300 1590 7.
324 1527 414 1592 Hanc
448 1535 554 1592 autem
588 1527 719 1592 formam
755 1527 992 1592 satisdationum
1028 1528 1095 1593 siue
1123 1549 1191 1607 pro-

77 1652 259 1716 missionum
283 1672 344 1716 non
368 1652 467 1716 solum
491 1653 523 1716 in
546 1653 605 1716 hac
621 1653 706 1734 urbe,
731 1660 779 1716 set
794 1652 887 1716 etiam
912 1652 1102 1717 inomuibus
1126 1653 1190 1717 suis
1212 1661 1245 1712 10

78 1775 251 1858 prouinciis
278 1776 494 1841 sanctissimus
522 1777 668 1860 princeps
696 1784 802 1841 noster
829 1776 968 1859 optinere
1001 1777 1095 1858 iubet
1119 1777 1192 1841 licet

77 1907 209 1983 propter
231 1900 417 1984 imperitiam
443 1901 535 1966 aliter
557 1901 636 1966 forte
660 1901 865 1966 celebrentur.
899 1921 1030 1966 necesse
1046 1908 1094 1966 est
1110 1902 1191 1966 enim

74 2044 185 2088 omnes
209 2025 420 2108 prouinciales
436 2035 531 2108 caput
546 2027 681 2090 omnium
698 2025 869 2090 ciuitatium
889 2027 988 2108 sequi,
1012 2026 1095 2090 idest
1110 2028 1190 2090 hano

72 2150 197 2230 regiam
221 2150 338 2214 urbem.

67 2740 115 2801 De
141 2737 307 2820 perpetuis
331 2745 362 2801 ot
385 2735 610 2820 temporalibus
634 2736 809 2800 actionibus
833 2743 865 2800 et
888 2755 970 2816 quae
993 2735 1033 2800 ad
1058 2735 1189 2799 heredes

291 2885 322 2943 et
344 2879 376 2942 in
399 2877 532 2943 heredes
555 2885 726 2943 transcunt
771 2878 895 2942 Titulus
922 2881 970 2943 12.

164 3038 332 3102 Actionum
357 3038 513 3118 quaedam
538 3057 577 3101 ex
600 3038 667 3102 inre
691 3038 776 3102 ciuili
799 3037 1005 3117 descendunt,
1034 3036 1189 3117 quaedam
1210 3045 1243 3098 15

65 3185 85 3228 a
110 3170 265 3246 praetore
288 3172 360 3229 sunt
382 3164 586 3229 introductae.
625 3184 694 3228 cum
719 3169 822 3228 autem
846 3162 916 3228 dico
940 3183 979 3226 cx
1002 3162 1070 3226 iure
1094 3161 1188 3256 ciuili,

59 3288 223 3370 intellege
257 3289 325 3354 siue
358 3308 397 3353 ex
425 3288 511 3370 lege,
547 3287 615 3353 siue
642 3307 683 3352 ex
716 3293 844 3352 senatus
876 3286 1025 3351 consultis
1053 3285 1120 3349 siue
1150 3304 1189 3348 ex

62 3412 347 3478 constitutionibus
366 3413 609 3496 proficiscantur.
644 3413 705 3477 hae
724 3416 828 3476 autem
845 3416 996 3494 perpetuo
1012 3416 1188 3491 competere

62 3537 192 3618 solent3
209 3537 243 3601 id
259 3538 342 3603 enim
358 3537 575 3618 antiquissimo
590 3538 659 3602 inre
676 3543 889 3620 comparatum
910 3541 985 3599 erat
1019 3540 1067 3597 set
1078 3539 1189 3614 postea
