2898 4712
517 317 752 404 feca-

85 507 246 569 cauetnr
268 507 304 570 ut
325 503 501 571 omnimodo
522 501 595 572 unte
614 521 655 572 ea
677 505 779 572 tribus
797 505 939 572 maritos
960 503 1110 588 sumto
1130 503 1195 574 lillo

84 626 194 704 partera
216 629 360 705 numan
382 623 535 690 touomm
557 629 685 690 tuorum
710 623 887 706 relinquere
915 623 1047 709 debeas3
1073 625 1133 693 hoc
1162 625 1196 694 ul

84 739 179 820 lucius,
202 740 356 808 actionem
380 743 409 810 ei
430 744 738 811 senatusconsultum
764 743 796 810 in
819 743 950 813 heredes
972 751 1043 813 tnos
1072 745 1127 812 dat
1155 745 1195 812 ad

83 865 217 943 quartam
239 862 415 944 petendam.
460 861 539 931 Gom
561 863 619 930 tibi
639 863 718 932 haec
739 872 905 948 perspecta
924 865 1002 945 sint,
1027 863 1099 932 uide
1120 863 1196 946 quid

81 977 147 1045 iude
168 987 329 1064 mouetur.
374 983 487 1064 omnia,
510 1003 591 1070 qnae
613 984 758 1066 diximus,
779 987 953 1072 antiquitus
975 987 1195 1070 optinuerant:
1230 983 1248 1037 ⁶

81 1100 243 1182 imperator
265 1107 370 1168 autem
393 1108 501 1170 noster
521 1103 659 1187 aliquam
682 1105 856 1172 introduxit
877 1105 1126 1172 emendationem
1139 1121 1198 1186 per

82 1220 327 1287 plantationem
349 1239 449 1302 suam,
471 1239 565 1306 quam
588 1223 627 1290 da
649 1223 840 1306 disposuit,
866 1225 922 1308 qni
944 1243 964 1290 e
984 1223 1122 1291 naturali
1143 1243 1198 1310 po·

81 1344 123 1404 tre
142 1337 174 1403 in
196 1339 397 1422 adoptionem
419 1346 496 1406 snut
516 1341 592 1408 dati.
636 1359 706 1408 cum
733 1343 817 1408 enim
845 1341 1011 1409 nonnullos
1039 1342 1198 1411 inuenerit

80 1473 171 1537 cuens,
193 1473 276 1538 qnos
298 1460 413 1526 etiam
436 1459 662 1540 attulimus,iu
690 1461 805 1546 quibua
827 1458 884 1527 fiiri
914 1467 946 1528 et
969 1463 1122 1530 naturalis
1143 1481 1198 1545 pa·

80 1575 169 1642 reads
184 1577 413 1646 successionem
429 1599 485 1664 per
499 1579 697 1660 adoptionem
712 1582 902 1660 amitterent,
919 1589 951 1648 et
965 1581 1132 1665 adoptione
1153 1581 1199 1649 la·
1217 1585 1249 1638 1⁰

80 1695 131 1764 tile
151 1717 208 1781 per
231 1697 511 1783 emancipationem
540 1699 645 1767 soluta
674 1701 715 1766 ad
742 1701 886 1768 neutrius
913 1701 1014 1785 patris
1031 1701 1199 1770 successio·

79 1828 365 1898 condonarentur,
388 1818 480 1886 solito
503 1837 589 1886 more
610 1818 742 1888 ethaeo
764 1821 805 1886 ud
821 1820 951 1888 meliora
966 1821 1105 1896 uehens
1126 1839 1200 1888 oon·

80 1938 279 2016 stitutionem,
301 1947 338 2004 nt
360 1937 478 2006 dictum
501 1946 559 2018 est,
581 1940 719 2021 scripsit,
741 1958 798 2020 pec
812 1959 905 2023 quam
922 1939 1052 2017 definiit,
1074 1939 1199 2024 qnando

78 2077 182 2139 pareus
205 2056 361 2124 naturalis
382 2057 481 2124 filium
503 2075 595 2125 sunm
617 2059 830 2142 adoptandum
854 2059 907 2126 alii
920 2059 1053 2140 dederit,
1076 2061 1199 2144 integra

80 2177 175 2242 onnia
195 2178 269 2244 iura
295 2180 324 2244 ei
353 2195 481 2245 manere
509 2197 621 2246 uersas
653 2178 829 2246 naturalem
860 2184 999 2262 patrem,
1029 2194 1131 2261 neque
1160 2197 1198 2246 ea
1218 2196 1248 2248 rc

79 2296 139 2364 eius
159 2297 248 2364 exire
270 2297 389 2364 familia
408 2297 539 2382 perinde
561 2316 598 2365 uc
619 2300 646 2364 si
668 2271 797 2383 prorsus
819 2299 988 2383 adoptatus
1010 2317 1072 2366 non
1092 2297 1196 2365 luerit.

79 2416 105 2482 in
125 2417 183 2484 hoe
205 2423 315 2484 autem
339 2419 556 2487 tantummodo
578 2438 654 2486 casu
677 2419 805 2486 uidetur
826 2418 943 2500 aliquid
966 2419 1082 2487 habero
1104 2417 1199 2498 adop·

79 2538 131 2616 tio,
160 2545 197 2604 ut
217 2540 322 2622 possit
343 2538 477 2606 liberum
499 2539 540 2604 ab
569 2538 719 2607 intesmto
745 2540 785 2606 ad
812 2541 897 2626 patri
917 2538 1076 2622 adoptiui,
1105 2555 1199 2620 quam

79 2665 199 2738 meant,
237 2661 467 2726 samsonem
495 2659 613 2726 unua
663 2677 736 2726 nan
767 2665 956 2726 mammeam
982 2659 1023 2725 ab
1047 2677 1089 2725 eo
1113 2657 1199 2724 lacto

80 2796 173 2861 neque
193 2779 267 2846 iure
285 2776 370 2845 erun
391 2795 449 2845 nec
478 2795 539 2860 per
562 2783 739 2862 praeterera
766 2777 885 2862 aliquid
910 2795 951 2844 ex
979 2777 1047 2844 eius
1075 2774 1198 2844 hered—
1215 2797 1250 2849 ao

79 2903 138 2964 tate
158 2900 308 2983 persequi
329 2903 444 2981 potest,
466 2917 524 2966 nec
546 2905 656 2966 contra
676 2899 801 2965 tabulas
828 2897 1055 2981 possessionem
1077 2901 1197 2979 petens,

79 3035 173 3099 neque
200 3015 369 3085 inofficiosi
397 3005 567 3104 querellam
596 3017 780 3098 instituens,
809 3035 879 3084 cnm
906 3013 993 3082 nulla
1026 3017 1198 3082 necessitas

80 3139 153 3219 patri
175 3140 328 3223 adoptiuo
351 3140 530 3224 imponatur
553 3141 604 3207 uel
624 3138 772 3207 heredem
794 3157 865 3207 eum
887 3139 1053 3206 instituere
1075 3137 1125 3204 uel
1147 3157 1199 3204 ex-

81 3257 259 3326 heredatum
285 3257 407 3342 lacere,
435 3266 545 3343 utpote
573 3261 660 3328 nullo
689 3257 827 3327 saccali
853 3259 981 3328 uinculo
1006 3255 1199 3341 copulatum.

82 3377 171 3446 immo
193 3379 299 3448 dican
320 3379 349 3448 si
371 3397 409 3447 aa
430 3379 870 3450 adrianossastuaoomulto
885 3397 956 3446 »ex
977 3378 1109 3444 tribus
1130 3392 1197 3442 ma·
1216 3394 1252 3446 nc

83 3497 212 3567 ribus«
244 3499 326 3568 forte
355 3520 427 3569 enm
455 3499 670 3584 adoptanerit,
698 3518 800 3584 neque
828 3499 860 3566 in
887 3497 1038 3566 eiusmodi
1065 3513 1141 3564 casu
1170 3495 1199 3560 ei

129 4219 232 4274 Taeops-
245 4221 358 4265 Antaeo·
370 4233 415 4266 m
427 4219 518 4264 rerunt
