2898 4712
517 391 554 402 ·-
602 355 749 418 25⁸2-

82 542 164 624 llqnit
186 543 280 608 etiam
303 541 541 608 fideicommissa
563 551 595 608 et
616 542 721 624 legata
749 541 936 624 quibusdum
968 539 1146 604 nominatim
1175 557 1194 604 a

81 681 130 726 suc
150 659 227 725 filia.
272 669 345 743 post
376 681 452 727 uero
474 661 602 728 Lentuli
625 669 755 728 mortem
785 667 974 726 testamento
1003 659 1139 740 perlecto
1162 666 1194 724 et

80 779 222 846 codicillis
242 780 355 859 allatis,
378 780 470 846 diuus
499 785 660 862 Augustus
684 799 721 846 cx
748 799 807 846 sua
836 797 969 862 persona
992 777 1117 844 Lentuli
1140 798 1194 844 uo·

80 900 224 966 luntutem
246 898 430 981 adimpleuit
451 901 609 982 ceterique
635 900 765 965 heredes
789 897 923 980 Augusti
950 897 1123 980 exemplum
1146 917 1194 964 se·

80 1022 136 1084 cuti
157 1018 395 1085 fideicommissa
415 1026 664 1103 praestauerunt.
710 1028 742 1086 et
764 1019 888 1084 Lentuli
910 1017 974 1084 filio
994 1017 1098 1100 legata
1119 1037 1139 1084 o
1160 1036 1194 1084 se
1228 1023 1245 1073 ὅ

80 1141 254 1207 nominatim
278 1139 389 1206 relicto
411 1140 561 1222 personis,
583 1157 664 1222 quae
686 1157 723 1204 ea
745 1157 855 1221 capere
884 1156 944 1203 non
974 1146 1117 1220 possent,
1145 1155 1194 1202 so

82 1259 141 1324 luit
186 1278 267 1340 quae
289 1277 359 1324 cum
381 1260 426 1324 ita
449 1258 619 1324 subsecuta
641 1263 755 1334 essent,
779 1257 895 1322 dicitur
916 1259 1008 1322 diuus
1032 1261 1193 1339 angustus

82 1397 261 1446 conuocnsse
291 1380 477 1458 prudentes,
511 1380 596 1443 inter
621 1397 699 1460 quos
727 1377 906 1444 Trebatium
934 1395 1072 1460 quoqne,
1104 1376 1193 1441 cuius

82 1508 147 1567 tnnc
176 1499 326 1582 temporis
353 1499 524 1565 auctoritas
554 1500 584 1564 in
613 1498 691 1564 iuris
720 1500 850 1564 scientia
884 1497 1018 1562 maxima
1046 1503 1128 1570 erut,
1162 1503 1194 1560 et

83 1623 242 1703 quaesisse,
265 1622 303 1685 iis
327 1621 553 1702 praesentibus,
577 1637 615 1683 an
639 1637 714 1682 usus
742 1616 951 1684 codicillorum
981 1617 1077 1700 recipi
1106 1635 1193 1698 opor·
1214 1627 1245 1678 10

83 1748 286 1821 luctusque
309 1758 328 1805 a
349 1738 426 1805 iuris
450 1739 569 1802 ratione
592 1737 747 1802 obsonaus
770 1745 860 1802 esset.
896 1755 965 1804 cum
988 1736 1065 1802 haec
1088 1739 1193 1816 Augu·

84 1867 143 1924 stus
164 1860 355 1942 quaesisset,
385 1860 500 1926 dicitur
522 1860 689 1926 Trebatius
713 1864 854 1940 Augusto
881 1861 1019 1924 suasisse
1042 1859 1192 1940 optimum

86 1987 168 2061 atque
189 1979 398 2046 necessarium
429 1981 577 2045 Romanis
607 1979 818 2045 codicillorum
848 1995 937 2044 usum
966 1997 1036 2045 esse
1067 1987 1193 2061 propter

88 2117 202 2180 magnes
224 2117 262 2165 ac
283 2074 393 2182 longas
415 2101 691 2182 peregrinationes,
714 2118 794 2180 quae
816 2101 899 2180 apud
922 2107 1046 2165 ueteres
1069 2099 1192 2164 oberro·

87 2219 186 2283 rientia
207 2219 345 2298 undique
368 2218 449 2285 bella
471 2217 650 2300 trequentes
676 2226 783 2297 erant3
813 2226 849 2282 ut
876 2219 902 2282 si
929 2219 999 2299 quis
1027 2225 1193 2283 testamen·
1215 2231 1244 2282 no

88 2343 143 2402 turn
164 2337 265 2404 iacere
288 2358 348 2404 nnn
371 2347 486 2420 posset,
510 2357 579 2404 cum
603 2357 710 2402 eorum
735 2337 823 2420 copia
845 2357 904 2402 non
922 2345 1034 2416 essent,
1057 2355 1137 2418 quae
1153 2339 1190 2402 ad

90 2458 137 2522 hoo
164 2459 337 2525 necessaria
365 2460 442 2535 siut,
476 2457 634 2524 codicillos
668 2458 793 2524 iaceret.
845 2467 916 2540 post
945 2475 1025 2537 quae
1054 2466 1195 2538 tempora

90 2595 147 2642 cum
178 2582 208 2642 et
241 2577 347 2644 Labeo
369 2576 610 2642 iurisconsultus
639 2576 796 2642 codicillos
820 2577 959 2654 iecisset,
988 2578 1049 2640 iam
1079 2577 1192 2642 nemini

60 2702 78 2751 l·
92 2697 203 2763 dubium
224 2707 302 2774 erat,
324 2697 400 2780 quin
422 2697 556 2764 codicilli
579 2698 694 2778 optimo
717 2699 786 2762 iure
801 2697 1051 2762 admitterentur.
1076 2700 1102 2759 l.
1123 2696 1192 2761 Non

94 2823 195 2881 tantum
218 2836 295 2883 uero
318 2823 505 2883 testamento
529 2816 610 2883 iacto
633 2824 738 2896 potest
764 2819 834 2897 quis
864 2817 1021 2883 codicillos
1044 2817 1191 2893 scribere,
1211 2820 1245 2870 2⁰

94 2941 132 3000 set
150 2936 237 3002 etiem
260 2941 427 3003 intestatus
450 2936 603 3002 decedens
625 2935 893 3004 fideicommittere
908 2938 1057 3004 codicillis
1079 2942 1191 3018 potest.
