2926 4708
550 386 782 450 -204..

109 590 183 640 uero
207 590 277 639 curn
293 548 479 640 vobstinendi
501 571 687 640 heneficium
708 573 899 653 inuenisset,
921 574 952 640 ei
974 573 1146 641 creditores
1167 591 1232 642 mo

108 691 204 756 leutos
227 708 296 757 esse
318 709 381 756 nou
403 691 488 756 sinit.
533 699 566 758 et
587 691 619 758 iu
641 691 728 758 hisce
749 690 877 776 quidem
904 691 1081 760 differentia
1106 699 1171 767 est;
1199 695 1232 759 in

109 829 142 876 eo
162 815 273 876 autem
296 809 477 888 similitudo,
500 809 584 890 quod
608 809 677 877 siue
699 811 896 877 necessarius
917 810 1009 877 heres
1031 821 1101 877 sese
1116 810 1233 878 immis-

109 929 217 1008 merit,
241 929 310 996 siue
332 937 499 998 extraneus
528 931 657 1006 adierit,
686 949 747 996 non
776 935 926 1014 poterunt
951 930 1084 1012 amplius
1111 932 1235 998 heredi·

109 1031 170 1114 tate
193 1066 230 1116 se
253 1049 421 1131 abstinere,
444 1051 503 1116 nisi
526 1051 613 1118 XXV
635 1050 727 1116 anuis
748 1050 884 1116 minores
907 1047 1034 1116 luerint
1063 1051 1235 1118 minorihus
1267 1055 1285 1106 ὃ

110 1168 189 1234 enim
212 1169 297 1236 sicut
319 1170 351 1236 in
373 1170 487 1237 ceteris
510 1171 613 1238 causis
636 1172 784 1252 deceptis,
807 1172 853 1238 ita
876 1177 909 1238 et
930 1188 1001 1246 cum
1016 1177 1135 1238 temere
1149 1171 1234 1237 dam·

109 1305 215 1353 msam
239 1289 436 1372 susceperint
458 1289 666 1357 hereditatem
688 1297 817 1373 praetor
838 1291 1004 1368 succurrit,
1026 1306 1080 1356 eos
1101 1288 1133 1354 iu
1156 1291 1235 1354 inte-

73 1415 94 1467 o.
110 1423 199 1488 grum
222 1407 434 1488 restituendo,
457 1417 493 1474 ut
521 1406 696 1475 hereditate
723 1409 882 1475 abstinere
912 1407 1043 1489 possint.
1088 1408 1118 1471 6.
1152 1407 1234 1487 Quid

110 1533 213 1592 antem
237 1525 360 1608 siquis
382 1527 483 1594 meior
504 1529 591 1596 XXV
615 1530 703 1596 annis
726 1531 878 1596 soluendo
902 1528 1040 1596 defuncti
1062 1530 1145 1596 bonu
1165 1547 1235 1595 esse

110 1652 234 1727 putans,
258 1646 382 1727 adierit,
404 1645 552 1729 deinceps
574 1667 651 1715 uero
673 1667 727 1714 aes
748 1649 884 1714 alienum
905 1648 1077 1730 improuiso
1100 1665 1234 1715 emerse-
1254 1656 1288 1708 ιο

110 1767 193 1846 serit,
217 1765 305 1846 quod
325 1766 417 1848 longe
439 1767 645 1835 hereditatem
672 1771 860 1852 superaret?
886 1770 952 1837 lata
973 1777 1022 1839 est
1051 1772 1234 1839 constitutio

111 1883 174 1950 diui
196 1883 360 1965 Hadriani,
383 1905 465 1968 qnae
487 1887 559 1955 huic
581 1890 744 1968 succurrit,
766 1889 797 1955 si
823 1891 915 1959 modo
942 1891 1047 1974 prima
1073 1889 1152 1958 lucie
1173 1888 1236 1956 sol·

112 2005 212 2070 ueudo
234 2003 395 2072 heredites
418 2007 486 2072 uisa
507 2007 611 2086 luerit,
635 2008 805 2090 improuiso
827 2014 934 2076 autem
951 2015 1063 2092 postes
1084 2027 1138 2076 aes
1159 2008 1235 2075 alie·

114 2141 184 2188 num
206 2123 382 2205 emerserit,
404 2126 488 2208 quud
510 2126 657 2192 editionis
679 2135 820 2210 tempore
843 2128 996 2194 latuisset.
1031 2134 1081 2194 set
1102 2127 1233 2193 Hadriu·

114 2259 170 2308 nus
196 2241 324 2326 quidem
351 2243 480 2325 speciali
508 2244 658 2312 beneficio
686 2253 791 2314 certae
820 2265 974 2328 personae
1000 2247 1082 2312 hanc
1110 2244 1288 2311 ueniamus

113 2365 282 2443 concessit,
306 2365 398 2430 diuus
422 2373 527 2431 autem
550 2365 729 2432 Gordianus
751 2373 864 2448 postea
892 2366 933 2432 ad
961 2363 1076 2431 milites
1099 2369 1235 2430 tautum·

113 2484 202 2550 modo
224 2483 405 2551 huiusmodi
435 2485 619 2552 beneficium
650 2486 800 2552 extendit.
851 2485 1000 2568 principis
1029 2501 1105 2550 uero
1136 2485 1236 2549 nostri

112 2601 326 2669 beniuolentia
347 2621 510 2670 commune
532 2605 675 2672 omnihus
703 2605 835 2700 imperio
864 2622 921 2670 suo
948 2603 1099 2670 subiectis
1122 2599 1235 2670 benefi-

114 2722 194 2786 cium
227 2723 403 2804 praestitit3
431 2721 687 2789 constitutionem
716 2725 797 2789 euim
831 2721 966 2788 nobilem
995 2726 1091 2803 atque
1112 2718 1237 2800 aequis·

113 2842 222 2907 simam
245 2844 360 2923 posuit,
382 2848 418 2907 ut
439 2842 650 2909 inuentarium
679 2851 753 2910 ante
779 2843 949 2908 aditionem
971 2840 1027 2905 liat
1048 2857 1120 2906 oum
1142 2839 1236 2906 certis
1255 2851 1289 2904 no

114 2959 301 3042 quibusdam
324 2959 608 3036 obseruationibus,
631 2963 720 3029 euius
742 2969 884 3028 tenorem
907 2962 933 3026 si
956 2959 1026 3042 quis
1048 2959 1237 3024 obseruand-

113 3080 169 3157 rit‚
205 3079 277 3147 lieet
313 3081 496 3146 obaeratam
534 3082 740 3147 hereditatem
770 3080 898 3159 adierit,
936 3081 966 3146 in
1001 3084 1122 3144 tautum
1149 3077 1238 3142 dum·

113 3207 201 3264 meat
223 3200 389 3280 tenebitur,
412 3201 443 3266 iu
465 3207 618 3281 quantum
640 3200 746 3267 uelere
768 3199 954 3266 hereditatis
982 3198 1064 3264 bona
1086 3196 1238 3278 contingit

114 3324 145 3384 et
164 3319 237 3385 ideo
259 3335 361 3400 neque
384 3318 609 3386 deliberatione
636 3337 714 3401 opus
745 3325 802 3384 est.
854 3316 1048 3383 deliberandi
1078 3313 1159 3381 euim
1187 3315 1237 3378 ius

114 3438 183 3504 ideo
206 3438 418 3504 introductum
442 3445 499 3518 est„
530 3444 565 3503 ut
587 3444 735 3503 cernetur
764 3457 803 3502 un
833 3435 979 3518 optabilis
1008 3433 1168 3500 hereditas
1196 3432 1238 3498 sit
1255 3461 1288 3512 25

114 3565 145 3624 et
171 3559 221 3624 sie
247 3558 328 3624 eniri
356 3556 472 3640 possit,
507 3576 545 3624 ne
575 3557 646 3636 quis
674 3563 791 3622 temere
817 3555 998 3620 damnosam
1032 3551 1238 3620 hereditatem

114 3675 274 3759 suscipiat
319 3676 370 3742 siu
393 3683 498 3742 autem
520 3675 767 3742 sacratissimam
789 3674 938 3756 principis
968 3673 1066 3738 nostri
1089 3670 1239 3736 coustitu-
