2876 4712
520 361 562 375 -
607 327 673 407 ἓίίὃΙ
714 363 756 378 ·-

91 515 186 582 tensi
208 531 283 582 uero
305 513 371 580 filia
385 514 536 580 moriatur
549 512 646 580 filium
662 513 843 597 relinquens
859 523 1053 602 nepotesque
1075 537 1113 583 er
1135 515 1198 584 filio

90 635 181 702 fiiaue
194 635 414 718 praemortuis,
430 633 507 699 item
524 641 652 716 nepotes
665 638 821 718 quotquot
832 636 958 702 demum
968 637 1031 703 siut
1043 636 1198 718 quadrun-

90 763 144 822 tem
157 755 317 836 accipient
342 761 374 820 et
389 753 511 820 sicut-si
527 755 578 818 uir
593 753 747 819 moriatur
761 752 859 819 tilium
875 755 1001 836 quidem
1017 753 1136 822 nullum
1152 756 1199 822 ui·

90 894 157 941 unm
174 874 363 957 reiinquens,
386 893 425 940 ex
446 874 654 957 praemortuis
677 891 753 940 nero
775 883 904 955 nepotes
927 875 1045 940 diuersi
1067 875 1198 955 numeri,

86 991 224 1060 moltero
235 993 359 1078 quidem
372 1012 467 1058 unum
479 994 531 1060 uel
542 993 629 1074 duos,
647 1013 684 1060 ex
699 993 798 1060 altero
814 1001 879 1061 tres
894 994 947 1060 nel
961 1003 1122 1079 quattuor,
1136 1016 1197 1062 uon
1233 1005 1251 1056 o

84 1113 291 1195 incepisset
310 1115 342 1180 in
365 1114 495 1197 stirpem
517 1115 630 1180 diuisio
645 1113 690 1194 fit,
713 1121 808 1198 atque
831 1135 911 1182 unus
935 1115 984 1182 uel
1007 1119 1069 1182 duo
1092 1117 1199 1184 semis·

85 1253 145 1299 sem
165 1241 383 1312 consonamus,
407 1243 472 1303 tres
487 1235 539 1301 uel
558 1241 710 1316 quattuor
721 1235 857 1300 alterum
871 1236 1044 1314 semissem,
1065 1235 1109 1302 ita
1124 1254 1198 1317 que

84 1354 418 1434 caesenatensis
444 1355 496 1420 uir
524 1363 653 1437 nepotes
684 1354 862 1436 retinemus
890 1375 929 1421 er
957 1353 1081 1420 fliiabus
1110 1373 1199 1439 prse-
1261 1333 1264 1339 ¹

86 1474 220 1553 mortuis,
242 1475 294 1542 uel
316 1476 342 1540 si
364 1475 478 1540 ieminn
499 1483 623 1540 mortua
644 1475 686 1540 sit
708 1483 838 1557 nepotes
863 1475 1044 1557 reiinqnens
1066 1493 1105 1540 ex
1126 1474 1198 1541 filiis

86 1591 241 1660 itisbusue
268 1595 477 1676 praemortuis
506 1593 623 1660 diuersi
653 1595 788 1673 numeri,
825 1594 922 1660 ueluti
952 1613 989 1659 ex
1017 1612 1081 1659 unu
1109 1602 1199 1677 parte
1220 1597 1252 1650 1⁰

85 1733 172 1779 mum
195 1715 246 1780 uei
269 1716 357 1791 duos,
380 1713 540 1780 exaltem
562 1734 638 1781 uero
661 1723 725 1780 tres
749 1715 799 1780 uel
826 1723 989 1797 quattuor,
1012 1714 1045 1780 in
1068 1713 1198 1796 stirpem

87 1832 237 1900 diuidetur
258 1834 426 1912 hereditas,
450 1841 545 1915 atque
567 1853 647 1900 uuus
671 1835 721 1900 uel
744 1835 807 1900 duo
837 1835 997 1901 semissem
1027 1834 1200 1916 adipiscen-

86 1965 150 2038 tur,
180 1967 247 2025 tres
275 1959 327 2025 uel
347 1966 497 2040 quattuor
517 1960 652 2026 atterum
673 1959 844 2026 semissem.
886 1977 957 2026 cum
984 1977 1061 2024 uero
1086 1954 1200 2021 femina

85 2086 204 2146 nmina
223 2080 275 2158 sit,
296 2085 488 2162 nepotesque
510 2086 619 2145 contra
640 2087 771 2160 nepotes
792 2085 924 2155 certent,
946 2095 1008 2144 uon
1030 2095 1109 2144 uero
1129 2095 1199 2142 eon·

85 2203 130 2264 ua
149 2199 321 2266 auunculus
342 2199 393 2265 uel
408 2207 602 2278 materteras,
625 2205 692 2264 tnm
714 2205 933 2281 praemortuae
954 2213 1106 2280 personae
1128 2213 1199 2278 par-
1220 2195 1250 2247 ¹⁶

85 2323 142 2384 tem
170 2319 325 2402 integram
347 2319 510 2400 accipient,
534 2317 647 2383 tertiae
669 2317 768 2398 partis
791 2315 1001 2382 deminutione
1023 2333 1084 2381 non
1106 2315 1198 2381 iactu.
1242 2305 1246 2314 “
