2864 4736
543 420 784 484 -421-

102 593 210 678 specie
239 593 343 658 locum
372 593 476 657 habet.
528 613 641 658 aureos
666 595 691 658 G
715 615 735 658 a
757 613 822 670 me¹
836 599 959 657 mutuos
991 592 1156 675 accepisti,
1185 611 1223 656 ao

101 717 219 782 dedisti
241 717 316 781 mibi
344 717 498 798 quasdam
522 737 573 782 res
597 718 667 783 loco
693 719 846 802 pigneris,
876 725 931 784 aut
959 719 1054 782 etiam
1077 737 1129 782 res
1152 725 1223 782 tuas

101 843 302 926 hypothecae
337 841 405 905 iure
445 841 595 924 obligasti
631 842 755 908 dicens:
792 843 908 908 ‘illam
940 849 976 907 et
1006 842 1113 906 illam
1149 862 1223 906 rem

101 967 214 1031 huius
238 966 361 1031 debiti
383 966 531 1030 nomine
555 965 592 1030 in
614 967 855 1051 hypothecae
885 987 1035 1032 causam
1063 967 1134 1031 tibi
1162 967 1223 1032 ob·

101 1093 203 1174 ligo’.
262 1091 290 1155 si
328 1091 360 1155 iu
396 1090 501 1155 debito
536 1090 687 1156 soluendo
722 1091 915 1172 cessaueris,
955 1099 1065 1156 contra
1100 1111 1223 1156 omnem
1260 1105 1277 1158 5

101 1235 320 1299 possessorem
335 1235 449 1296 rerum,
475 1234 553 1295 quas
570 1216 646 1280 mihi
661 1216 801 1299 pigneris
817 1217 869 1280 uel
884 1216 1082 1300 hypothecae
1098 1215 1223 1280 nominc

102 1341 269 1423 obligasti,
303 1345 388 1404 recte
412 1338 503 1420 quasi
527 1341 676 1404 seruiana
703 1326 826 1405 actione
855 1349 939 1421 utar,
976 1359 1094 1420 easque
1117 1358 1223 1422 perse·

101 1484 194 1546 quar,
218 1463 280 1528 nisi
302 1463 378 1527 mihi
401 1463 541 1527 debitum
565 1463 700 1529 solutum
723 1466 772 1529 sit.
818 1465 898 1528 inter
925 1463 1039 1546 pignus
1063 1469 1168 1527 autem
1192 1470 1224 1527 et

100 1589 329 1673 hypothecam,
366 1595 515 1668 quantum
549 1588 590 1651 ad
621 1590 777 1653 actionem
806 1588 896 1669 quasi
929 1587 1107 1652 seruiauam
1136 1607 1223 1652 exer·

100 1712 251 1792 cendam,
281 1711 359 1775 nihil
382 1712 525 1792 interest;
555 1712 623 1776 siue
651 1712 733 1775 euim
757 1712 897 1795 pigneris
920 1712 1006 1793 loco,
1035 1712 1102 1775 siue
1126 1711 1278 1794 hypo-10

99 1837 217 1902 thecae
241 1856 291 1901 res
315 1843 386 1900 tuas
409 1843 442 1898 tu
466 1835 590 1900 debitor
613 1842 742 1919 propter
764 1836 807 1916 id,
832 1836 914 1916 quod
931 1842 1036 1900 mutuo
1053 1835 1222 1919 sumpsisti,

101 1960 312 2042 obligaueris,
348 1966 433 2024 recte
469 1962 559 2041 quasi
598 1961 747 2025 semiana
784 1961 939 2043 experiar.
996 1967 1044 2025 set
1080 1961 1114 2024 in
1151 1959 1223 2023 aliis

101 2083 283 2148 differentia
306 2090 363 2148 est.
397 2084 533 2166 pignus
558 2085 640 2149 enim
664 2085 696 2148 id
719 2085 844 2169 proprie
869 2084 991 2164 dicitur,
1017 2084 1102 2166 quod
1125 2083 1224 2148 credi·

101 2209 165 2272 tori
193 2207 341 2287 traditur,
374 2208 510 2272 maxime
539 2207 566 2272 si
593 2229 644 2272 res
673 2209 798 2273 mobilis
833 2209 889 2290 sit;
926 2209 1010 2289 quod
1046 2227 1120 2272 uero
1155 2207 1223 2271 sine

101 2331 274 2396 traditione
298 2330 384 2396 unda
400 2332 606 2396 conuentione
623 2331 791 2414 obligatur,
816 2332 849 2395 id
867 2331 992 2415 proprie
1009 2331 1224 2414 hypotheca
1245 2343 1278 2396 15

64 2463 245 2521 saccatur.
293 2459 321 2522 8.
342 2456 414 2520 Non
437 2445 538 2520 solhm
561 2456 594 2520 iu
617 2475 693 2537 rem,
718 2456 763 2520 uti
787 2456 903 2521 dictum
927 2462 984 2537 est,
1009 2462 1057 2520 set
1073 2456 1168 2520 etiam
1191 2455 1224 2520 in

101 2600 275 2664 personam
296 2581 437 2644 actiones
459 2586 586 2662 praetor
601 2580 775 2663 proposuit,
792 2580 890 2644 ueluti
905 2580 944 2644 de
961 2580 1095 2662 pecunia
1110 2580 1225 2645 consti·

100 2711 183 2770 tuta.
228 2704 307 2768 haec
332 2705 414 2767 enim
438 2711 566 2769 nonest
589 2704 705 2784 ciuilis3
731 2705 895 2786 locumque
913 2704 1008 2768 habet
1023 2704 1055 2768 in
1071 2704 1226 2768 eiusmodi

102 2849 193 2893 casu.
228 2827 261 2891 C.
278 2847 391 2892 aureos
415 2828 490 2892 mihi
507 2827 662 2910 dehebas;
689 2828 815 2894 obuiam
831 2829 888 2892 tibi
904 2828 977 2893 ueni
998 2848 1053 2892 eos
1069 2835 1225 2911 repetens.

101 2973 177 3017 cum
201 2953 246 3017 ita
274 2958 455 3035 peterentur
483 2958 514 3016 et
542 2953 641 3016 uelles
670 2960 855 3036 praesentes
884 2953 1045 3036 augustias
1074 2953 1224 3034 effugere,
1245 2965 1279 3016 20

100 3076 266 3162 pollicitus
290 3096 324 3140 es
349 3076 470 3140 decimo
494 3077 611 3141 mensis
635 3076 686 3141 die
710 3097 766 3141 eos
789 3085 819 3141 te
844 3077 1025 3141 soluturum.
1063 3097 1133 3141 cmn
1157 3076 1225 3140 dies

101 3201 170 3265 iam
188 3199 316 3283 elapsus
332 3207 426 3281 esset,
451 3202 633 3284 repetebam
650 3223 670 3264 a
685 3206 726 3282 te,
745 3201 799 3282 qui
814 3201 972 3266 actionum
987 3200 1065 3264 fines
1081 3199 1225 3283 suptilius

102 3331 241 3408 captans
264 3324 445 3389 nullomodo
461 3331 492 3388 te
516 3325 617 3389 teneri
633 3326 753 3391 aiebas.
785 3325 947 3390 nonenim
963 3324 1124 3407 stipulatio
1139 3324 1226 3388 facta

101 3449 220 3528 fuerat,
241 3455 274 3512 ut
290 3468 330 3512 ex
345 3448 497 3531 stipulatu
513 3455 616 3512 tecum
632 3449 687 3531 agi
703 3455 819 3533 posset,
842 3469 945 3529 neque
961 3447 1142 3511 mandatum
1158 3453 1227 3511 erat

102 3574 308 3638 subsecutum
330 3579 365 3637 ut
387 3572 530 3637 mandati
552 3574 634 3638 actio
658 3579 858 3656 competeret.
892 3581 978 3636 tuam
994 3571 1090 3655 igitur
1112 3572 1226 3654 impro·
1245 3581 1279 3634 25

102 3696 239 3762 bitatem
263 3703 391 3780 praetor
414 3697 596 3780 respiciens,
620 3717 702 3780 quae
726 3697 787 3762 tuis
810 3697 910 3780 ipsius
933 3695 1096 3781 promissis
1116 3695 1226 3760 aduer-

103 3827 242 3901 saretur,
270 3820 456 3905 pecuniae
485 3821 714 3886 constitutae
750 3821 906 3886 actionem
934 3819 1106 3904 proposuit.
1159 3825 1227 3884 erat

105 3945 184 4009 clim
215 3944 287 4009 huic
317 3946 470 4028 pecuniae
501 3946 690 4011 constitutae
720 3945 838 4010 actioni
864 3945 1075 4029 recepticia
1103 3963 1226 4025 quoque
