2884 4728
537 362 578 370 -
626 328 777 391 405—

103 522 175 567 nero
200 522 341 585 corpore,
366 501 450 566 utilis
474 502 554 584 legis
571 503 708 583 aquiliae
726 501 808 565 actio
833 501 932 564 datur.
964 501 1075 565 ueluti:
1100 501 1213 583 siquis

101 647 224 691 seruum
260 647 362 690 meum
397 646 534 709 peensne
568 647 671 690 meum
699 626 819 690 tamdiu
853 626 1026 702 incluserit,
1062 633 1095 689 nt
1129 627 1213 689 fame

100 758 280 832 necaretur,
311 759 366 815 aut
394 752 562 815 iumentum
591 770 693 815 meum
722 756 785 814 tam
814 751 1014 814 uehementer
1036 751 1152 832 egerit,
1181 757 1214 813 nt

99 877 219 940 itineris
243 877 383 941 laborem
407 896 470 970 non
493 875 589 939 ferret
612 896 649 939 ac
672 882 877 958 rumperetur,
902 883 956 938 ant
979 875 1006 938 si
1029 874 1098 954 quis
1123 895 1213 938 ouem

99 1022 202 1064 meam
225 1001 277 1065 nel
302 1003 414 1064 bouem
438 1020 541 1064 meum
565 1000 738 1064 intantum
763 999 980 1081 exagitauerit,
1003 1007 1037 1063 ut
1061 1019 1214 1082 praeceps
1251 1015 1266 1065 5

98 1126 224 1207 fugeret
247 1131 341 1206 atque
365 1124 483 1207 periret
506 1125 557 1188 nel
581 1124 767 1204 laederetur,
792 1131 847 1187 aut
862 1144 987 1188 sernum
1010 1123 1157 1204 alienum,
1181 1129 1215 1186 ut

98 1249 130 1312 in
153 1251 299 1314 arborem
323 1249 517 1330 ascenderet,
541 1249 735 1332 persuaserit
758 1249 807 1312 uel
830 1256 864 1312 ut
887 1249 919 1312 in
942 1255 1068 1331 puteum
1085 1248 1213 1313 descen·

98 1373 198 1452 deret,
223 1375 321 1456 probe
339 1374 441 1437 sciens
458 1374 668 1456 periculosum
685 1393 848 1438 ascensum
865 1373 916 1436 uel
932 1373 1116 1437 descensum
1133 1393 1213 1454 esse,

98 1504 130 1562 et
157 1517 269 1562 seruus
298 1497 498 1562 ascendendo
526 1498 578 1560 uel
608 1497 826 1561 descendendo
855 1497 962 1579 lapsus
991 1503 1045 1560 ant
1074 1503 1213 1560 mortuns

97 1623 137 1687 sit
166 1630 222 1686 aut
251 1629 335 1686 certe
364 1623 471 1702 aliqua
499 1627 589 1705 parte
618 1622 759 1704 corporis
786 1622 900 1685 laesus.
951 1620 1025 1702 quid
1053 1627 1158 1685 antem
1187 1621 1214 1685 si
1235 1638 1268 1688 10

98 1747 167 1828 quis
195 1767 320 1810 sernum
344 1747 481 1810 alienum
505 1746 543 1810 de
573 1755 667 1828 ponte
692 1752 746 1811 aut
769 1747 839 1829 ripa
862 1746 1030 1810 indumen
1054 1745 1213 1824 deiecerit,

97 1872 188 1951 isque
214 1891 298 1951 aqua
321 1871 484 1934 immersus
510 1871 679 1935 suffocatus
704 1871 764 1934 sit‘?
798 1871 947 1934 directam
972 1871 1052 1952 legis
1075 1871 1214 1951 aquiliae

98 1995 257 2060 actionem
280 1994 349 2058 dari
373 2000 505 2077 oportet,
530 2016 602 2058 nam
627 1995 679 2075 qni
703 2015 827 2059 seruum
850 1995 981 2077 proiecit
1004 2015 1060 2058 suo
1082 2014 1214 2077 corpore

99 2141 167 2183 eum
193 2119 328 2183 necanit.
367 2126 415 2182 set
431 2120 458 2183 si
474 2139 536 2182 uon
561 2139 692 2202 corpore
709 2120 778 2199 quis
794 2119 939 2183 damnum
957 2119 1087 2200 dederit,
1112 2139 1214 2199 neque

98 2264 213 2328 corpus
230 2245 352 2307 laesum
368 2245 470 2324 fuerit,
497 2245 641 2308 damnum
660 2252 763 2308 autem
785 2244 911 2325 aliquod
931 2245 1120 2325 factumest,
1144 2265 1213 2306 cum
1234 2259 1266 2310 15

98 2389 159 2433 non
184 2369 322 2433 sufficiat
345 2368 463 2433 directa
487 2370 579 2450 actio,
606 2370 679 2449 quia
703 2388 765 2432 non
789 2388 920 2450 corpore
938 2369 1083 2432 damnum
1108 2368 1214 2431 datum

99 2501 155 2572 est,
180 2513 284 2573 neque
309 2493 407 2572 stilic,
433 2493 507 2574 quia
530 2513 588 2556 nec
613 2513 726 2575 corpus
750 2494 870 2556 laesum
893 2494 965 2572 fuit,
991 2493 1110 2574 placuit
1133 2513 1212 2572 eum,

99 2619 151 2697 qui
190 2618 338 2680 damnum
375 2617 509 2694 dederit,
546 2619 669 2682 actione
698 2618 730 2680 in
758 2617 875 2680 laetum
903 2617 1011 2681 teneri.
1062 2616 1159 2681 ueluti
1188 2617 1215 2679 si

98 2761 226 2805 seruum
262 2761 362 2804 meum
399 2749 506 2822 utpote
547 2742 629 2805 male
666 2749 823 2806 uersatum
859 2743 890 2804 in
924 2742 1050 2806 uinculo
1083 2741 1213 2820 conieci,

98 2874 129 2929 et
153 2866 237 2930 alius
260 2866 477 2929 misericordia
494 2866 613 2941 ductus,
639 2868 741 2929 sciens
757 2866 844 2929 illurn
861 2876 1035 2948 euasurum,
1059 2865 1213 2948 compedi-
1234 2882 1269 2932 ‘20

99 3003 162 3054 tum
188 2991 291 3054 soluit.
