2898 4712
524 343 755 408 -233-

82 531 159 595 tiam
182 535 335 609 coartare,
357 529 452 610 idque
472 530 613 612 ipsorum
636 535 821 596 testatorum
843 531 945 611 gratia
971 530 1130 612 prouisum
1153 539 1202 598 est

83 651 123 714 ob
145 649 190 724 id,
213 649 296 732 quod
318 649 502 733 pierumque
518 651 658 716 intestati
680 639 893 715 moriebantur
914 657 1091 730 testatores,
1114 671 1203 718 rocu-

83 770 226 834 santihus
250 769 374 850 scriptis
397 769 564 834 heredibus
586 786 643 851 pro
665 768 753 834 nullo
775 777 831 834 aot
852 768 979 834 minimo
1001 770 1073 835 inde
1088 771 1201 836 obucu·

84 899 156 955 turo
181 889 266 954 lucro
289 887 494 954 hereditatem
518 888 613 953 adire.
659 895 690 952 et
719 889 784 953 iata
811 897 861 954 est
889 897 997 970 postea
1026 890 1075 954 lex
1099 888 1203 967 Furia,

86 1028 147 1092 qua
169 1008 241 1090 plus
262 1009 343 1074 mille
366 1009 490 1074 assibus
513 1010 561 1074 cui
584 1006 689 1089 legare
710 1027 770 1072 non
794 1015 842 1072 est
862 1011 1062 1091 permissum3
1085 1009 1204 1092 siquis
1238 1011 1258 1064 ⁵

87 1129 270 1210 ampliorem
291 1145 442 1193 summam
466 1129 525 1193 sibi
548 1129 687 1193 relictam
714 1129 863 1210 cepisset,
890 1126 1097 1210 quadruplum
1127 1128 1203 1207 eius,

88 1251 169 1330 quod
191 1248 410 1330 superfuisset,
434 1249 600 1313 restituere
622 1248 799 1329 cogebatur.
831 1255 864 1312 ut
887 1266 958 1314 ecce
979 1247 1006 1312 si
1027 1249 1097 1328 quis
1120 1246 1204 1313 MCC

89 1390 116 1433 a.
138 1371 289 1448 cepisset,
311 1369 519 1450 quadruplum
543 1365 594 1432 CO
616 1365 637 1430 i.
653 1387 680 1432 a.
704 1363 811 1431 boec
837 1368 1033 1431 restituebat
1083 1375 1133 1431 set
1161 1365 1206 1431 ia·

91 1489 150 1553 cite
176 1487 329 1552 eiusmodi
355 1485 405 1551 lea
439 1485 761 1551 circumscribebatur.
816 1486 939 1550 namsi
970 1487 1040 1567 quis
1069 1486 1206 1568 quinque

95 1607 220 1671 millium
244 1605 327 1670 aeris
349 1607 569 1687 patrimonium
591 1605 730 1680 haberet,
752 1622 789 1668 ac
811 1605 948 1686 quinque
962 1602 1122 1686 legatariis
1144 1607 1260 1670 sin-10

93 1726 167 1806 gaiis
201 1727 341 1789 millenos
381 1742 469 1789 asses
503 1723 710 1805 relinqueret,
744 1723 842 1804 legem
884 1741 943 1786 oon
983 1721 1206 1801 committebat,

96 1848 246 1925 fiebatque
270 1864 379 1910 rursus
402 1855 438 1910 at
458 1844 550 1909 heres
572 1862 628 1926 pro
655 1843 739 1910 nulio
766 1845 852 1908 lucro
882 1842 1086 1908 hereditatem
1116 1863 1205 1924 repu-

98 1967 205 2046 diaret,
243 1967 349 2050 sicque
377 1965 487 2031 inutile
515 1965 605 2031 fieret
631 1973 860 2030 testamentum.
910 1964 981 2028 ideo
1007 1971 1116 2044 postea
1144 1962 1209 2028 luta

102 2097 144 2151 est
165 2089 213 2151 tex
232 2085 378 2163 Voconia,
402 2106 464 2168 qua
479 2095 603 2152 cautum
619 2093 667 2150 est
683 2104 721 2150 ue
736 2084 868 2165 amplius
882 2083 1033 2165 legatario
1048 2101 1140 2163 quam
1156 2083 1209 2148 he·

100 2215 277 2286 resceperet
289 2225 400 2287 capere
412 2205 528 2270 liceret.
544 2223 624 2286 quae
636 2205 729 2268 etiam
741 2203 830 2267 iaciie
841 2201 1063 2267 circumscribi
1075 2209 1206 2283 poterat.
1228 2221 1260 2272 lu

99 2346 161 2390 oam
189 2331 215 2390 si
244 2327 314 2405 quis
343 2323 418 2387 On.
443 2342 511 2388 cum
540 2323 685 2400 haberet,
711 2342 760 2388 me
788 2323 933 2388 heredem
962 2324 1142 2387 institueret
1162 2329 1207 2386 at-

102 2463 156 2524 que
177 2443 415 2510 LXXXXVIIII
441 2444 602 2526 legatariis
632 2442 761 2524 singulis
790 2442 928 2522 singulos
957 2460 1099 2506 nummos
1126 2439 1206 2522 lega-

105 2575 166 2642 ret,
202 2567 300 2647 legem
335 2586 395 2630 non
429 2565 643 2630 committebat
674 2564 837 2644 locumque
864 2581 972 2628 rursus
1001 2562 1207 2643 repudiatiooi

104 2685 199 2749 dabat.
241 2689 356 2752 nummi
380 2685 461 2750 enim
486 2685 576 2750 unius
599 2685 700 2766 gratia
721 2681 846 2749 uolebat
873 2682 964 2748 heros
994 2682 1090 2746 totius
1119 2681 1209 2745 here·

107 2803 206 2868 ditatis
227 2823 321 2869 onera
342 2805 505 2869 sustinere.
544 2805 711 2868 nouissime
733 2803 797 2866 lata
819 2812 869 2867 ast
889 2801 938 2866 lex
959 2800 1106 2891 Falcidia,
1128 2819 1208 2882 quae
1227 2819 1262 2870 ao

106 2922 297 2990 hereditatem
327 2927 357 2988 iu
389 2922 451 2988 XII
480 2923 589 2990 uncias
619 2923 741 3001 diuisit3
772 2922 919 3004 cauitque
952 2940 990 2986 ue
1023 2921 1072 2984 cui
1101 2920 1209 2984 licerer.

108 3045 195 3122 magis
215 3062 305 3123 quam
329 3041 515 3108 dodrantem
542 3048 677 3108 totorum
707 3042 857 3107 bonoram
886 3039 1007 3120 legare,
1034 3039 1101 3104 siue
1129 3056 1209 3103 anus
1237 3036 1241 3046 '
