2920 4750
569 397 808 461 —481-

98 580 119 630 τ.
134 573 160 635 i.
183 570 328 635 Diximus
352 572 584 637 interdictorum
600 573 765 654 quaedam
788 573 1059 656 prohibitoria,
1090 574 1244 653 quaedam

131 695 388 778 restitutoria,
413 697 567 777 quaedam
593 697 715 761 demum
740 698 975 762 exhibitoria
998 717 1082 762 esse:
1112 697 1243 762 alteram

130 839 254 900 quoque
267 819 452 884 diuisionem
466 821 651 886 adiecimus:
666 821 821 902 quaedam
831 841 943 905 nempe
960 821 1243 904 adipiscendae,

129 943 285 1024 quaedam
320 944 558 1027 retinendae,
595 946 751 1026 quaedam
786 945 934 1030 deinceps
969 945 1244 1028 reciperandae

128 1070 389 1152 possessionis
423 1090 521 1135 cansa
555 1090 625 1135 esse
656 1077 847 1154 comparata.
892 1071 985 1134 tertia
1018 1069 1130 1136 diuisio
1163 1092 1243 1136 nunc
1281 1083 1297 1136 5

129 1195 316 1278 exponenda
338 1203 399 1276 est;
424 1195 658 1260 interdictorum
683 1195 838 1276 quaedam
859 1193 1063 1278 simplicia,
1089 1195 1243 1276 quaedam

78 1320 299 1402 taduplicia
323 1327 401 1384 sunt.
437 1323 488 1386 la.
514 1321 715 1404 Simplicia
738 1328 818 1400 sunt,
843 1321 874 1383 in
899 1320 1011 1402 quibus
1036 1327 1124 1384 actor
1146 1341 1166 1384 a
1189 1341 1243 1384 reo

128 1444 338 1526 distinguitur,
366 1445 457 1509 sicuti
481 1452 551 1508 sunt
575 1446 680 1509 omnia
706 1444 949 1508 restitutoria
973 1451 1067 1525 atque
1096 1445 1242 1510 exhibi-

126 1571 235 1634 toria.
282 1577 389 1634 actor
412 1579 460 1634 est
484 1571 575 1651 enim,
606 1571 659 1652 qui
684 1570 745 1634 sibi
773 1569 1004 1654 possessionem
1033 1570 1154 1634 restitui
1178 1571 1244 1634 rrult

126 1704 183 1758 aut
207 1695 422 1760 absconditam
447 1715 614 1780 personam
639 1695 792 1776 exhiberi;
817 1715 902 1759 reus
925 1703 1030 1760 autern
1050 1695 1103 1777 qui
1118 1715 1243 1778 posses·
1265 1707 1297 1756 to

74 1825 114 1876 ub.
127 1821 250 1884 sionem
263 1821 425 1885 restituere
443 1829 496 1884 aut
512 1841 678 1904 personam
695 1821 843 1886 exhibere
860 1819 1064 1902 compellitur.
1090 1821 1143 1886 lb.
1156 1821 1243 1883 Pro·

126 1945 397 2008 hibitoriorum
421 1944 655 2009 interdictorum
679 1945 835 2025 quaedam
859 1943 1062 2027 simplicia,
1087 1945 1243 2025 quaedam

126 2071 302 2152 duplicia
336 2077 414 2133 sunt.
461 2078 492 2134 et
523 2070 716 2153 simplicia
744 2070 868 2151 quidem
898 2077 982 2150 sunt,
1019 2090 1087 2133 oum
1116 2077 1244 2152 praetor

125 2195 284 2276 quemlam
317 2195 462 2277 probibet
489 2195 520 2258 in
545 2215 634 2258 sacro
663 2197 733 2258 loco
767 2195 948 2274 aedificare,
985 2194 1035 2258 uel
1059 2194 1090 2257 ln
1117 2193 1242 2257 flumine

125 2321 254 2404 publico
283 2319 389 2383 eiusne
425 2319 494 2403 ripa
529 2319 647 2400 aliquid
680 2327 853 2385 exstruere:
890 2319 943 2399 qui
971 2320 1053 2383 eninr
1080 2324 1114 2382 ut
1141 2317 1295 2401 probi-15

125 2447 240 2508 beatur
256 2445 426 2520 contendit,
451 2452 559 2509 actor
575 2451 635 2526 esl;
661 2445 713 2525 qui
730 2445 919 2528 prohibetur,
944 2464 1037 2508 rcus.
1073 2443 1244 2526 duplicia

124 2577 200 2633 sunt
229 2577 333 2633 autem
368 2569 564 2634 interdictum
599 2569 653 2633 uti
687 2569 895 2653 possidetis
928 2575 960 2633 et
991 2568 1125 2632 utrubi.
1171 2568 1242 2632 ideo

124 2701 232 2758 autern
257 2693 395 2776 duplicia
419 2693 575 2774 dicuntur,
606 2695 680 2774 quia
703 2715 761 2776 par
789 2694 949 2773 utriusque
976 2691 1145 2774 litigatoris
1169 2711 1241 2755 con·

124 2819 210 2882 dicio
235 2825 283 2890 est
306 2823 337 2882 et
360 2825 470 2882 neuter
497 2819 666 2901 praecipue
690 2838 761 2882 reus
789 2817 840 2881 uel
868 2825 956 2881 actor
979 2817 1010 2880 in
1033 2817 1082 2880 bis
1106 2822 1166 2896 cst,
1196 2821 1244 2879 set

123 2944 340 3024 unusquisqne
367 2950 432 3006 tam
459 2943 505 3007 rei
534 2963 627 3024 quam
656 2943 772 3007 actoris
799 2950 921 3026 partem
950 2942 1090 3006 sustinet.
1135 2941 1241 3020 itaque
1262 2957 1295 3005 ao

124 3068 223 3132 etiam
247 3074 375 3151 praetor
398 3069 443 3132 eis
460 3067 626 3132 interdicta
642 3068 804 3152 proposuit
819 3067 922 3132 medio
940 3067 1074 3148 quodam
1099 3085 1241 3130 semroue

124 3213 216 3274 nsua,
245 3213 312 3256 oum
340 3213 441 3273 neque
470 3213 563 3257 unum
592 3214 692 3274 neque
717 3193 849 3256 alterum
879 3193 944 3256 suis
971 3192 1074 3256 uerbis
1105 3196 1241 3254 actorem

123 3318 315 3383 ostenderet.
361 3319 393 3382 in
416 3319 580 3383 interdicto
605 3319 686 3382 euim
710 3318 775 3382 ‘uti
798 3317 1016 3401 possidetis*
1042 3317 1119 3379 haec
1143 3315 1242 3378 uerba

123 3443 315 3526 usurpabat:
334 3443 398 3507 ‘uti
422 3444 649 3526 possidetis,
675 3443 874 3525 quominus
898 3441 1145 3524 possideatis
1171 3440 1241 3504 uim

123 3568 219 3632 fieri
242 3569 346 3631 ueto’.
391 3589 454 3633 non
478 3589 554 3649 ergo
580 3569 624 3632 ait
648 3567 713 3631 ‘uti
742 3567 938 3652 possidcs’,
963 3586 1001 3629 ne
1027 3565 1067 3628 ad
1090 3585 1183 3628 unum
1207 3584 1241 3628 se
1262 3577 1295 3628 25

124 3699 312 3756 conuertere
328 3693 495 3757 uideretur.
530 3694 561 3756 in
587 3693 731 3758 ‘utrubi’
749 3698 854 3756 antem
877 3689 1041 3756 interdicto
1065 3690 1113 3754 his
1136 3688 1242 3752 uerbis

123 3837 204 3882 usus
229 3822 289 3881 est:
320 3819 456 3882 ‘utrubi
491 3819 556 3883 ille
592 3819 708 3898 bomo,
744 3835 813 3898 quo
849 3816 892 3880 de
927 3815 1068 3897 agitur,
1104 3813 1241 3876 maiore

123 3946 237 4028 parte
264 3941 419 4008 huiusce
447 3944 536 4008 anni
564 3944 692 4024 luerit,
722 3941 918 4024 quominus
946 3940 977 4005 is
1006 3959 1087 4004 enm
1115 3938 1240 4016 ducat,
