<?xml version="1.0" encoding="UTF-8"?>
<!DOCTYPE html PUBLIC "-//W3C//DTD XHTML 1.0 Transitional//EN"
    "http://www.w3.org/TR/xhtml1/DTD/xhtml1-transitional.dtd">
<html xmlns="http://www.w3.org/1999/xhtml" xml:lang="en" lang="en">
 <head>
  <title>
</title>
<meta http-equiv="Content-Type" content="text/html;charset=utf-8" />
  <meta name='ocr-system' content='tesseract 3.04.00' />
  <meta name='ocr-capabilities' content='ocr_page ocr_carea ocr_par ocr_line ocrx_word'/>
</head>
<body>
  <div class='ocr_page' id='page_1' title='image "./institutionumgr02linggoog_0592.png"; bbox 0 0 2876 4712; ppageno 0'>
   <div class='ocr_carea' id='block_1_1' title="bbox 521 327 755 392">
    <p class='ocr_par' dir='ltr' id='par_1_1' title="bbox 521 327 755 392">
     <span class='ocr_line' id='line_1_1' title="bbox 521 327 755 392; baseline 0 0"><span class='ocrx_word' id='word_1_1' title='bbox 521 327 755 392; x_wconf 80' lang='lat'>-279-</span> 
     </span>
    </p>
   </div>
   <div class='ocr_carea' id='block_1_2' title="bbox 237 650 1034 720">
    <p class='ocr_par' dir='ltr' id='par_1_2' title="bbox 237 650 1034 720">
     <span class='ocr_line' id='line_1_2' title="bbox 237 650 1034 720; baseline -0.005 0"><span class='ocrx_word' id='word_1_2' title='bbox 237 655 283 720; x_wconf 86' lang='lat' dir='ltr'>De</span> <span class='ocrx_word' id='word_1_3' title='bbox 305 661 434 720; x_wconf 86' lang='lat' dir='ltr'>senatus</span> <span class='ocrx_word' id='word_1_4' title='bbox 457 653 600 718; x_wconf 89' lang='lat' dir='ltr'>consulto</span> <span class='ocrx_word' id='word_1_5' title='bbox 622 651 813 718; x_wconf 80' lang='lat' dir='ltr'>tertulliano.</span> <span class='ocrx_word' id='word_1_6' title='bbox 857 651 982 718; x_wconf 83' lang='lat' dir='ltr'>Titulus</span> <span class='ocrx_word' id='word_1_7' title='bbox 1004 650 1034 716; x_wconf 82' lang='lat'>3.</span> 
     </span>
    </p>
   </div>
   <div class='ocr_carea' id='block_1_3' title="bbox 83 837 1205 1162">
    <p class='ocr_par' dir='ltr' id='par_1_3' title="bbox 83 837 1205 1162">
     <span class='ocr_line' id='line_1_3' title="bbox 161 837 1203 923; baseline 0.001 -19"><span class='ocrx_word' id='word_1_8' title='bbox 161 841 210 904; x_wconf 85' lang='lat' dir='ltr'>Ex</span> <span class='ocrx_word' id='word_1_9' title='bbox 233 839 385 923; x_wconf 84' lang='lat' dir='ltr'>hisquae</span> <span class='ocrx_word' id='word_1_10' title='bbox 408 839 551 920; x_wconf 85' lang='lat' dir='ltr'>superius</span> <span class='ocrx_word' id='word_1_11' title='bbox 574 839 709 904; x_wconf 81' lang='lat' dir='ltr'>diximus</span> <span class='ocrx_word' id='word_1_12' title='bbox 732 839 876 904; x_wconf 85' lang='lat' dir='ltr'>nouimus</span> <span class='ocrx_word' id='word_1_13' title='bbox 898 838 976 922; x_wconf 89' lang='lat' dir='ltr'>legis</span> <span class='ocrx_word' id='word_1_14' title='bbox 997 837 1060 904; x_wconf 83' lang='lat' dir='ltr'>xli</span> <span class='ocrx_word' id='word_1_15' title='bbox 1081 840 1203 906; x_wconf 85' lang='lat' dir='ltr'>tabula·</span> 
     </span>
     <span class='ocr_line' id='line_1_4' title="bbox 83 955 1205 1041; baseline 0 -17"><span class='ocrx_word' id='word_1_16' title='bbox 83 977 144 1024; x_wconf 89' lang='lat' dir='ltr'>rum</span> <span class='ocrx_word' id='word_1_17' title='bbox 174 955 381 1041; x_wconf 78' lang='lat' dir='ltr'>suptilitatem</span> <span class='ocrx_word' id='word_1_18' title='bbox 410 964 443 1024; x_wconf 86' lang='lat' dir='ltr'>et</span> <span class='ocrx_word' id='word_1_19' title='bbox 470 958 633 1040; x_wconf 89' lang='lat' dir='ltr'>angustias</span> <span class='ocrx_word' id='word_1_20' title='bbox 662 957 746 1024; x_wconf 89' lang='lat' dir='ltr'>circa</span> <span class='ocrx_word' id='word_1_21' title='bbox 776 957 999 1024; x_wconf 86' lang='lat' dir='ltr'>hereditatem:</span> <span class='ocrx_word' id='word_1_22' title='bbox 1029 959 1205 1040; x_wconf 83' lang='lat' dir='ltr'>expellebat</span> 
     </span>
     <span class='ocr_line' id='line_1_5' title="bbox 84 1078 1203 1162; baseline 0 -18"><span class='ocrx_word' id='word_1_23' title='bbox 84 1078 156 1144; x_wconf 87' lang='lat' dir='ltr'>eninr</span> <span class='ocrx_word' id='word_1_24' title='bbox 183 1080 395 1159; x_wconf 86' lang='lat' dir='ltr'>emancipatos</span> <span class='ocrx_word' id='word_1_25' title='bbox 416 1095 436 1143; x_wconf 98' lang='lat' dir='ltr'>a</span> <span class='ocrx_word' id='word_1_26' title='bbox 458 1084 582 1159; x_wconf 86' lang='lat' dir='ltr'>patrum</span> <span class='ocrx_word' id='word_1_27' title='bbox 606 1078 813 1156; x_wconf 86' lang='lat' dir='ltr'>successione,</span> <span class='ocrx_word' id='word_1_28' title='bbox 835 1079 920 1160; x_wconf 87' lang='lat' dir='ltr'>ipsos</span> <span class='ocrx_word' id='word_1_29' title='bbox 943 1084 1070 1160; x_wconf 87' lang='lat' dir='ltr'>proptes</span> <span class='ocrx_word' id='word_1_30' title='bbox 1093 1079 1203 1162; x_wconf 88' lang='lat' dir='ltr'>capitis</span> 
     </span>
    </p>
   </div>
   <div class='ocr_carea' id='block_1_4' title="bbox 53 1187 1256 3315">
    <p class='ocr_par' dir='ltr' id='par_1_4' title="bbox 84 1187 1255 1879">
     <span class='ocr_line' id='line_1_6' title="bbox 85 1187 1204 1279; baseline 0.002 -17"><span class='ocrx_word' id='word_1_31' title='bbox 85 1197 320 1264; x_wconf 86' lang='lat' dir='ltr'>deminutionem</span> <span class='ocrx_word' id='word_1_32' title='bbox 336 1205 534 1264; x_wconf 73' lang='lat' dir='ltr'>consecutam</span> <span class='ocrx_word' id='word_1_33' title='bbox 551 1197 676 1262; x_wconf 88' lang='lat' dir='ltr'>minime</span> <span class='ocrx_word' id='word_1_34' title='bbox 691 1215 877 1279; x_wconf 87' lang='lat' dir='ltr'>agnoscens:</span> <span class='ocrx_word' id='word_1_35' title='bbox 894 1187 1101 1264; x_wconf 85' lang='lat' dir='ltr'>masculorum</span> <span class='ocrx_word' id='word_1_36' title='bbox 1118 1217 1204 1279; x_wconf 80' lang='lat' dir='ltr'>prae-</span> 
     </span>
     <span class='ocr_line' id='line_1_7' title="bbox 84 1303 1255 1402; baseline -0.002 -18"><span class='ocrx_word' id='word_1_37' title='bbox 84 1320 214 1400; x_wconf 84' lang='lat' dir='ltr'>ponebat</span> <span class='ocrx_word' id='word_1_38' title='bbox 235 1318 430 1402; x_wconf 90' lang='lat' dir='ltr'>progeniem,</span> <span class='ocrx_word' id='word_1_39' title='bbox 453 1335 569 1398; x_wconf 89' lang='lat' dir='ltr'>eosque</span> <span class='ocrx_word' id='word_1_40' title='bbox 598 1316 653 1398; x_wconf 87' lang='lat' dir='ltr'>qui</span> <span class='ocrx_word' id='word_1_41' title='bbox 682 1337 738 1398; x_wconf 88' lang='lat' dir='ltr'>per</span> <span class='ocrx_word' id='word_1_42' title='bbox 767 1315 906 1383; x_wconf 81' lang='lat' dir='ltr'>feminini</span> <span class='ocrx_word' id='word_1_43' title='bbox 933 1335 1027 1382; x_wconf 83' lang='lat' dir='ltr'>serus</span> <span class='ocrx_word' id='word_1_44' title='bbox 1054 1336 1203 1400; x_wconf 84' lang='lat' dir='ltr'>personas</span> <span class='ocrx_word' id='word_1_45' title='bbox 1238 1303 1255 1355; x_wconf 80' lang='lat'>⁵</span> 
     </span>
     <span class='ocr_line' id='line_1_8' title="bbox 84 1434 1205 1520; baseline 0 -18"><span class='ocrx_word' id='word_1_46' title='bbox 84 1439 283 1520; x_wconf 88' lang='lat' dir='ltr'>iungerentur</span> <span class='ocrx_word' id='word_1_47' title='bbox 303 1438 383 1504; x_wconf 86' lang='lat' dir='ltr'>adeo</span> <span class='ocrx_word' id='word_1_48' title='bbox 405 1439 578 1520; x_wconf 76' lang='lat' dir='ltr'>ignorabat,</span> <span class='ocrx_word' id='word_1_49' title='bbox 601 1443 638 1502; x_wconf 91' lang='lat' dir='ltr'>ut</span> <span class='ocrx_word' id='word_1_50' title='bbox 658 1455 716 1502; x_wconf 88' lang='lat' dir='ltr'>nec</span> <span class='ocrx_word' id='word_1_51' title='bbox 732 1443 833 1502; x_wconf 83' lang='lat' dir='ltr'>mater</span> <span class='ocrx_word' id='word_1_52' title='bbox 847 1434 910 1502; x_wconf 87' lang='lat' dir='ltr'>filio</span> <span class='ocrx_word' id='word_1_53' title='bbox 931 1434 1054 1504; x_wconf 85' lang='lat' dir='ltr'>filiaeue</span> <span class='ocrx_word' id='word_1_54' title='bbox 1077 1436 1205 1504; x_wconf 83' lang='lat' dir='ltr'>intesta·</span> 
     </span>
     <span class='ocr_line' id='line_1_9' title="bbox 85 1554 1205 1639; baseline 0 -17"><span class='ocrx_word' id='word_1_55' title='bbox 85 1560 119 1622; x_wconf 87' lang='lat' dir='ltr'>tis</span> <span class='ocrx_word' id='word_1_56' title='bbox 139 1559 273 1622; x_wconf 82' lang='lat' dir='ltr'>mortuis</span> <span class='ocrx_word' id='word_1_57' title='bbox 295 1559 484 1632; x_wconf 82' lang='lat' dir='ltr'>succederet,</span> <span class='ocrx_word' id='word_1_58' title='bbox 508 1577 608 1639; x_wconf 89' lang='lat' dir='ltr'>neque</span> <span class='ocrx_word' id='word_1_59' title='bbox 630 1557 651 1620; x_wconf 93' lang='lat' dir='ltr'>ii</span> <span class='ocrx_word' id='word_1_60' title='bbox 674 1554 715 1622; x_wconf 85' lang='lat' dir='ltr'>ad</span> <span class='ocrx_word' id='word_1_61' title='bbox 737 1559 805 1621; x_wconf 88' lang='lat' dir='ltr'>eius</span> <span class='ocrx_word' id='word_1_62' title='bbox 827 1563 1016 1622; x_wconf 88' lang='lat' dir='ltr'>uocarentur</span> <span class='ocrx_word' id='word_1_63' title='bbox 1038 1556 1205 1622; x_wconf 83' lang='lat' dir='ltr'>successio</span> 
     </span>
     <span class='ocr_line' id='line_1_10' title="bbox 85 1673 1205 1758; baseline -0.002 -16"><span class='ocrx_word' id='word_1_64' title='bbox 85 1695 158 1742; x_wconf 87' lang='lat' dir='ltr'>nem.</span> <span class='ocrx_word' id='word_1_65' title='bbox 202 1682 253 1742; x_wconf 88' lang='lat' dir='ltr'>set</span> <span class='ocrx_word' id='word_1_66' title='bbox 274 1683 401 1758; x_wconf 88' lang='lat' dir='ltr'>praetor</span> <span class='ocrx_word' id='word_1_67' title='bbox 423 1676 548 1740; x_wconf 89' lang='lat' dir='ltr'>omnino</span> <span class='ocrx_word' id='word_1_68' title='bbox 570 1683 714 1740; x_wconf 86' lang='lat' dir='ltr'>naturam</span> <span class='ocrx_word' id='word_1_69' title='bbox 738 1673 847 1741; x_wconf 80' lang='lat' dir='ltr'>fouens</span> <span class='ocrx_word' id='word_1_70' title='bbox 870 1693 907 1740; x_wconf 81' lang='lat' dir='ltr'>ex</span> <span class='ocrx_word' id='word_1_71' title='bbox 928 1675 1038 1741; x_wconf 86' lang='lat' dir='ltr'>ordine</span> <span class='ocrx_word' id='word_1_72' title='bbox 1059 1683 1205 1757; x_wconf 86' lang='lat' dir='ltr'>cognato·</span> 
     </span>
     <span class='ocr_line' id='line_1_11' title="bbox 86 1795 1206 1879; baseline 0 -17"><span class='ocrx_word' id='word_1_73' title='bbox 86 1816 148 1862; x_wconf 91' lang='lat' dir='ltr'>rum</span> <span class='ocrx_word' id='word_1_74' title='bbox 171 1797 211 1861; x_wconf 89' lang='lat' dir='ltr'>ad</span> <span class='ocrx_word' id='word_1_75' title='bbox 234 1797 317 1861; x_wconf 93' lang='lat' dir='ltr'>ultro</span> <span class='ocrx_word' id='word_1_76' title='bbox 340 1798 480 1879; x_wconf 87' lang='lat' dir='ltr'>citroque</span> <span class='ocrx_word' id='word_1_77' title='bbox 502 1795 729 1861; x_wconf 83' lang='lat' dir='ltr'>successionem</span> <span class='ocrx_word' id='word_1_78' title='bbox 759 1795 816 1861; x_wconf 89' lang='lat' dir='ltr'>hos</span> <span class='ocrx_word' id='word_1_79' title='bbox 846 1795 997 1876; x_wconf 88' lang='lat' dir='ltr'>uocabat;</span> <span class='ocrx_word' id='word_1_80' title='bbox 1026 1796 1107 1861; x_wconf 89' lang='lat' dir='ltr'>unde</span> <span class='ocrx_word' id='word_1_81' title='bbox 1136 1814 1206 1878; x_wconf 90' lang='lat' dir='ltr'>cog·</span> 
     </span>
    </p>

    <p class='ocr_par' dir='ltr' id='par_1_5' title="bbox 56 1914 1256 2236">
     <span class='ocr_line' id='line_1_12' title="bbox 56 1914 1256 1999; baseline 0.001 -21"><span class='ocrx_word' id='word_1_82' title='bbox 56 1931 73 1978; x_wconf 88' lang='lat'>1.</span> <span class='ocrx_word' id='word_1_83' title='bbox 87 1917 145 1982; x_wconf 85' lang='lat' dir='ltr'>nati</span> <span class='ocrx_word' id='word_1_84' title='bbox 166 1916 394 1998; x_wconf 88' lang='lat' dir='ltr'>possessionem</span> <span class='ocrx_word' id='word_1_85' title='bbox 422 1915 483 1980; x_wconf 90' lang='lat' dir='ltr'>iliis</span> <span class='ocrx_word' id='word_1_86' title='bbox 510 1915 660 1980; x_wconf 89' lang='lat' dir='ltr'>tribuens.</span> <span class='ocrx_word' id='word_1_87' title='bbox 710 1917 736 1978; x_wconf 91' lang='lat' dir='ltr'>l.</span> <span class='ocrx_word' id='word_1_88' title='bbox 771 1914 839 1980; x_wconf 88' lang='lat' dir='ltr'>Hae</span> <span class='ocrx_word' id='word_1_89' title='bbox 868 1921 974 1980; x_wconf 89' lang='lat' dir='ltr'>autern</span> <span class='ocrx_word' id='word_1_90' title='bbox 1000 1914 1078 1980; x_wconf 88' lang='lat' dir='ltr'>ioris</span> <span class='ocrx_word' id='word_1_91' title='bbox 1108 1933 1204 1999; x_wconf 84' lang='lat' dir='ltr'>angu-</span> <span class='ocrx_word' id='word_1_92' title='bbox 1224 1915 1256 1967; x_wconf 90' lang='lat'>10</span> 
     </span>
     <span class='ocr_line' id='line_1_13' title="bbox 87 2033 1205 2118; baseline 0.001 -20"><span class='ocrx_word' id='word_1_93' title='bbox 87 2037 159 2100; x_wconf 88' lang='lat' dir='ltr'>stiae</span> <span class='ocrx_word' id='word_1_94' title='bbox 180 2043 291 2118; x_wconf 89' lang='lat' dir='ltr'>postea</span> <span class='ocrx_word' id='word_1_95' title='bbox 313 2036 496 2100; x_wconf 86' lang='lat' dir='ltr'>emendatae</span> <span class='ocrx_word' id='word_1_96' title='bbox 518 2042 607 2099; x_wconf 90' lang='lat' dir='ltr'>suot:</span> <span class='ocrx_word' id='word_1_97' title='bbox 635 2053 672 2100; x_wconf 92' lang='lat' dir='ltr'>ac</span> <span class='ocrx_word' id='word_1_98' title='bbox 693 2035 828 2118; x_wconf 91' lang='lat' dir='ltr'>primum</span> <span class='ocrx_word' id='word_1_99' title='bbox 852 2033 944 2099; x_wconf 91' lang='lat' dir='ltr'>diuus</span> <span class='ocrx_word' id='word_1_100' title='bbox 968 2033 1119 2100; x_wconf 83' lang='lat' dir='ltr'>Claudius</span> <span class='ocrx_word' id='word_1_101' title='bbox 1141 2052 1205 2099; x_wconf 87' lang='lat' dir='ltr'>ma-</span> 
     </span>
     <span class='ocr_line' id='line_1_14' title="bbox 87 2152 1204 2236; baseline 0 -18"><span class='ocrx_word' id='word_1_102' title='bbox 87 2154 124 2218; x_wconf 89' lang='lat' dir='ltr'>tri</span> <span class='ocrx_word' id='word_1_103' title='bbox 144 2156 183 2220; x_wconf 92' lang='lat' dir='ltr'>ad</span> <span class='ocrx_word' id='word_1_104' title='bbox 206 2154 353 2222; x_wconf 84' lang='lat' dir='ltr'>solatium</span> <span class='ocrx_word' id='word_1_105' title='bbox 380 2155 551 2222; x_wconf 89' lang='lat' dir='ltr'>liberorum</span> <span class='ocrx_word' id='word_1_106' title='bbox 581 2162 775 2222; x_wconf 89' lang='lat' dir='ltr'>mortuorum</span> <span class='ocrx_word' id='word_1_107' title='bbox 804 2152 973 2236; x_wconf 82' lang='lat' dir='ltr'>legitimam</span> <span class='ocrx_word' id='word_1_108' title='bbox 1003 2155 1115 2220; x_wconf 88' lang='lat' dir='ltr'>detulit</span> <span class='ocrx_word' id='word_1_109' title='bbox 1137 2172 1204 2220; x_wconf 88' lang='lat' dir='ltr'>suc·</span> 
     </span>
    </p>

    <p class='ocr_par' dir='ltr' id='par_1_6' title="bbox 53 2273 1256 3315">
     <span class='ocr_line' id='line_1_15' title="bbox 53 2273 1203 2342; baseline 0.002 -6"><span class='ocrx_word' id='word_1_110' title='bbox 53 2287 73 2336; x_wconf 84' lang='lat' dir='ltr'>n.</span> <span class='ocrx_word' id='word_1_111' title='bbox 88 2276 260 2341; x_wconf 84' lang='lat' dir='ltr'>cessionem.</span> <span class='ocrx_word' id='word_1_112' title='bbox 316 2275 345 2339; x_wconf 82' lang='lat'>2.</span> <span class='ocrx_word' id='word_1_113' title='bbox 380 2273 495 2342; x_wconf 86' lang='lat' dir='ltr'>Postea</span> <span class='ocrx_word' id='word_1_114' title='bbox 528 2294 603 2341; x_wconf 89' lang='lat' dir='ltr'>uero</span> <span class='ocrx_word' id='word_1_115' title='bbox 636 2275 752 2342; x_wconf 87' lang='lat' dir='ltr'>iactum</span> <span class='ocrx_word' id='word_1_116' title='bbox 787 2282 837 2340; x_wconf 90' lang='lat' dir='ltr'>est</span> <span class='ocrx_word' id='word_1_117' title='bbox 868 2280 996 2340; x_wconf 88' lang='lat' dir='ltr'>senatus</span> <span class='ocrx_word' id='word_1_118' title='bbox 1028 2273 1203 2340; x_wconf 89' lang='lat' dir='ltr'>consultum</span> 
     </span>
     <span class='ocr_line' id='line_1_16' title="bbox 89 2393 1203 2477; baseline -0.002 -19"><span class='ocrx_word' id='word_1_119' title='bbox 89 2394 319 2474; x_wconf 83' lang='lat' dir='ltr'>Tertullianum,</span> <span class='ocrx_word' id='word_1_120' title='bbox 342 2394 505 2460; x_wconf 88' lang='lat' dir='ltr'>Hadriano</span> <span class='ocrx_word' id='word_1_121' title='bbox 527 2393 682 2477; x_wconf 84' lang='lat' dir='ltr'>principe,</span> <span class='ocrx_word' id='word_1_122' title='bbox 710 2395 769 2460; x_wconf 88' lang='lat' dir='ltr'>hac</span> <span class='ocrx_word' id='word_1_123' title='bbox 792 2394 831 2460; x_wconf 89' lang='lat' dir='ltr'>de</span> <span class='ocrx_word' id='word_1_124' title='bbox 853 2411 887 2460; x_wconf 88' lang='lat' dir='ltr'>re</span> <span class='ocrx_word' id='word_1_125' title='bbox 908 2393 1030 2477; x_wconf 83' lang='lat' dir='ltr'>plenius</span> <span class='ocrx_word' id='word_1_126' title='bbox 1052 2401 1203 2471; x_wconf 86' lang='lat' dir='ltr'>statuens,</span> 
     </span>
     <span class='ocr_line' id='line_1_17' title="bbox 88 2510 1255 2596; baseline 0 -18"><span class='ocrx_word' id='word_1_127' title='bbox 88 2515 235 2595; x_wconf 88' lang='lat' dir='ltr'>matrique</span> <span class='ocrx_word' id='word_1_128' title='bbox 256 2512 391 2578; x_wconf 89' lang='lat' dir='ltr'>filiorum</span> <span class='ocrx_word' id='word_1_129' title='bbox 414 2513 613 2580; x_wconf 86' lang='lat' dir='ltr'>amissionem</span> <span class='ocrx_word' id='word_1_130' title='bbox 643 2512 764 2596; x_wconf 87' lang='lat' dir='ltr'>lugenti</span> <span class='ocrx_word' id='word_1_131' title='bbox 792 2513 963 2596; x_wconf 83' lang='lat' dir='ltr'>legitimam</span> <span class='ocrx_word' id='word_1_132' title='bbox 992 2510 1107 2579; x_wconf 87' lang='lat' dir='ltr'>detulit</span> <span class='ocrx_word' id='word_1_133' title='bbox 1136 2519 1255 2578; x_wconf 76' lang='lat' dir='ltr'>suc-1⁶</span> 
     </span>
     <span class='ocr_line' id='line_1_18' title="bbox 89 2629 1204 2706; baseline -0.002 -8"><span class='ocrx_word' id='word_1_134' title='bbox 89 2634 261 2706; x_wconf 84' lang='lat' dir='ltr'>cessionem,</span> <span class='ocrx_word' id='word_1_135' title='bbox 282 2633 374 2699; x_wconf 89' lang='lat' dir='ltr'>auiae</span> <span class='ocrx_word' id='word_1_136' title='bbox 396 2634 456 2700; x_wconf 86' lang='lat' dir='ltr'>hoe</span> <span class='ocrx_word' id='word_1_137' title='bbox 478 2633 602 2698; x_wconf 88' lang='lat' dir='ltr'>minime</span> <span class='ocrx_word' id='word_1_138' title='bbox 625 2633 808 2699; x_wconf 87' lang='lat' dir='ltr'>concedens.</span> <span class='ocrx_word' id='word_1_139' title='bbox 852 2634 940 2698; x_wconf 90' lang='lat' dir='ltr'>iubet</span> <span class='ocrx_word' id='word_1_140' title='bbox 966 2635 1047 2698; x_wconf 89' lang='lat' dir='ltr'>enim</span> <span class='ocrx_word' id='word_1_141' title='bbox 1070 2631 1099 2696; x_wconf 90' lang='lat' dir='ltr'>si</span> <span class='ocrx_word' id='word_1_142' title='bbox 1121 2629 1204 2697; x_wconf 88' lang='lat' dir='ltr'>filius</span> 
     </span>
     <span class='ocr_line' id='line_1_19' title="bbox 90 2749 1204 2836; baseline -0.002 -19"><span class='ocrx_word' id='word_1_143' title='bbox 90 2754 232 2819; x_wconf 89' lang='lat' dir='ltr'>moriatur</span> <span class='ocrx_word' id='word_1_144' title='bbox 253 2759 383 2818; x_wconf 86' lang='lat' dir='ltr'>matrem</span> <span class='ocrx_word' id='word_1_145' title='bbox 407 2751 597 2834; x_wconf 84' lang='lat' dir='ltr'>relinquens,</span> <span class='ocrx_word' id='word_1_146' title='bbox 618 2753 644 2817; x_wconf 91' lang='lat' dir='ltr'>si</span> <span class='ocrx_word' id='word_1_147' title='bbox 667 2752 793 2836; x_wconf 87' lang='lat' dir='ltr'>quidem</span> <span class='ocrx_word' id='word_1_148' title='bbox 814 2753 951 2834; x_wconf 89' lang='lat' dir='ltr'>ingenua</span> <span class='ocrx_word' id='word_1_149' title='bbox 976 2749 1020 2817; x_wconf 89' lang='lat' dir='ltr'>sit</span> <span class='ocrx_word' id='word_1_150' title='bbox 1047 2751 1204 2832; x_wconf 85' lang='lat' dir='ltr'>triumque</span> 
     </span>
     <span class='ocr_line' id='line_1_20' title="bbox 90 2868 1201 2956; baseline 0.004 -24"><span class='ocrx_word' id='word_1_151' title='bbox 90 2868 248 2940; x_wconf 85' lang='lat' dir='ltr'>liberorum</span> <span class='ocrx_word' id='word_1_152' title='bbox 269 2873 320 2940; x_wconf 91' lang='lat' dir='ltr'>ius</span> <span class='ocrx_word' id='word_1_153' title='bbox 343 2873 523 2941; x_wconf 82' lang='lat' dir='ltr'>habeatne}</span> <span class='ocrx_word' id='word_1_154' title='bbox 545 2874 691 2940; x_wconf 85' lang='lat' dir='ltr'>libertina</span> <span class='ocrx_word' id='word_1_155' title='bbox 705 2880 865 2956; x_wconf 81' lang='lat' dir='ltr'>quattuor,</span> <span class='ocrx_word' id='word_1_156' title='bbox 887 2890 955 2938; x_wconf 85' lang='lat' dir='ltr'>eam</span> <span class='ocrx_word' id='word_1_157' title='bbox 978 2879 1127 2955; x_wconf 86' lang='lat' dir='ltr'>tanquam</span> <span class='ocrx_word' id='word_1_158' title='bbox 1149 2870 1201 2936; x_wconf 89' lang='lat' dir='ltr'>ad·</span> 
     </span>
     <span class='ocr_line' id='line_1_21' title="bbox 89 2991 1202 3068; baseline -0.003 -10"><span class='ocrx_word' id='word_1_159' title='bbox 89 2997 206 3068; x_wconf 72' lang='lat' dir='ltr'>gneum</span> <span class='ocrx_word' id='word_1_160' title='bbox 228 2993 269 3060; x_wconf 85' lang='lat' dir='ltr'>ad</span> <span class='ocrx_word' id='word_1_161' title='bbox 290 2999 483 3060; x_wconf 90' lang='lat' dir='ltr'>mortuorum</span> <span class='ocrx_word' id='word_1_162' title='bbox 507 2991 640 3060; x_wconf 86' lang='lat' dir='ltr'>filiorum</span> <span class='ocrx_word' id='word_1_163' title='bbox 663 3011 719 3060; x_wconf 87' lang='lat' dir='ltr'>scu</span> <span class='ocrx_word' id='word_1_164' title='bbox 742 2991 843 3058; x_wconf 90' lang='lat' dir='ltr'>uirilis</span> <span class='ocrx_word' id='word_1_165' title='bbox 865 3011 921 3058; x_wconf 86' lang='lat' dir='ltr'>seu</span> <span class='ocrx_word' id='word_1_166' title='bbox 947 2991 1088 3058; x_wconf 71' lang='lat' dir='ltr'>feminini</span> <span class='ocrx_word' id='word_1_167' title='bbox 1110 3009 1202 3056; x_wconf 85' lang='lat' dir='ltr'>sexus</span> 
     </span>
     <span class='ocr_line' id='line_1_22' title="bbox 91 3109 1256 3190; baseline -0.001 -14"><span class='ocrx_word' id='word_1_168' title='bbox 91 3112 253 3190; x_wconf 87' lang='lat' dir='ltr'>peruenire.</span> <span class='ocrx_word' id='word_1_169' title='bbox 298 3130 355 3179; x_wconf 86' lang='lat' dir='ltr'>nec</span> <span class='ocrx_word' id='word_1_170' title='bbox 376 3117 499 3178; x_wconf 71' lang='lat' dir='ltr'>mutum</span> <span class='ocrx_word' id='word_1_171' title='bbox 521 3110 550 3177; x_wconf 87' lang='lat' dir='ltr'>si</span> <span class='ocrx_word' id='word_1_172' title='bbox 572 3118 673 3178; x_wconf 87' lang='lat' dir='ltr'>mater</span> <span class='ocrx_word' id='word_1_173' title='bbox 695 3113 743 3176; x_wconf 92' lang='lat' dir='ltr'>sui</span> <span class='ocrx_word' id='word_1_174' title='bbox 766 3111 917 3190; x_wconf 75' lang='lat' dir='ltr'>inriserit,</span> <span class='ocrx_word' id='word_1_175' title='bbox 940 3117 988 3176; x_wconf 86' lang='lat' dir='ltr'>set</span> <span class='ocrx_word' id='word_1_176' title='bbox 1005 3113 1099 3176; x_wconf 88' lang='lat' dir='ltr'>etiam</span> <span class='ocrx_word' id='word_1_177' title='bbox 1121 3109 1148 3174; x_wconf 90' lang='lat' dir='ltr'>si</span> <span class='ocrx_word' id='word_1_178' title='bbox 1171 3109 1202 3174; x_wconf 90' lang='lat' dir='ltr'>in</span> <span class='ocrx_word' id='word_1_179' title='bbox 1221 3123 1256 3175; x_wconf 75' lang='lat' dir='ltr'>no</span> 
     </span>
     <span class='ocr_line' id='line_1_23' title="bbox 92 3227 1202 3315; baseline -0.001 -23"><span class='ocrx_word' id='word_1_180' title='bbox 92 3229 249 3308; x_wconf 86' lang='lat' dir='ltr'>patrissui</span> <span class='ocrx_word' id='word_1_181' title='bbox 271 3236 428 3313; x_wconf 86' lang='lat' dir='ltr'>potestate</span> <span class='ocrx_word' id='word_1_182' title='bbox 461 3231 573 3315; x_wconf 82' lang='lat' dir='ltr'>degat:</span> <span class='ocrx_word' id='word_1_183' title='bbox 610 3231 656 3296; x_wconf 88' lang='lat' dir='ltr'>ito</span> <span class='ocrx_word' id='word_1_184' title='bbox 688 3237 793 3298; x_wconf 86' lang='lat' dir='ltr'>tamen</span> <span class='ocrx_word' id='word_1_185' title='bbox 827 3237 863 3297; x_wconf 91' lang='lat' dir='ltr'>nt</span> <span class='ocrx_word' id='word_1_186' title='bbox 895 3229 984 3297; x_wconf 88' lang='lat' dir='ltr'>iussu</span> <span class='ocrx_word' id='word_1_187' title='bbox 1018 3227 1119 3312; x_wconf 91' lang='lat' dir='ltr'>patris</span> <span class='ocrx_word' id='word_1_188' title='bbox 1152 3227 1202 3292; x_wconf 89' lang='lat' dir='ltr'>sui</span> 
     </span>
    </p>
   </div>
   <div class='ocr_carea' id='block_1_5' title="bbox 0 0 1456 4712">
    <p class='ocr_par' dir='ltr' id='par_1_7' title="bbox 0 0 1456 4712">
     <span class='ocr_line' id='line_1_24' title="bbox 0 0 1456 4712; baseline 0 0"><span class='ocrx_word' id='word_1_189' title='bbox 0 0 1456 4712; x_wconf 95' lang='lat' dir='ltr'> </span> 
     </span>
    </p>
   </div>
  </div>
 </body>
</html>
