2936 4704
517 355 747 422 -158-

99 544 142 609 hoc
157 542 375 624 ambigeretur,
393 543 459 610 late
487 549 536 610 est
560 544 648 626 prius
676 543 858 611 constitutio
888 543 954 610 diui
976 541 1131 610 Hadn'ani
1153 545 1193 610 ad

99 660 237 728 Caurium
260 663 379 728 Verum
402 669 451 742 et,
479 681 549 729 cum
578 681 687 730 rursus
712 663 795 730 idern
826 663 1027 746 contigisset,
1057 659 1195 730 Seuerus

99 789 121 844 ct
137 782 303 847 Antoninus
325 784 554 864 rescripserunt
575 801 610 848 se
639 803 677 849 ex
705 803 764 850 sua
789 781 979 850 liberalitate
1007 787 1193 850 testamento

99 901 251 980 subuenire,
275 909 310 968 ut
333 921 370 968 eo
392 902 460 968 loco
474 903 645 969 haberetur
666 921 727 984 quo
750 903 890 970 futurum
913 909 1005 984 esset,
1029 903 1058 969 si
1079 904 1120 969 ab
1142 901 1196 968 iui-

99 1021 130 1087 tio
146 1023 245 1088 ualide
269 1031 353 1088 esset
375 1022 547 1102 conditum,
570 1023 714 1091 omnibus
743 1024 875 1089 testibus
901 1022 1010 1088 liberis
1036 1021 1195 1102 adhibitis,
1229 1025 1246 1077 ὅ

98 1159 149 1206 cun
165 1149 319 1224 tempore,
341 1159 404 1222 quo
425 1146 646 1208 testamentum
667 1142 863 1220 conderetur,
884 1145 1022 1209 omniurn
1044 1159 1197 1210 consensu

99 1261 226 1326 dunodi
247 1260 339 1326 testis
360 1260 440 1327 liber
461 1278 530 1328 esse
552 1260 800 1342 exudmaretur,
830 1281 888 1329 nec
909 1264 1077 1346 quisquam
1100 1269 1193 1341 esset,

71 1379 135 1461 spi
151 1381 181 1444 ei
201 1385 305 1445 status
325 1379 540 1461 quaestionem
563 1387 714 1446 moueret.
763 1381 792 1445 8.
826 1378 863 1446 Si
888 1399 946 1464 ego
973 1388 1195 1448 testamentum

97 1499 197 1578 fadum,
218 1508 351 1582 possum
372 1499 405 1564 in
426 1518 463 1566 eo
485 1504 582 1565 testes
597 1499 739 1568 adhiberi
760 1499 884 1566 Primus
906 1500 999 1567 simui
1022 1520 1059 1568 ac
1081 1501 1195 1568 Secun-

98 1619 155 1699 dus,
178 1621 230 1701 qui
261 1620 328 1684 eius
355 1619 419 1685 iuri
446 1620 489 1684 sit
516 1621 685 1686 subiectus.
734 1627 784 1686 set
813 1627 845 1686 et
871 1621 899 1686 si
929 1622 991 1686 duo
1021 1619 1135 1687 iratres
1162 1622 1194 1687 in
1216 1632 1247 1685 ιο

98 1741 215 1807 ciusdem
238 1745 394 1822 potestate
416 1741 487 1818 sint,
510 1738 586 1805 item
609 1739 702 1807 simul
724 1747 821 1806 testes
848 1759 917 1808 esse
939 1747 1078 1822 possunt
1122 1744 1197 1823 quie

99 1861 158 1926 nihil
178 1867 268 1927 nocet
288 1879 326 1928 ex
348 1878 412 1926 una
439 1859 530 1925 domo
558 1859 642 1926 idest
669 1880 707 1926 ex
733 1878 796 1926 una
822 1858 939 1926 familia
965 1860 1070 1944 plnres
1099 1868 1197 1930 testes

70 1998 86 2049 a,
99 1979 181 2047 aiano
201 1985 389 2048 testamento
410 1979 563 2046 adhiberi.
608 1981 637 2042 9.
671 1979 749 2046 Cum
771 1987 877 2046 autern
898 1981 969 2063 quis
998 1987 1147 2062 testatur,
1168 1983 1197 2048 si

100 2101 162 2166 uelit
186 2107 405 2168 teetsmntum
427 2099 550 2166 firmum
573 2118 654 2180 esse,
677 2101 718 2166 de
739 2101 778 2166 iis
807 2103 861 2185 qui
888 2107 987 2168 testes
1014 2101 1112 2167 futuri
1134 2103 1198 2168 sint

100 2224 230 2307 dispicere
259 2222 368 2302 debet,
393 2227 489 2304 atque
517 2223 768 2288 animaduertere
797 2223 929 2306 nequis
951 2223 1079 2288 testium
1101 2227 1197 2289 testa·
1217 2237 1248 2288 lo

100 2345 160 2410 toris
179 2344 209 2408 in
230 2347 388 2426 potestate
409 2343 467 2422 sit;
489 2360 562 2408 nem
584 2342 612 2406 si
633 2341 785 2408 eiusmodi
814 2341 870 2419 sit,
898 2361 918 2407 a
948 2341 1126 2408 testimonio
1150 2361 1198 2410 re·

101 2463 240 2542 pellendus
263 2465 332 2530 erit.
376 2483 437 2530 uon
464 2483 540 2530 uero
567 2463 753 2546 inquirimus
779 2483 820 2530 au
847 2463 918 2548 quis
949 2463 1076 2530 testium
1103 2469 1198 2532 testa·

101 2588 181 2650 turen
201 2584 233 2649 in
256 2589 414 2666 potestate
435 2573 559 2662 micat,
582 2585 632 2650 uel
655 2603 724 2650 curn
747 2603 784 2651 co
806 2585 838 2650 iu
861 2584 1000 2650 eiusdem
1022 2583 1124 2666 patris
1145 2601 1199 2666 po·

101 2708 195 2772 testate
215 2705 274 2772 sit:
301 2705 391 2772 cuins
416 2705 462 2771 rei
491 2704 572 2770 ratio
599 2704 676 2772 haec
705 2709 763 2771 est
813 2704 904 2772 usne
933 2709 1117 2772 testatorem
1146 2705 1197 2771 sui

101 2821 162 2890 iuris
181 2845 219 2891 eu
242 2826 336 2892 udoni
365 2825 444 2892 iuris
465 2823 558 2892 esse?
580 2826 608 2890 si
629 2826 679 2890 sui
700 2825 779 2891 iuris
800 2831 866 2905 est,
894 2825 998 2891 uereri
1021 2843 1084 2892 non
1106 2842 1197 2906 opor·
1214 2834 1249 2887 ao

102 2949 137 3008 tat
154 2963 189 3010 ne
208 2945 280 3026 quis
302 2963 373 3011 cum
395 2965 433 3012 eo
462 2947 494 3011 in
522 2947 661 3012 eiusdem
689 2949 846 3029 potestate
879 2947 938 3026 sit,
970 2944 1022 3014 uel
1055 2964 1095 3012 nc
1127 2947 1199 3030 quis

102 3081 157 3128 eun
176 3066 207 3131 iu
228 3073 385 3149 potestate
407 3065 529 3132 habeat
574 3065 622 3130 siu
644 3072 751 3131 autern
773 3065 868 3132 alieni
896 3065 973 3131 iuris
1000 3083 1072 3132 eum
1094 3063 1198 3147 fingis,

102 3186 195 3263 potiori
215 3185 351 3269 quedam
373 3185 495 3251 ratione
516 3189 738 3250 testamentum
758 3185 928 3268 procedere
950 3202 1012 3252 uon
1028 3185 1120 3252 sinis:
1144 3185 1199 3269 qui

102 3305 167 3369 anim
187 3306 278 3372 alieni
301 3305 378 3371 iuris
406 3312 456 3372 est
479 3306 592 3372 testari
621 3323 683 3371 non
711 3309 825 3390 potest.
874 3325 946 3372 narn
976 3309 1199 3372 testamentum

103 3428 141 3486 est
158 3424 302 3491 bonorum
324 3443 406 3509 quac
427 3427 460 3491 in
482 3425 669 3508 patrimonio
695 3431 770 3493 suut
794 3425 965 3501 ordinatim
991 3445 1053 3492 uon
1080 3425 1199 3492 intelle·
1216 3443 1251 3496 eo

103 3541 174 3620 gitur
191 3551 294 3611 autem
314 3546 353 3624 is,
375 3546 429 3626 qui
451 3544 546 3612 alieni
566 3546 645 3612 iuris
667 3551 732 3626 est,
760 3545 876 3630 aliquid
904 3546 984 3612 adeo
1010 3545 1044 3612 in
1066 3563 1125 3612 sua
1146 3565 1200 3630 po·

104 3666 201 3730 testate
227 3665 352 3742 habere,
374 3669 411 3732 ut
436 3665 589 3750 quidquid
617 3667 695 3733 uelit
722 3666 755 3733 in
783 3685 820 3734 eo
847 3669 988 3734 statuere
1014 3665 1123 3750 possit
1172 3666 1200 3732 si

83 3799 167 3848 ·uero
186 3783 278 3850 filium
300 3783 436 3851 familias
456 3785 596 3852 inuenire
617 3785 782 3867 possimus,
805 3783 859 3869 qui
874 3785 984 3852 usust
998 3791 1103 3869 queat,
1126 3789 1201 3852 tunc

106 3901 284 3984 dispiciamus
310 3925 350 3972 au
377 3912 482 3974 cetera
508 3907 689 3987 procedant.
745 3910 777 3972 et
802 3907 997 3990 inquirentes
1024 3905 1200 3973 inuenimus
