3092 4702
591 356 805 420 ...66-

153 547 251 631 iudeu3
277 564 357 629 quac
390 543 555 611 heredis
576 543 786 609 institutio
808 546 950 608 uocatur.
993 541 1135 624 legamus
1155 547 1262 610 autem

152 669 204 732 ita:
228 665 287 730 illi
309 664 402 746 lego
422 664 554 730 decem
576 662 740 740 solidos,
761 679 843 744 quae
858 659 976 728 dieitur
995 659 1122 744 legati
1143 661 1261 728 datio.

152 791 277 850 tutorem
304 784 415 849 damus
441 783 501 848 ita:
531 780 646 847 illum
675 779 764 848 filio
786 797 866 847 meo
894 785 1067 846 tutorem
1096 779 1158 854 do,
1179 798 1261 862 queo

151 902 257 969 dicitur
287 902 438 968 tutoris
471 901 593 968 datio.
642 901 820 967 libertatem
854 897 901 965 itu
932 895 1152 982 relinquimus:
1185 899 1261 968 ille

150 1039 284 1089 seruus
313 1039 425 1088 meua
446 1021 554 1086 liber
575 1025 678 1098 estc,
705 1037 787 1104 quoe
813 1020 929 1086 dicitur
954 1018 1171 1087 libertatis
1192 1020 1261 1088 da·
1295 1023 1312 1076 δ

150 1141 208 1206 tic.
238 1140 317 1206 haec
339 1147 444 1206 autem
467 1139 571 1204 omnia
592 1139 693 1206 uerba
712 1137 870 1206 directa
885 1138 1048 1218 dicuntum
1069 1137 1140 1205 aliis
1153 1146 1262 1206 sumni

151 1275 264 1342 quoque
285 1258 394 1326 uerbis
413 1259 458 1323 ita
479 1255 686 1340 relinquimus
707 1256 860 1340 legatam:
888 1273 981 1338 rogo
1010 1261 1050 1322 te
1075 1255 1191 1323 heres
1217 1261 1261 1322 ut

149 1376 292 1442 desilii
315 1378 345 1442 X
366 1377 536 1456 solidos,
557 1376 654 1460 idque
674 1381 807 1442 uocatur
832 1371 1116 1441 fideicommissum.
1167 1372 1261 1442 libar-

149 1501 235 1561 tatem
257 1514 335 1561 uero
356 1497 402 1560 ita
421 1495 642 1577 relinquimus:
670 1513 764 1579 rogo
787 1501 824 1561 te
845 1494 960 1561 heres
981 1499 1024 1559 nt
1045 1492 1159 1558 iilum
1180 1510 1260 1560 ser·

149 1631 224 1678 uum
253 1633 376 1680 meum
405 1614 684 1692 manumittas,
718 1632 800 1697 quae
831 1611 1121 1680 fideicommissaria
1153 1631 1258 1680 mann·
1281 1623 1312 1676 ro

148 1729 245 1799 missio
274 1733 400 1799 dicitur.
450 1734 549 1800 uerba
581 1741 686 1800 autem
716 1732 809 1809 haec,
843 1731 957 1816 quibus
985 1730 1259 1798 fideicommissum

149 1848 346 1934 relinquimus
368 1853 550 1934 precaria
571 1852 726 1920 dicuntur.
769 1852 877 1933 itaquo
904 1850 1080 1918 nmmum
1108 1851 1258 1918 directam

148 1985 197 2048 por
221 1969 355 2036 uerbum
385 1974 490 2036 »esto«
519 1969 739 2054 relinquimus,
767 1989 824 2054 par
851 1969 983 2036 uerbum
1011 1975 1119 2036 autem
1142 1987 1254 2053 ›rogo‹

148 2087 382 2164 precariam,
410 2087 479 2154 siue
500 2087 930 2154 fideicommissariam.
980 2087 1063 2154 iuter
1092 2093 1259 2171 utramque

146 2209 240 2269 autem
261 2205 536 2272 manumissionem
558 2207 618 2272 hoc
639 2205 781 2284 interest,
804 2205 889 2289 quud
911 2204 1033 2274 directa
1046 2205 1171 2286 quidem
1195 2211 1258 2272 sm·
1279 2225 1309 2276 rc

147 2320 197 2386 tin
216 2328 313 2406 atque
335 2324 498 2390 institutus
519 2323 611 2391 heres
632 2324 746 2390 adierit
775 2325 840 2391 uim
868 2342 957 2391 suum
980 2323 1169 2404 manifestet,
1193 2341 1258 2391 ser-

116 2431 121 2444 '
146 2459 271 2526 numque
295 2446 327 2509 in
350 2443 527 2511 libertatem
549 2444 693 2522 adducit,
722 2444 866 2528 precaria
893 2451 999 2511 autom
1025 2443 1109 2511 iacto
1132 2461 1257 2526 quoquo

147 2559 259 2628 heredia
280 2562 418 2645 indiget:
440 2569 479 2629 ut
499 2581 611 2646 nempe
631 2581 759 2630 seruum
781 2563 867 2646 apud
881 2563 1103 2646 magistratum
1115 2562 1257 2632 uindicta

143 2680 235 2748 clune
255 2683 350 2748 modu
371 2701 410 2748 ex
430 2683 480 2763 iis,
500 2699 580 2765 quus
602 2680 748 2762 dirimire,
769 2680 981 2750 mauramittat.
1003 2698 1076 2750 eum
1097 2681 1175 2749 haec
1197 2682 1257 2750 tibi

142 2807 300 2881 conpacta
321 2801 395 2880 siut,
418 2801 492 2866 uide
513 2801 589 2883 quid
610 2801 685 2867 indo
703 2807 866 2882 coquatur.
909 2801 1043 2868 diximus
1069 2802 1097 2866 si
1127 2815 1254 2868 seruum
1272 2821 1307 2874 ac

142 2933 233 2983 neum
266 2921 334 2986 sino
366 2917 513 2988 libertato
544 2918 608 2987 filio
635 2937 705 2986 meo
737 2925 874 2986 tutorem
906 2919 1064 2998 dederim,
1102 2919 1255 2986 diruemus

142 3036 193 3117 ipsi
214 3039 311 3106 tacite
331 3037 510 3106 libertatem
539 3046 734 3122 competere:
760 3039 831 3106 ideo
860 3043 966 3105 autom
995 3039 1192 3105 directam
1214 3057 1254 3106 ue

136 3151 216 3220 iectu
237 3154 381 3239 indigeat
401 3156 543 3236 heredis,
571 3164 621 3224 set
647 3164 683 3224 ut
709 3175 747 3224 cx
775 3157 844 3239 ipsu
870 3163 1027 3240 competat
1054 3163 1252 3225 testamento.
