2884 4728
525 403 765 467 —377-

89 584 125 659 ct,
149 578 364 643 consentiente
392 578 560 659 creditore,
594 578 627 642 id
650 577 719 659 fiat,
755 577 860 642 etita
887 578 1050 642 liberatur
1077 578 1208 642 debitor.

89 722 187 784 neque
202 704 335 768 interest
357 704 427 785 qnia
451 703 570 784 soluat3
600 709 703 768 utrum
727 702 796 786 ipse
825 702 953 768 debitor
980 723 1022 766 an
1046 701 1127 766 alins
1151 723 1208 785 pro

89 848 131 893 eo.
168 828 321 892 liberatur
344 827 426 892 enim
451 827 574 892 debitor
597 834 628 892 et
651 828 714 891 alio
732 827 885 908 soluente,
908 827 978 890 sine
997 827 1116 891 sciente
1141 826 1208 890 siue

88 953 252 1034 ignorante
276 952 446 1017 ueletiam
470 952 569 1016 inuito
586 971 624 1017 eo
641 952 757 1017 solutio
780 952 843 1016 fiat.
882 972 952 1017 cnm
973 973 1046 1017 reus
1063 951 1203 1032 soluerit,

89 1077 182 1143 etiam
206 1077 234 1141 si
256 1077 310 1157 qni
325 1096 382 1160 pro
400 1096 438 1141 eo
455 1082 527 1140 sunt
542 1077 675 1159 obligati
690 1077 879 1160 liberantnr;
903 1077 986 1143 idest
1006 1077 1208 1141 fideiussores
1246 1091 1261 1140 5

90 1207 118 1266 et
139 1200 352 1266 mandatores.
398 1201 427 1264 si
452 1200 618 1267 fideiussor
650 1202 793 1283 soluerit,
828 1222 916 1266 reum
951 1201 1080 1282 liberat,
1117 1208 1147 1266 et
1175 1221 1209 1265 se

60 1343 79 1392 1.
89 1326 281 1408 obligatione
303 1325 448 1389 exsoluit.
497 1330 523 1392 1.
547 1327 804 1410 Acceptilatio
829 1347 956 1409 qnoque
984 1327 1209 1409 obligationem

89 1450 178 1514 tollit.
224 1451 424 1534 acceptilatio
448 1457 505 1532 est,
531 1451 558 1516 si
582 1472 652 1516 eam
676 1451 805 1516 definire
829 1452 924 1533 ueliS,
956 1451 1210 1535 »imaginaria

89 1575 229 1639 solutio
252 1576 502 1641 sollemnibus
526 1577 655 1641 uerbis
678 1579 810 1642 lacta«.
853 1577 938 1657 qnod
965 1577 1048 1641 enim
1071 1577 1147 1640 mihi
1171 1596 1210 1640 ex

90 1701 258 1764 uerborum
287 1700 479 1782 obligatione
515 1701 660 1784 debetur,
696 1701 729 1765 id
761 1702 789 1766 si
819 1702 914 1766 nolim
949 1701 1007 1766 tibi
1042 1703 1210 1782 remittere,
1232 1713 1264 1763 10

89 1824 204 1907 poterit
227 1825 272 1888 sic
294 1826 439 1891 remissio
461 1825 538 1909 lieri,
561 1833 596 1890 nt
618 1827 723 1910 patiar
745 1833 777 1891 te
801 1826 974 1891 debitorem
1001 1827 1080 1890 haec
1104 1826 1209 1890 dicere

90 1950 203 2013 nerba:
217 1950 329 2029 »qnod
345 1970 415 2032 ego
431 1950 504 2015 tibi
519 1951 676 2034 promisi
691 1951 857 2016 habesne
874 1952 1122 2034 aeceptnm‘b,
1137 1970 1210 2032 ego-

90 2093 149 2153 que
162 2073 387 2156 respondeam:
402 2075 553 2141 ‘babeo’.
570 2083 618 2140 set
630 2083 661 2141 et
673 2095 787 2158 graece
799 2084 904 2159 potest
914 2076 984 2140 fieri
996 2074 1208 2159 acceptilatio,

90 2198 260 2262 dnmmodo
284 2199 329 2264 sic
356 2198 424 2282 liat,
454 2207 488 2265 nt
516 2201 610 2266 etiam
634 2201 732 2266 latine
759 2201 827 2266 fieri
855 2203 952 2265 solet:
984 2197 1079 2280 »ἔχεις
1101 2196 1211 2280 λαβὼν

90 2318 232 2406 δηνάρια
254 2321 347 2406 τόσας
373 2320 435 2403 ἔχω
450 2321 582 2406 tader«.
621 2326 833 2408 acceptilatlc,
859 2331 893 2390 ut
916 2325 1035 2390 dictum
1059 2331 1116 2404 est,
1141 2342 1210 2387 uer·
1231 2335 1263 2388 15

89 2447 202 2512 borum
226 2453 346 2511 tantum
371 2448 597 2530 obligationem
622 2449 781 2531 dissoluit,
805 2470 869 2514 non
893 2470 968 2514 uero
993 2455 1133 2529 ceterae,
1158 2467 1211 2511 ue-

89 2571 147 2635 luti
176 2571 349 2636 litterarum
378 2578 409 2637 et
436 2592 598 2638 consensu.
644 2580 888 2638 consentaneum
919 2574 1004 2637 enim
1032 2573 1134 2637 uisum
1163 2580 1211 2636 est

88 2695 198 2760 uerbis
220 2697 338 2761 factam
365 2697 589 2780 obligationem
618 2698 688 2762 aliis
717 2698 823 2762 uerbis
851 2716 946 2782 posse
975 2697 1115 2762 dissolui.
1162 2697 1211 2762 sin

89 2825 197 2884 antem
220 2820 286 2885 alia
308 2841 349 2885 ex
372 2842 470 2886 cansa
498 2823 567 2904 quis
595 2821 671 2886 mihi
698 2823 857 2905 obligatus
885 2823 942 2902 sit,
971 2823 1069 2887 ueluti
1097 2843 1131 2886 re
1159 2823 1210 2886 uel

88 2944 204 3009 litteris
227 2946 278 3009 nel
306 2965 474 3029 consensu,
502 2948 555 3012 nel
581 2947 717 3029 negotiis
745 2948 844 3030 gestis
871 2948 924 3012 nel
947 2967 989 3011 ex
1012 2952 1210 3027 testamento,
1230 2958 1265 3009 20

88 3069 308 3152 uolnerimqne
323 3071 381 3135 tibi
398 3072 456 3136 hoc
473 3072 611 3137 debitum
628 3073 796 3152 remittere,
821 3092 949 3155 possum
970 3073 1015 3136 ita
1032 3093 1050 3136 a
1067 3079 1098 3136 te
1115 3071 1210 3154 stipu-

87 3193 165 3257 lari:
194 3195 309 3275 »qnod
327 3195 415 3260 mihi
435 3216 479 3260 ex
502 3197 569 3262 hac
594 3217 709 3261 causa
733 3197 847 3261 debes
871 3197 965 3261 dare
990 3196 1209 3279 spondes‘l«:

87 3327 121 3382 ct
145 3318 176 3382 si
200 3319 329 3385 dixeris:
356 3321 555 3404 ‘spondeo',
585 3321 671 3404 prior
697 3320 816 3384 tollitur
839 3321 1013 3403 obligatio,
1042 3321 1210 3383 uerborum

86 3450 199 3508 autem
226 3445 377 3529 obligatio
405 3446 557 3526 nascitur,
592 3454 623 3511 et
655 3446 803 3529 deinceps
834 3446 893 3510 hac
928 3452 1103 3526 contracta,
1138 3464 1210 3508 oon-
