2864 4736
527 361 752 422 -449-

81 538 129 618 qui
155 556 211 600 eas
240 535 365 616 omittit,
393 554 474 615 quae
501 533 627 598 facilem
654 534 868 616 probationem
897 534 1014 598 habent
1046 541 1076 598 et
1104 553 1185 613 quae

81 660 209 725 solidum
225 659 325 724 actori
340 663 462 741 parant,
487 657 575 722 etad
591 659 745 722 actionem
761 657 801 720 de
816 657 942 740 peculio
959 658 1080 722 transit.
1114 677 1185 722 nam

81 785 202 849 difficile
226 789 274 848 est
295 783 428 866 primum
452 784 587 866 probare
610 787 761 864 quantum
777 783 809 846 in
825 781 947 864 peculio
965 782 1006 846 sit
1026 783 1088 864 (res
1105 782 1186 845 enim

81 909 253 993 peculiares
276 907 434 972 extraneis
457 927 518 971 non
542 913 613 971 sunt
635 906 848 985 manifestael:
873 911 905 969 et
927 906 954 968 ei
978 906 1049 986 quis
1072 926 1186 988 magno

80 1035 185 1097 labore
209 1031 391 1115 probauerit
414 1037 564 1112 quantum
588 1031 619 1094 in
635 1031 758 1114 peculio
780 1030 829 1109 sit,
853 1030 970 1114 poterit
996 1030 1025 1094 ei
1049 1028 1187 1094 debitum
1226 1046 1241 1096 5

81 1158 221 1222 naturale
240 1157 365 1240 opponi,
388 1155 472 1236 quod
494 1155 650 1239 peculium
673 1155 800 1218 minuat.
839 1153 965 1218 difficile
993 1173 1117 1236 quoque
1141 1163 1189 1218 eet

82 1283 212 1364 probare
236 1287 386 1360 quantum
409 1299 448 1343 ex
468 1299 521 1358 eo,
549 1279 633 1361 quod
656 1299 766 1342 semus
787 1284 893 1343 mutuo
915 1279 1048 1362 accepit,
1072 1280 1104 1342 in
1124 1298 1189 1342 rem

81 1386 195 1469 domini
210 1425 334 1468 nereum
352 1411 406 1468 est.
441 1403 531 1467 Actio
553 1411 657 1467 autem
677 1404 756 1467 haee
777 1402 815 1467 dc
837 1405 960 1484 peculio
981 1403 1137 1468 interdum
1159 1409 1190 1466 et

82 1536 112 1593 ut
124 1549 224 1610 genus
236 1535 267 1593 et
279 1534 314 1592 ut
324 1529 446 1611 species
459 1535 628 1591 exercetur.
664 1533 695 1591 et
711 1527 836 1608 quando
853 1527 886 1591 id
901 1527 957 1592 lit?
980 1534 1014 1590 nt
1029 1547 1103 1592 eece
1120 1547 1189 1592 curn

82 1671 171 1718 seruo
196 1659 249 1716 tuo
273 1651 423 1734 contraxi,
446 1671 509 1715 non
532 1651 618 1716 iussu
641 1657 746 1716 tamen
762 1661 815 1716 tuo
830 1673 933 1732 neque
955 1652 1138 1735 praeposito
1151 1671 1189 1715 co
1210 1665 1244 1716 10

81 1777 211 1841 cuilibet
232 1776 437 1858 negotiationi
459 1776 599 1840 terrestri
622 1777 673 1840 uel
695 1777 880 1840 maritimae.
926 1777 984 1840 hoc
1010 1777 1091 1840 enim
1115 1796 1190 1840 casu

80 1902 163 1965 aetio
181 1901 220 1965 de
237 1901 360 1984 peculio
377 1907 410 1964 ut
426 1920 524 1982 genus
541 1907 635 1980 atque
661 1906 693 1964 ut
712 1901 834 1983 species
858 1901 1037 1965 intenditur.
1075 1921 1147 1964 nam
1164 1901 1191 1964 si

81 2026 137 2090 tibi
166 2025 248 2090 actio
269 2024 434 2089 tributoria
459 2026 617 2109 competit,
644 2031 741 2108 potes,
765 2045 804 2088 ea
825 2025 950 2106 omisca,
974 2025 1190 2090 adactionem

82 2151 120 2214 de
138 2149 263 2232 peculio
283 2168 338 2213 seu
351 2147 434 2212 dein
450 2169 515 2212 rem
528 2168 619 2212 uerso
632 2149 780 2213 nanaire:
805 2147 854 2213 hio
871 2155 975 2213 autem
992 2168 1054 2213 non
1066 2149 1190 2212 omnino

83 2293 153 2336 eum
177 2273 397 2356 improbamuS,
422 2273 475 2353 qni
497 2273 694 2338 tributoriam
718 2273 830 2338 omittit
853 2281 947 2354 atque
971 2273 1012 2336 ad
1036 2273 1191 2338 actionem
1211 2287 1244 2338 15

81 2397 120 2461 de
144 2398 270 2480 peculio
286 2398 404 2461 transit.
443 2397 536 2460 modo
553 2397 634 2461 enim
651 2398 732 2462 actio
749 2397 788 2461 de
805 2397 929 2480 peculio
946 2398 1049 2480 magis
1065 2397 1192 2481 expedit

80 2542 178 2602 qnam
201 2521 379 2600 minatoria,
408 2521 499 2585 modo
525 2526 629 2586 autem
653 2523 754 2586 minue
782 2542 875 2603 quam
903 2522 1069 2586 tributoria
1096 2521 1192 2586 habet

80 2645 247 2710 commodi.
293 2652 324 2710 et
350 2651 424 2710 tune
450 2646 617 2710 tributoria
643 2666 738 2728 agere
767 2647 902 2730 expedit,
926 2647 1025 2710 ueluti
1048 2647 1192 2728 quotiens

79 2772 175 2852 plura
192 2769 349 2834 naturalia
365 2777 436 2834 nunt
449 2771 570 2835 debita:
586 2792 668 2852 nam,
684 2791 753 2835 oum
766 2771 933 2836 tributoria
948 2772 1061 2854 agitur,
1075 2771 1191 2834 nullum

77 2895 227 2958 naturale
251 2894 389 2958 debitum
413 2894 579 2976 ancipitum
605 2895 818 2978 inparienim
835 2899 1030 2976 caucasum,
1055 2915 1192 2976 eaquae
1212 2907 1246 2957 20

79 3018 210 3082 domiuo
227 3025 258 3082 et
273 3039 320 3100 ea,
344 3037 425 3100 quae
442 3019 647 3083 creditoribus
670 3019 831 3100 debentur,
855 3039 956 3100 neque
980 3019 1078 3084 ullum
1099 3019 1193 3103 priui-

77 3143 202 3224 legium
226 3143 257 3206 in
273 3163 313 3208 ea
328 3143 470 3208 dominus
485 3144 590 3225 habet,
612 3164 714 3225 neque
738 3143 769 3208 id
786 3145 868 3226 quod
892 3145 922 3208 ei
942 3145 1074 3209 debetur
1097 3144 1192 3209 dedu·

77 3267 172 3331 citur.
220 3273 252 3330 at
274 3267 306 3330 in
329 3269 451 3332 actione
475 3267 514 3332 de
537 3267 661 3351 peculio
684 3269 793 3334 melior
816 3275 864 3332 cat
891 3269 1032 3334 condicio
1061 3269 1192 3351 domini;

77 3391 228 3456 naturale
245 3390 326 3455 enim
343 3392 481 3458 debitum
498 3392 669 3472 deducitur,
686 3412 798 3476 nempe
814 3393 897 3474 quod
913 3393 1037 3456 domino
1050 3393 1192 3472 debetur,

76 3521 110 3580 et
135 3515 211 3580 ideo
235 3516 266 3580 in
293 3516 336 3596 id,
365 3517 449 3597 quod
472 3517 626 3598 reliquum
655 3522 717 3598 est,
752 3517 898 3582 creditori
932 3517 1016 3581 serui
1051 3516 1193 3581 dominus
1212 3525 1246 3578 25

76 3639 352 3704 condemnabitur.
390 3661 497 3704 rursus
520 3641 631 3704 melior
645 3642 774 3705 intentio
791 3641 923 3706 actionis
940 3641 978 3706 de
995 3641 1118 3724 peculio
1135 3648 1192 3722 eet,

76 3783 180 3843 quam
196 3763 393 3845 tributariam
419 3765 566 3843 quoniam
582 3764 613 3828 in
633 3766 758 3830 actione
770 3765 809 3829 de
825 3765 949 3848 peculio
965 3766 1060 3830 totius
1075 3766 1192 3849 peculii

75 3889 163 3950 ratio
198 3887 343 3968 habetur,
372 3895 406 3951 at
432 3888 464 3952 in
492 3888 658 3953 tributoria
685 3889 740 3952 illa
766 3910 840 3973 pars
867 3896 988 3954 tautum
1016 3891 1049 3956 iu
1076 3889 1191 3956 iudicio

75 4016 260 4094 spectatur,
288 4011 320 4074 in
343 4031 407 4092 qua
430 4031 540 4076 seruus
564 4013 756 4095 negotiatur,
784 4014 877 4077 tertia
899 4014 980 4079 forte
1003 4021 1194 4096 autquarta

983 4209 1033 4262 57*
