2960 4704
583 338 774 400 ..p-

112 533 228 597 magna
248 536 287 584 eo
309 519 458 586 frumenti
480 521 545 601 uis,
568 529 604 588 ut
625 529 730 605 patet,
751 531 836 592 esest
858 527 1002 595 aduecta
1050 529 1111 596 hoo
1136 537 1243 598 autem

113 636 164 701 ius
193 637 439 706 Atheniensibus
474 641 550 707 solis
584 644 748 724 proderat:
784 647 868 728 apud
905 647 1132 715 Alexandrinos
1167 669 1243 716 uero

110 757 242 837 aliosne,
265 759 320 842 qui
341 757 501 826 numento
522 761 698 841 abundant,
726 781 788 829 non
817 769 940 830 tantum
970 765 1167 850 importunus
1193 777 1244 835 set

111 883 144 942 et
165 877 320 944 ridiculus
342 880 454 947 luisset
475 881 529 964 qui
553 883 704 948 eiusmodi
725 881 826 966 legem
849 886 984 952 tulisset
1022 885 1117 953 Aliud
1140 907 1243 954 exem·

110 997 198 1078 plum
210 999 290 1064 ioris
299 999 707 1068 ciuilisLaeedamooiorum
719 1003 831 1068 ciuitas
842 1005 982 1086 praebet,
993 1023 1084 1088 quae,
1097 1005 1242 1090 Lycurgo
1277 1009 1295 1061 ⁵

110 1123 333 1196 constituente,
351 1122 520 1210 ξενηλασίᾳ
534 1124 696 1202 utebatur,·
707 1143 747 1190 ne
766 1124 1003 1206 peregrinorum
1026 1125 1244 1192 commixtione

111 1239 432 1308 Lacedaemoniorum
456 1261 558 1310 mores
573 1249 849 1324 corrumperentur
863 1251 959 1325 atque
973 1245 1005 1310 in
1022 1245 1162 1312 deterius
1177 1263 1244 1310 mu·

110 1365 267 1426 iurentur.
291 1362 375 1443 quod
391 1362 440 1427 ius
455 1360 539 1444 apud
552 1361 815 1430 Lacedaemonios
830 1365 957 1446 quidem
970 1368 1131 1446 seruetur3
1148 1363 1243 1431 Athe·

109 1479 238 1547 ruienses
254 1499 332 1548 uero
353 1482 385 1547 id
401 1489 614 1561 contemnunt,
636 1483 693 1567 qui
706 1483 786 1549 adeo
801 1484 841 1548 ab
856 1482 1047 1566 expellendis
1069 1485 1243 1566 peregrinis

107 1602 240 1680 absunt
263 1608 300 1668 ut
317 1621 374 1669 are
389 1604 474 1684 apud
496 1621 550 1669 eos
564 1601 800 1670 Misericordiae
819 1603 949 1682 colatur,
972 1608 1099 1684 tamque
1114 1602 1243 1670 comiter
1263 1617 1295 1668 10

107 1721 245 1801 eosqui
268 1721 308 1787 ed
336 1741 371 1788 sc
393 1723 523 1788 ueniant
545 1723 708 1804 excipiant,
731 1729 768 1788 ut
790 1743 867 1806 prae
896 1741 1018 1789 summa
1047 1724 1242 1789 humanitate

108 1859 152 1906 ne
174 1840 293 1908 bellum
315 1841 442 1922 quidem
464 1860 575 1923 gerere
597 1859 654 1922 pro
676 1843 725 1907 his
748 1843 812 1908 sint
833 1842 958 1909 morati.

200 1961 311 2028 Omnis
349 1962 445 2044 igitur
477 1961 611 2044 populus
645 1967 702 2026 aut
735 1963 860 2043 scriptis
898 1963 1000 2028 utitur
1032 1962 1154 2043 legibus
1186 1967 1243 2026 aut

109 2099 174 2146 non
198 2080 335 2163 scriptis,
359 2086 391 2146 et
412 2081 527 2162 partim
550 2080 675 2160 quidem
698 2081 843 2162 propriis,
867 2081 887 2145 i.
910 2101 937 2148 e.
959 2082 1028 2148 iure
1051 2081 1150 2160 ciuili,
1172 2099 1244 2163 par·

108 2203 265 2267 timuero
288 2199 521 2278 communibus,
548 2201 568 2264 i.
592 2220 619 2266 e.
646 2202 715 2266 iure
742 2201 894 2284 gentium.
925 2219 996 2266 nam
1025 2219 1293 2283 quaecumque15

109 2338 258 2404 quaeque
284 2319 395 2384 ciuiles
422 2319 481 2385 sibi
509 2319 674 2384 constituit
700 2327 733 2385 et
760 2319 844 2385 intra
874 2339 942 2385 eam
969 2321 1159 2399 consistunt,
1189 2339 1244 2386 uo-

109 2446 227 2506 cantur
259 2439 310 2504 ius
342 2437 460 2521 ciuile3
500 2457 716 2521 quaecumque
747 2445 852 2505 autem
887 2440 1039 2505 naturalis
1072 2459 1128 2506 seu
1161 2460 1243 2508 com·

110 2559 218 2624 munis
244 2557 328 2624 ratio
361 2556 445 2624 inter
467 2577 574 2625 omues
607 2559 748 2625 homiues
776 2559 959 2640 introduxit,
992 2579 1030 2626 ea
1062 2560 1146 2644 apud
1179 2580 1243 2628 orn-

109 2696 169 2743 nes
202 2678 346 2744 homines
379 2679 601 2746 custodiuntur
627 2685 660 2744 et
687 2679 738 2745 ius
771 2681 911 2762 gentium
946 2679 1155 2762 appellantur.
1211 2689 1244 2749 et

108 2801 248 2882 populus
293 2801 402 2884 itaque
446 2817 595 2866 romanus
631 2801 746 2882 partim
790 2799 884 2878 ciuili,
933 2801 1047 2883 partim
1086 2801 1243 2867 communi
1261 2811 1295 2864 ao

107 2921 184 2986 iure
220 2921 344 3000 utitur,
387 2940 468 3004 quae
509 2921 634 3004 singula
670 2939 813 3003 quaeque
851 2922 914 2986 siut
952 2922 1019 2986 suis
1058 2921 1135 2988 loeis
1172 2941 1243 3004 pro

62 3077 89 3126 2,
108 3061 277 3126 ponemus.
350 3043 380 3106 2.
424 3042 481 3108 Set
521 3042 571 3107 ius
612 3041 739 3123 quidem
787 3042 880 3110 ciuile
915 3061 953 3108 ex
986 3058 1173 3124 unaquaque
1201 3041 1242 3108 ci·

107 3163 232 3243 niteo,
261 3163 316 3229 ubi
345 3163 448 3246 uiget,
475 3162 717 3246 appellationem
750 3165 856 3229 sumit.
907 3183 980 3228 uam
1007 3161 1035 3227 si
1065 3163 1135 3245 quis
1167 3161 1245 3228 uelit

41 3285 47 3296 '
105 3283 237 3352 Solonis
259 3284 310 3349 uel
332 3282 483 3350 Draconis
512 3284 597 3365 leges
618 3283 668 3349 ius
699 3283 792 3350 ciuile
814 3283 1052 3350 Atheniensium
1074 3281 1242 3366 appellare,
