2936 4704
690 397 923 460 -168-

250 582 409 663 λογισμοῦ·
444 581 524 657 ῶςτε
556 581 610 645 οὖν
645 579 717 644 οὔτε
750 582 869 667 ἄνηβος
903 581 975 646 οὔτε
1006 583 1192 668 μαινόμενος
1225 583 1361 647 διατίθεν·
1451 633 1459 656 ι,

249 705 309 756 ται,
317 684 341 763 ¹)
365 682 472 772 ἐπειδὴ
496 687 530 749 τὸ
553 689 680 768 φρονεῖν
704 689 750 770 τῷ
770 687 827 769 μὲν
850 684 887 747 οὺ
910 686 1109 770 προςγέγονε,
1132 685 1215 765 τδνί)
1239 685 1277 748 δὲ
1299 687 1363 749 ἀπο·

249 785 395 850 λέλοιπεν.
405 789 431 868 ³)
475 789 640 876 ἀνίσγορος
662 787 698 850 δὲ
721 784 824 851 αὐτῶν
846 789 865 873 ή
888 785 1031 874 διαθήκη,
1056 789 1084 851 ελ
1106 789 1155 852 καί
1184 789 1221 852 τὰ
1242 792 1363 874 μάλιστα

249 890 267 950 ό
287 890 345 972 μὲν
368 890 534 974 γενόμενος
556 889 680 976 ἔφηβος
701 890 908 976 ἐτελεύτησεν,
931 894 948 952 ό
971 892 1008 955 δὲ
1034 892 1203 978 ἀνανήψας.
1248 893 1277 958 εί
1300 893 1364 958 δὲό
1458 905 1459 912 ’

215 992 433 1075 ῠμαινόμενος
456 993 525 1056 κατ’
549 993 664 1058 ἐκεῖνον
687 993 832 1079 διάθηται
857 996 907 1058 τὸν
929 996 1048 1079 καιρὸν,
1072 994 1104 1057 έν
1122 994 1150 1082 ᾧ
1168 996 1299 1070 παύεται
1319 999 1363 1060 τοῦ
1458 1023 1459 1030 “

248 1093 430 1175 μαίνεσθαι,
467 1096 620 1161 τουτέστιν
649 1095 682 1159 έν
711 1101 773 1169 τοῖς
802 1096 1013 1180 διαλείμμασι,
1042 1100 1175 1184 ζητεῖται
1202 1098 1230 1161 εί
1257 1103 1364 1183 κρατεῖ.

250 1197 298 1257 καὶ
319 1197 448 1280 λέγομεν
472 1195 600 1281 ἔννομον
623 1197 699 1262 ελναι
721 1202 777 1284 τήν
799 1198 968 1285 διαθήκην·
993 1202 1022 1263 τί
1042 1201 1089 1281 δὲ,
1112 1203 1157 1264 ὅτι
1187 1200 1364 1284 διαθέμενός
1458 1232 1459 1238 1

249 1320 294 1373 τις
316 1299 429 1386 ἐμάνη;
450 1304 486 1363 τό
507 1302 588 1384 μετὰ
609 1305 705 1364 ταῦτα
734 1302 837 1379 πάθος
864 1303 1073 1387 ἐπιγενόμενον
1103 1307 1157 1389 τής
1176 1304 1293 1388 μανίας
1321 1304 1366 1388 τήν
1458 1319 1459 1378 )

249 1401 358 1484 όρθῶς
391 1403 642 1468 διατυπωθεῖσαν
671 1402 725 1468 οὐκ
755 1405 921 1490 ἀνατρέπει
954 1405 1121 1491 διαθήκην,
1158 1406 1265 1490 ὥςπερ
1302 1403 1366 1466 οὐδ’

203 1513 232 1562 10
251 1505 359 1589 ἕτερον
387 1507 585 1588 συνάλλαγμα
615 1507 807 1592 ἐπιγινομένη
832 1508 926 1591 μανία
952 1507 1139 1592 διαφθείρει.
1191 1509 1220 1570 2.
1255 1514 1285 1570 ὓ)
1298 1505 1367 1569 OM&
1382 1523 1399 1570 ι.

249 1609 301 1670 τὸν
321 1607 451 1687 ἄσωτον,
474 1606 504 1692 ᾦ
525 1613 588 1672 τῶν
611 1608 730 1672 οἰκείων
752 1611 943 1694 πραγμάτων
976 1611 995 1690 τ)
1027 1610 1169 1695 διοίκησις
1200 1612 1367 1695 ἀπηγόρευ-

249 1733 306 1788 ται,
330 1712 347 1773 ό
371 1711 465 1793 νόμος
486 1715 643 1798 συγχωρεῖ
664 1709 868 1790 διατίθεσθαι,
892 1713 911 1797 ή
936 1712 971 1774 δὲ
996 1714 1055 1796 πρὸ
1078 1717 1134 1798 τῆς
1149 1712 1304 1786 ἀσωτεῖας
1323 1734 1366 1791 γε-

250 1815 361 1901 νομένη
391 1813 542 1900 διαθήκη,
576 1815 712 1878 τουτέστι
746 1817 815 1900 πρὶν
843 1817 863 1900 ή
892 1815 1034 1899 διοίκησις
1062 1815 1153 1894 τῶν4)
1183 1816 1368 1898 πραγμάτων

248 1919 334 2002 αὐτῷ
356 1917 562 2002 ἀπαγορευθή
582 1917 703 1998 βεβαία
724 1915 856 2000 μένει.Ῑ))
909 1917 938 1980 3.
968 1911 1089 1990 ’Άλαλος
1112 1915 1164 2001 ήθ)
1188 1919 1299 1999 κωφὸς
1320 1915 1402 1976 οὐκ.)

201 2039 230 2087 15
248 2020 329 2100 ἀεῖθ)
353 2018 557 2082 διατίθενται·
578 2018 786 2099 διαλεγόμεθα
810 2020 877 2094 W)
901 2021 970 2103 περὶ
986 2019 1103 2082 ἐκείνου
1118 2017 1173 2081 τοῦ
1194 2021 1304 2102 κωφοῦ
1320 2020 1368 2079 τοῦ

249 2123 407 2195 παντελῶς
432 2122 476 2206 μὴ
506 2121 739 2202 ἐξακούοντοςθ)
768 2121 804 2183 ου’
831 2123 892 2206 μήν
924 2123 978 2183 τοῦ
1007 2119 1159 2206 βραδέως
1189 2119 1368 2194 ἀκούοντος·

248 2222 340 2299 οὗτος
361 2223 422 2304 γὰρ
446 2222 625 2285 διατίθεται.
669 2223 800 2306 καὶγὰρ
823 2223 903 2303 καθ)
935 2223 1049 2285 ἄλαλον
1071 2222 1188 2285 ἐκεῖνόν
1211 2245 1315 2305 φαμεν
1337 2222 1368 2283 οὐ

248 2328 301 2390 τὸν
328 2324 480 2409 βραδέως
507 2323 673 2398 λαλοῦντα,
701 2325 777 2388 ἀλλὰ
806 2327 858 2387 τὸν
883 2325 1042 2400 παντελῶς
1068 2325 1112 2409 μὴ
1143 2323 1368 2406 φθεγγόμενον.

248 2430 282 2492 τὸ
306 2428 341 2492 δὲ
364 2420 446 2491 εοθκ
476 2427 547 2490 ἀεί’
580 2425 784 2512 πμοςτέθεικα
812 2427 852 2490 δι’
881 2427 996 2512 ἐκείνην
1029 2430 1083 2514 τήν
1113 2427 1227 2488 αἰτίαν·
1263 2426 1370 2488 πολλά-

197 2546 231 2596 20
248 2533 335 2610 tecm)
359 2554 403 2605 τις
425 2531 517 2606 είδῶς
538 2535 706 2614 γράμματα
735 2532 783 2592 καῖ
814 2528 1062 2612 πεπαιδευμένος
1091 2531 1259 2610 συμφορᾶς
1281 2528 1371 2608 ἐπιγι-

248 2633 423 2718 νομένηςΠ)
447 2633 596 2714 (πλεῖσται
619 2632 655 2696 δὲ
678 2635 707 2694 αί
732 2632 843 2718 ταύτην
867 2630 1036 2711 ἐπάγουσαι
1061 2627 1167 2710 αλτίαι)
1198 2633 1254 2714 τῆς
1277 2629 1370 2714 ἀκοής

247 2733 344 2820 ήτῆς
365 2734 508 2819 γλώσσης
537 2733 705 2820 ἐστερήθη.
757 2735 804 2796 καὶ
832 2732 940 2819 ἐπειδή
973 2733 1058 2814 παρὰ
1085 2737 1150 2806 τοῖς
1176 2732 1319 2806 παλαιοῖς
1347 2734 1373 2795 οἱ

247 2840 376 2900 τοιοῦτοι
399 2835 454 2901 οὐκ
475 2834 626 2924 ήδόναντο
651 2835 853 2912 διατίθεσθαι,
877 2835 1016 2908 διάταξις
1037 2834 1185 2920 έφοίτησε
1217 2836 1272 2897 τοῦ
1292 2823 1374 2919 ’ήμε-

246 2940 339 3024 τέρου
361 2938 519 3022 βασιλέως
548 2938 715 3002 κελεύουσα
742 2941 806 3011 τοῖς
835 2937 870 3000 ἐκ
899 2935 1021 3012 πάθους
1053 2937 1095 3012 είς
1126 2939 1217 3000 τοῦτο
1248 2935 1372 2999 ἐλθοῦσι

196 3054 229 3104 25
244 3042 329 3122 μετά
348 3063 428 3116 τινος
452 3044 677 3126 παραφυλακής
699 3039 851 3102 δύνασθαι
873 3036 1075 3102 διατίθεσθαι.
1123 3041 1175 3101 τὸν
1198 3037 1235 3100 δὲ
1258 3039 1374 3122 τρόπον

209 3185 210 3188 =
246 3145 295 3207 καὶ
317 3143 416 3229 τήνθ)
440 3143 653 3230 παρατήρησιν
676 3142 756 3205 ἐστιν
778 3142 949 3215 ἀνελλιπῶς
975 3139 1133 3222 μαθεῖνῑθ)
1164 3142 1219 3226 τήν
1250 3140 1374 3224 εζσημέ·

248 3269 302 3331 νην
324 3246 495 3326 ἀναγνόντα
520 3245 633 3328 νεαρὰν
656 3243 803 3317 διάταξιν.
849 3244 876 3307 εί
898 3243 934 3306 δὲ
957 3241 1153 3326 διαθέμενος,
1184 3243 1276 3306 νόσου
1300 3266 1376 3324 συμ-

246 3348 350 3432 βάσης
372 3346 391 3432 ή
414 3346 447 3409 ἐκ
470 3344 618 3430 τιμωρίας
640 3347 824 3434 ἀργοντικής
845 3345 864 3429 ἢ
888 3342 924 3416 ἐξ
951 3344 1045 3430 ἄλλης
1072 3344 1257 3431 σίαςδήποτε
1288 3367 1374 3428 περι·

315 3623 337 3688 ι)
357 3621 468 3672 -θεται
488 3618 527 3671 Vi.
546 3619 592 3672 F1.
613 3618 645 3671 R.
777 3618 800 3685 ²)
818 3620 857 3687 τῷ
876 3617 926 3670 F'.
945 3631 1005 3670 cum
1024 3615 1075 3670 [ιῙ.
1093 3615 1143 3669 11².
1262 3616 1288 3681 ⁸)
1307 3615 1377 3667 ἀπέ·

246 3706 321 3758 λιπεν
341 3703 382 3759 vi.
400 3703 432 3758 R.
554 3705 578 3770 ⁴)
595 3703 668 3757 διοικ.
686 3704 761 3772 αὐτῷ
778 3719 884 3770 πραγμ.
900 3702 949 3756 Ll.
968 3701 1016 3756 12².
1035 3699 1066 3754 F.
1182 3704 1206 3768 ὅ)
1222 3700 1265 3752 καί
1283 3700 1318 3755 V.
1339 3698 1375 3752 B.
1458 3727 1459 3786 )

245 3791 270 3849 ⁶)
288 3789 314 3844 d·
332 3788 363 3843 F.
432 3789 455 3853 ⁷)
474 3788 498 3841 d.
516 3788 554 3842 Μ.
656 3788 680 3857 ⁸)
698 3789 737 3840 ἀνι.
756 3787 799 3843 vi.
817 3788 850 3841 R.
919 3786 943 3852 ⁹)
960 3787 987 3840 d.
1005 3787 1053 3841 12⁶,
1072 3786 1115 3841 vi.
1132 3785 1166 3840 R
1257 3787 1295 3852 ¹⁰)
1313 3785 1372 3854 γὰρ
1458 3797 1459 3850 )

246 3875 287 3929 αθ.
307 3874 349 3927 vi.
368 3873 400 3927 R.
508 3876 544 3939 ιι)
562 3872 615 3926 Μ.;
633 3879 684 3928 cet.
702 3874 803 3940 ἐπιγεν,
918 3873 955 3936 ¹²)
972 3873 1012 3926 ita
1030 3872 1105 3926 libri:
1123 3871 1155 3926 F.
1174 3872 1208 3927 de
1222 3869 1308 3925 ‘now
1330 3869 1376 3924 Vi.
1458 3871 1459 3952 )

246 3960 278 4014 R·
296 3959 330 4012 de
343 3957 428 4028 ’τὴν’,
531 3958 567 4025 ¹⁸)
585 3960 632 4011 τδν
650 3958 693 4012 ad.
713 3957 754 4011 vi.
774 3957 806 4012 R·
1458 3959 1459 3966 ’

313 4081 341 4142 ε)
359 4077 441 4132 αισι.
459 4077 543 4132 uam
569 4083 595 4144 ο,
616 4083 637 4141 ι,
655 4081 697 4132 τι,
733 4077 802 4145 πρε.
820 4079 863 4144 το,
880 4081 903 4132 ε.
1043 4077 1071 4144 b)
1091 4047 1183 4131 flam.
1200 4083 1225 4144 ο,
1243 4083 1266 4138 ι,
1291 4079 1325 4130 ιτ
1345 4084 1375 4128 ει

245 4161 449 4219 schol.ad.18.
484 4162 546 4230 Epa
572 4165 615 4225 30,
634 4165 658 4217 6.
1270 4191 1273 4197 ι
1458 4171 1459 4210 3
