2870 4716
517 349 748 418 -318-

73 539 314 620 praetoriae:
348 537 492 604 ciuiles
524 544 600 604 sunt
632 559 713 622 quae
747 539 867 621 legibus
894 539 1100 614 constitutae,
1135 543 1191 604 aut

74 665 158 724 certe
179 659 249 724 iure
264 659 347 724 ciuili
367 659 589 740 comprobatae
610 665 697 738 sunt;
721 659 951 742 praetoriae
974 663 1088 738 antem,
1112 678 1191 740 quas

74 785 201 860 praetor
215 799 253 844 ex
267 798 327 846 sua
340 780 554 846 iurisdictione
576 779 725 857 defininit,
749 801 830 863 quae
845 781 939 847 etiam
954 780 1026 844 bon
1035 781 1140 844 orari
1149 799 1192 845 ae

47 914 61 962 1.
76 898 232 964 (licuntur.
277 900 406 966 ethaeo
432 900 560 982 quidem
586 901 674 984 prior
695 901 808 966 diuisio
831 907 889 966 cst.
934 901 962 964 2.
986 900 1095 966 Altera
1115 919 1192 966 uero

76 1019 188 1085 diuisio
209 1039 248 1086 ca
269 1025 334 1099 cst,
357 1039 439 1102 quae
460 1021 493 1086 in
515 1026 668 1103 quattuor
687 1022 806 1104 species
829 1022 1009 1102 deducitur;
1033 1027 1089 1087 ant
1110 1023 1226 1088 enimc

76 1158 115 1203 cn
140 1145 444 1219 contrectarent,
467 1143 663 1225 autquasi
686 1161 729 1208 ex
752 1148 981 1221 contractu,
1005 1143 1193 1208 autexde-

77 1258 167 1324 licto
194 1265 251 1324 aut
278 1262 394 1342 quasi
421 1280 464 1326 ex
491 1262 651 1328 delicto.
697 1267 822 1344 oportet
849 1263 937 1346 prius
960 1262 998 1327 dc
1019 1261 1067 1328 his
1096 1261 1191 1345 loqui,

78 1399 156 1462 quae
178 1401 216 1446 ex
242 1385 407 1447 contracta
434 1388 525 1462 sunt3
557 1388 737 1449 contractus
768 1387 873 1450 autem
903 1387 952 1448 cst
978 1382 1113 1448 duorum
1142 1382 1193 1448 uel

78 1500 212 1582 plurium
234 1502 266 1567 in
288 1501 371 1567 idem
393 1502 559 1568 conuentio
580 1507 675 1585 atque
691 1521 869 1580 consensus,
892 1507 929 1566 ut
950 1501 1100 1583 obligatio
1123 1520 1193 1566 con-

79 1620 229 1688 stituatur
250 1628 283 1688 et
310 1623 392 1689 alter
414 1624 505 1690 altari
527 1624 679 1690 obnoxius
707 1595 868 1689 efficiatur.
913 1627 1066 1704 quattuor
1087 1626 1193 1688 autem
1214 1631 1245 1681 10

81 1761 117 1805 ex
138 1742 349 1808 contractibus
372 1744 519 1808 oriuntur
536 1744 690 1808 actiones:
713 1761 753 1808 re
774 1741 905 1807 uerbis
927 1741 1082 1806 litteris
1105 1760 1193 1806 oon-

80 1880 208 1942 sensu,
231 1863 407 1944 dequibus
430 1863 561 1946 singulis
583 1863 673 1929 nobis
697 1861 922 1944 dispiciendum
945 1867 1002 1926 est.

132 2509 134 2513 ·
167 2477 287 2557 Quibus
308 2477 409 2544 modis
432 2497 466 2544 re
491 2477 688 2545 contrahitur
709 2479 866 2562 obligatio.
911 2478 1034 2544 Titulus
1060 2481 1107 2543 14.

163 2633 207 2697 Re
229 2632 379 2714 obligatio
402 2631 485 2698 lacto
500 2632 637 2716 quodam
653 2632 850 2698 contahitur
864 2633 963 2698 ueluti
978 2632 1194 2698 numeratione

88 2756 116 2815 et
135 2769 154 2816 a
174 2769 269 2817 manu
289 2752 322 2816 in
344 2770 471 2818 manum
486 2753 701 2832 translatione,
723 2771 788 2834 qua
801 2753 948 2836 inspecie
969 2758 1113 2818 mutuum
1135 2757 1192 2818 est.

87 2877 249 2937 mutuum
272 2877 378 2938 antem
399 2871 443 2951 fit,
467 2891 538 2938 cum
560 2873 586 2940 is
609 2873 664 2956 qui
681 2874 796 2956 accipit
817 2872 960 2938 dominns
983 2871 1109 2954 quidem
1131 2869 1195 2936 effi·
1215 2881 1245 2930 15

88 2989 177 3069 citur,
199 3009 261 3056 non
284 3009 360 3056 uero
382 2993 414 3056 in
436 2991 561 3058 easdem
584 3011 634 3058 res
656 2993 745 3059 nobis
767 2991 804 3057 fit
825 2991 963 3071 debitor,
992 2999 1040 3058 set
1062 2993 1095 3057 in
1116 2991 1194 3056 alias

88 3110 218 3176 eiusdem
240 3111 437 3178 substantiae
458 3117 490 3177 et
512 3113 708 3194 quantitatis.
757 3113 1048 3195 »Accipientem
1071 3110 1194 3175 domi·

88 3230 309 3298 nuntiari«
342 3231 413 3296 ideo
442 3230 521 3312 dixi,
549 3237 587 3298 ut
614 3233 748 3299 uitarem
776 3251 869 3299 usum
892 3237 925 3298 et
946 3232 1138 3314 depositum:
1161 3231 1193 3295 in

90 3347 133 3414 his
153 3351 231 3418 euim
258 3371 309 3418 res
336 3353 515 3436 accipientis
543 3373 604 3419 non
634 3353 684 3419 fit:
717 3355 853 3420 »nobis
883 3358 1011 3419 autem
1040 3351 1194 3417 debito·

92 3485 160 3532 reru
180 3469 311 3550 lieri«,
334 3478 372 3537 nt
393 3471 592 3538 donationem
615 3473 758 3552 uitatem,
784 3475 816 3539 in
838 3492 902 3555 qua
924 3493 973 3538 res
996 3470 1121 3553 quidem
1145 3488 1194 3534 ac·
1211 3479 1245 3529 20
