2920 4750
585 375 825 438 -483—

147 571 276 632 sequar,
305 551 390 614 nullo
414 550 487 614 inde
511 550 696 615 detrimento
721 550 869 614 adficiar'.
916 555 946 614 et
970 571 1076 614 rursus
1101 552 1262 631 numquis

146 675 203 738 alii
222 675 346 754 debeat,
370 675 497 738 infitiari
514 675 626 758 coepit,
649 675 695 741 ita
710 676 869 756 cogitans:
894 674 920 738 si
937 675 1115 758 obrepsero,
1139 677 1263 740 absolu·

145 800 264 864 tionem
288 800 450 883 optinebo,
485 800 533 864 sin
562 806 666 864 antem
695 801 847 882 obrepere
875 819 937 864 non
965 808 1110 882 potuero,
1144 801 1262 864 nullum

145 924 365 989 detrimentum
389 927 502 1008 patiar,
528 925 666 989 debitum
690 926 826 989 soluens¹
861 932 985 990 ueteres
1009 946 1085 1007 ergo
1110 926 1263 990 eiusmodi

145 1056 287 1113 actorum
316 1050 491 1114 calumnias
516 1056 547 1114 et
569 1069 692 1116 reorum
721 1049 920 1114 initiationes
948 1069 1093 1114 resecare
1122 1051 1263 1116 uolentes
1301 1065 1316 1115 5

144 1194 267 1256 poenas
303 1176 576 1257 excogitauerunt:
611 1183 676 1239 tum
711 1175 925 1258 pecuniariam
961 1174 1261 1256 condemnationem,

143 1306 210 1362 tum
234 1300 437 1364 iurisiurandi
452 1299 647 1382 religionem,
672 1309 737 1364 tum
753 1300 944 1382 ignominiae
960 1305 1075 1364 metum
1091 1299 1263 1364 inicientea

106 1427 175 1487 1.1.
198 1423 240 1486 Et
263 1423 479 1488 iusiurandum
507 1423 633 1506 quidem
661 1423 804 1487 omnibus
832 1424 895 1488 reis
924 1443 964 1488 ex
992 1423 1263 1488 constitutionibus

143 1547 296 1630 principis
320 1548 418 1612 nostri
442 1547 588 1612 desertor.
634 1567 697 1612 non
721 1547 814 1612 aliter
841 1548 924 1612 enim
953 1547 1066 1628 aliquis
1095 1549 1159 1612 suis
1188 1549 1263 1612 alle-

144 1675 325 1756 gationibus
354 1675 397 1738 uti
425 1681 542 1758 potest,
577 1673 638 1737 nisi
665 1680 760 1739 antea
788 1673 951 1756 iurauerit,
980 1673 1063 1756 quod
1091 1679 1205 1757 putans
1229 1695 1262 1738 se
1285 1691 1318 1742 10

145 1801 231 1864 bona
254 1799 405 1864 instantia
429 1799 530 1863 actori
553 1797 770 1862 contradicere
794 1798 835 1862 ad
858 1797 1006 1862 iudicium
1030 1799 1182 1881 peruenit.
1217 1809 1264 1862 est
1329 1819 1331 1826 ’

142 1924 242 2006 igitur
264 1924 454 2007 grauissima
476 1943 580 2006 poena
604 1925 635 1987 in
659 1923 828 2006 periurium
852 1923 990 1987 incidere
1015 1930 1046 1986 et
1065 1923 1213 2004 debitum,
1236 1923 1264 1986 si

84 2062 129 2112 la.
142 2055 274 2130 constet,
297 2049 498 2113 nihilominus
514 2048 647 2112 soluere.
685 2051 735 2113 la.
753 2048 831 2111 Sunt
853 2048 1007 2128 quaedam
1025 2047 1165 2111 actiones
1182 2068 1263 2127 quae

142 2173 234 2257 dupli
249 2175 301 2238 nel
317 2174 403 2257 tripli
420 2174 710 2238 condemnationem
732 2172 859 2253 habent,
881 2171 977 2235 ueluti
994 2172 1120 2253 exlege
1138 2172 1264 2252 Aquilia

142 2306 239 2382 atque
263 2320 302 2364 ex
326 2299 440 2382 legatis
464 2299 698 2363 uenerabilibus
719 2298 798 2361 locis
822 2296 948 2360 relictis.
983 2296 1144 2360 hortamur
1167 2296 1263 2378 igitur
1283 2313 1314 2363 15

143 2446 215 2508 eos,
251 2425 306 2506 qui
334 2425 441 2505 aliqua
469 2424 578 2487 harum
614 2423 770 2486 actionum
799 2427 956 2501 tenentur,
991 2421 1096 2485 statim
1126 2421 1264 2484 debitum

142 2551 253 2632 l'ateri;
288 2570 361 2614 nam
392 2550 419 2613 si
447 2548 563 2612 infitias
591 2549 698 2628 ierint,
733 2548 765 2611 in
801 2547 929 2630 duplum
964 2545 1263 2626 condemnabuntur,

144 2675 279 2738 alterum
308 2671 452 2755 simplum
476 2677 603 2755 praeter
630 2671 677 2752 id,
707 2670 791 2751 qnod
815 2669 960 2750 debeant,
989 2687 1111 2753 poenae
1140 2670 1265 2733 nomine

81 2809 132 2863 lb.
145 2799 315 2864 soluentes.
354 2798 408 2863 lb.
429 2796 508 2861 Sunt
531 2796 687 2876 quaedam
704 2795 856 2875 actiones,
881 2813 962 2875 qnae
978 2793 1128 2858 maiorem
1151 2793 1265 2877 simplo

143 2923 437 2989 condemnationem
469 2922 600 3003 habent,
636 2921 778 3002 quamuis
808 2918 959 2983 aduersus
986 2919 1138 2983 fatentem
1166 2919 1265 2982 inten-
1285 2935 1320 2984 20

144 3048 275 3113 dantur:
299 3047 332 3112 in
355 3046 493 3130 duplum,
517 3046 599 3111 actio
623 3045 698 3110 turti
713 3065 772 3109 neo
794 3044 966 3125 manifesti3
991 3044 1023 3108 in
1047 3043 1265 3126 quadruplum,

145 3173 231 3238 actio
259 3171 333 3236 furti
356 3170 522 3235 manifesti.
575 3177 606 3234 et
633 3171 694 3234 hae
725 3169 851 3250 quidem
875 3177 946 3234 sunt
969 3188 1091 3251 poenae
1114 3167 1266 3232 aduersus

83 3312 129 3361 lc.
145 3317 218 3362 reos
242 3297 398 3362 inuentae.
437 3301 485 3362 lc.
510 3296 588 3360 Sunt
612 3295 706 3360 etiam
723 3295 874 3360 aduersus
891 3293 1118 3358 calumniantes
1142 3311 1266 3376 poenae
