2884 4728
312 1238 448 1336 Incipit
476 1260 564 1313 oum
593 1239 675 1314 Deo
704 1239 899 1315 Institutio
927 1239 1005 1314 lVa
1058 1187 1060 1190 Ι

124 1610 180 1673 De
205 1609 452 1691 obligationibus
476 1630 557 1690 quae
582 1630 622 1674 ex
645 1610 760 1675 delioto
783 1616 962 1674 naseuntur.
1007 1611 1130 1676 Titulus
1158 1615 1183 1676 1.

188 1769 266 1832 Cum
291 1769 465 1852 expositum
490 1769 530 1834 sit
557 1771 719 1853 superiore
742 1769 823 1834 libro
848 1770 886 1834 de
915 1769 1161 1852 obligationibus
1185 1778 1216 1836 et

89 1893 285 1973 actionibus
311 1913 393 1974 quae
417 1913 457 1957 err
481 1900 643 1959 eontraotu
666 1903 844 1974 naseuntur,
868 1894 1009 1976 sequitur
1024 1901 1058 1960 ut
1081 1896 1120 1960 de
1137 1895 1214 1960 obli-

92 2018 294 2101 gationibuS,
324 2039 405 2100 quae
430 2038 469 2083 ex
493 2019 646 2084 malelioio
674 2020 828 2100 oriuntur,
858 2021 1030 2102 loquamur.
1081 2021 1215 2085 diximus

91 2144 195 2223 enim,
232 2163 302 2207 oum
332 2143 370 2208 de
400 2143 647 2225 obligationibus
679 2151 817 2208 tractare
848 2143 1053 2224 instituimus,
1087 2145 1215 2209 easdem

91 2268 147 2332 uel
173 2287 213 2332 ex
237 2268 448 2332 contractibus
473 2269 523 2332 uel
548 2287 587 2332 ex
610 2267 732 2332 doliolis
761 2268 844 2332 oriri.
890 2275 938 2332 set
966 2289 1047 2350 quae
1063 2255 1115 2333 'ex
1143 2287 1215 2334 eon·
1252 2268 1268 2320 5

90 2399 202 2456 tractu
224 2399 395 2456 naseuntur
419 2392 629 2474 obligationes
653 2393 685 2456 in
708 2399 855 2474 quattuor
878 2413 996 2476 genera
1024 2393 1213 2474 diuiduntur,

91 2517 121 2579 h.
136 2537 165 2580 e.
181 2536 216 2580 re
240 2517 347 2580 uerbis
371 2516 488 2580 litteris’
503 2536 670 2596 eonsensu3
695 2517 755 2580 hae
779 2537 855 2581 uero
879 2517 969 2582 unius
986 2518 1111 2599 generis
1135 2525 1214 2582 sunt.

74 2641 177 2705 'siout
201 2640 284 2706 enim
308 2641 340 2705 in
363 2640 426 2704 illis
451 2648 629 2706 eontraotus
645 2642 807 2725 praeeedit
822 2648 854 2705 et
870 2647 1016 2722 quattuor
1031 2643 1114 2726 parit
1138 2643 1214 2706 obli-

91 2767 253 2848 gationes,
277 2767 322 2829 ita
345 2765 378 2830 in
402 2767 449 2830 his
466 2767 613 2831 delictum
628 2767 791 2850 praeeedit
807 2775 838 2832 et
854 2767 1007 2850 obligatio
1025 2787 1064 2832 ex
1084 2787 1118 2832 re
1141 2767 1215 2832 inde

90 2892 244 2955 nascitur.
280 2896 427 2972 quattuor
450 2898 555 2956 autem
579 2891 652 2956 inde
674 2893 830 2958 maleficia
852 2893 1054 2973 desoenduni,
1078 2893 1270 2956 furtum10

90 3015 233 3099 rapina
257 3016 427 3094 damnum
450 3016 599 3081 iniuria.
636 3021 662 3083 l.
686 3017 837 3081 Furtum
861 3023 910 3081 est
933 3017 1057 3083 alienae
1080 3017 1127 3082 rei
1144 3037 1215 3083 eon-

91 3141 244 3204 treotatio
275 3141 427 3224 pessima,
461 3161 542 3222 quae
574 3161 645 3206 eum
678 3142 732 3223 qui
758 3142 874 3206 furtum
902 3143 1019 3226 patitur
1046 3143 1098 3206 uel
1130 3143 1215 3207 eirea

92 3265 200 3348 ipsam
233 3285 300 3329 rem
333 3266 432 3330 laedit
464 3267 516 3331 uel
549 3267 634 3331 eirea
665 3288 755 3331 usum
788 3267 856 3332 eius
888 3267 939 3331 uel
972 3269 1212 3350 possessionem.

94 3389 184 3454 eirea
208 3390 310 3473 ipsam
334 3410 408 3472 rem,
432 3391 531 3456 ueluti
554 3411 623 3455 eum
646 3391 803 3455 hominem
819 3397 904 3455 tuum
924 3390 1105 3474 subripiam,
1131 3391 1215 3454 eirea

91 3535 206 3594 usum,
240 3515 338 3579 ueluti
373 3535 444 3580 oum
478 3515 512 3578 id
542 3515 627 3596 quod
656 3515 732 3579 mihi
761 3516 794 3578 in
824 3535 918 3578 unum
953 3514 1036 3578 diem
1066 3513 1213 3577 utendum
1235 3516 1267 3567 15

91 3639 205 3702 datum
222 3645 269 3703 est
292 3639 407 3704 diutius
429 3640 596 3722 retineam3
622 3639 706 3704 eirea
729 3639 961 3722 possessionem
986 3638 1119 3719 demum,
1144 3657 1213 3701 oum

91 3765 127 3827 id
155 3763 239 3844 quod
262 3770 412 3845 tanquam
436 3765 550 3848 pignus
566 3765 762 3829 retinendum
782 3764 888 3828 datum
910 3768 967 3842 est,
992 3762 1044 3826 uel
1065 3767 1214 3842 tanquam

91 3889 288 3972 depositum,
324 3888 415 3970 quasi
454 3888 596 3954 dominus
628 3890 817 3972 possideam.
865 3887 939 3951 furti
978 3893 1082 3951 autem
1116 3885 1213 3950 male-
