2884 4728
534 408 775 472 ,407-

97 581 149 645 uel
172 587 412 665 componeretur
435 583 487 646 nel
510 582 663 664 ederetur,
687 602 749 663 quo
773 583 947 665 ignominia
964 581 1123 647 adficerer.
1164 590 1214 647 set

98 713 129 770 et
152 707 267 789 siquis
283 707 552 771 matremfamilias
575 709 608 771 in
624 707 750 791 publico
768 716 893 772 euntem
912 715 967 771 ant
980 711 1212 790 praetextatum

97 831 148 896 uel
172 837 402 914 praetextatam
427 832 522 915 (idest
544 834 778 899 adulescentem
802 834 854 900 uel
876 835 1029 918 puellam:
1054 834 1107 916 qui
1130 833 1212 898 enirn

96 957 267 1021 iuuenilem
283 963 419 1022 aetatem
436 960 574 1040 agebant
589 964 792 1042 praetexta
811 960 987 1040 utebantur,
1013 957 1096 1039 quod
1111 977 1213 1022 roma-

97 1101 209 1145 norum
225 1083 443 1146 uestimentum
459 1084 551 1168 erat),
569 1084 749 1149 adsectatus
765 1085 859 1149 fuerit
874 1085 918 1148 nil
935 1103 1062 1166 prorsus
1079 1083 1211 1161 locutus,
1250 1097 1268 1147 c

97 1213 152 1270 ant
177 1207 296 1287 aliquid
320 1207 437 1288 dicens,
463 1227 523 1289 quo
549 1209 622 1272 boni
646 1229 753 1273 eorum
775 1229 879 1274 mores
895 1209 1052 1291 corrumpi
1074 1217 1213 1291 possent,

96 1332 281 1396 iniuriarum
305 1333 428 1396 actione
452 1332 616 1396 tenebitur.
655 1339 687 1397 et
710 1333 844 1414 deniqne
860 1333 932 1396 aliis
949 1333 1090 1416 pluribus
1113 1332 1214 1396 modis

63 1464 86 1514 2.
96 1456 221 1521 admitti
260 1457 404 1521 iniuriam
439 1457 638 1522 manifestum
674 1465 730 1522 est.
794 1461 822 1524 2.
846 1458 967 1522 Patitur
1006 1465 1110 1521 autem
1145 1457 1214 1537 quis

96 1581 245 1646 iniuriam
268 1603 330 1647 non
353 1583 453 1646 solnm
477 1602 534 1665 per
558 1591 656 1647 semet
679 1583 794 1666 ipsum,
823 1589 872 1646 set
894 1582 988 1646 etiam
1013 1601 1069 1664 per
1096 1581 1214 1645 liberos

96 1727 184 1788 suos,
207 1727 286 1789 quos
309 1707 341 1771 in
361 1715 517 1790 potestate
534 1708 639 1783 habet,
664 1715 696 1772 et
719 1729 776 1791 per
791 1728 919 1772 uxorem
943 1728 1041 1770 suam.
1076 1706 1108 1770 id
1132 1707 1213 1770 enim
1235 1719 1271 1770 10

95 1831 287 1914 praeualuit‚
312 1832 386 1896 licet
410 1831 537 1913 quidam
560 1838 670 1896 contra
686 1833 848 1896 senserint.
887 1833 993 1912 itaque
1010 1831 1037 1895 si
1053 1831 1116 1894 tilio
1132 1851 1213 1910 meo,

96 1976 192 2036 quem
217 1955 249 2019 iu
272 1963 428 2039 potestate
452 1957 569 2037 habeo,
598 1957 712 2020 iniuria
739 1956 825 2020 facta
848 1957 901 2037 sit,
929 1956 979 2019 uel
1003 1957 1094 2019 uxori
1116 1975 1215 2035 meae,

96 2079 284 2144 iniuriamm
307 2083 390 2145 actio
413 2082 488 2144 mihi
512 2081 645 2146 dabitur.
679 2083 786 2163 itaque
810 2082 836 2146 si
852 2081 918 2145 filia
932 2100 1005 2145 mea
1020 2080 1102 2144 Titio
1118 2087 1216 2162 nupta

96 2211 173 2269 ate
196 2204 343 2268 iniuriam
367 2226 463 2288 passa
486 2207 540 2287 sit,
569 2215 600 2270 et
623 2207 707 2290 ipsa,
738 2226 820 2287 quae
848 2205 993 2269 iniuriam
1023 2204 1159 2286 accepit,
1185 2211 1216 2268 et

96 2328 201 2392 Titius
225 2329 292 2394 eius
316 2330 377 2409 nir,
407 2337 438 2394 et
462 2350 521 2412 ego
545 2337 636 2414 pater
665 2331 849 2395 iniuriarum
878 2331 1033 2394 actionem
1062 2348 1212 2393 anuersus
1236 2339 1271 2391 15

98 2461 128 2516 te
153 2453 349 2519 habebimus.
396 2463 506 2520 contra
530 2465 642 2537 autem,
667 2455 693 2520 si
717 2456 784 2520 uiro
808 2456 923 2519 iniuria
950 2457 1035 2518 tacta
1059 2454 1113 2534 sit,
1138 2473 1217 2518 uxor

97 2579 285 2644 iniuriarum
316 2600 413 2662 agere
439 2599 503 2644 non
530 2587 648 2663 potest3
678 2578 804 2644 defendi
832 2579 915 2643 enim
944 2599 1058 2643 uxores
1087 2579 1215 2658 amris,

96 2723 163 2768 non
188 2704 274 2769 uiros
298 2706 339 2768 ab
362 2705 514 2769 uxoribus
538 2725 672 2785 aequum
696 2711 752 2770 est.
795 2712 825 2768 et
849 2724 939 2768 socer
962 2725 1058 2768 nurus
1081 2704 1216 2784 nomine,

97 2849 183 2910 qnae
208 2829 275 2894 eins
298 2828 363 2895 lilio
380 2835 479 2912 nupta
493 2835 551 2910 est,
577 2849 668 2910 quem
684 2829 718 2892 in
732 2833 889 2911 potestate
905 2829 1010 2908 habet,
1035 2828 1217 2891 iniuriarum

63 2966 86 3015 3.
96 2959 187 3018 recte
212 2961 295 3036 aget.
337 2958 365 3020 3.
392 2953 426 3017 Si
442 2974 552 3018 seruus
567 2974 655 3018 meus
675 2954 820 3018 iniuriam
836 2953 963 3037 patitur,
987 2953 1074 3016 nulla
1090 2952 1120 3016 ei
1136 2952 1217 3016 actio
1236 2959 1273 3011 20

97 3079 261 3162 competit.
300 3086 348 3143 set
372 3099 411 3142 ea
433 3078 558 3159 iniuria,
583 3099 676 3159 quam
700 3078 753 3142 ille
777 3099 891 3161 passus
916 3083 972 3157 est,
997 3096 1057 3160 ego
1075 3076 1217 3140 dominus

98 3203 197 3268 adfici
224 3203 398 3286 intellegor.
445 3225 506 3268 non
538 3210 644 3268 tamen
676 3203 789 3285 quibus
821 3203 921 3267 modis
945 3201 1009 3265 filio
1036 3201 1088 3265 uel
1120 3221 1217 3264 uxore

96 3327 219 3392 iniuria
234 3328 377 3410 adfectis,
402 3329 484 3393 actio
501 3329 576 3392 milri
593 3329 693 3410 datur,
718 3329 818 3392 isdem
838 3334 870 3391 et
885 3347 987 3392 seruo.
1021 3347 1078 3409 per
1094 3345 1217 3389 sernum

98 3453 187 3518 eninr
209 3460 283 3518 tunc
307 3454 452 3518 iniuriam
474 3454 542 3537 pati
565 3454 684 3534 uideor,
708 3474 777 3518 cum
798 3452 917 3534 aliquid
933 3451 1070 3515 atrocius
1093 3451 1125 3514 in
1148 3469 1220 3513 eum
