2864 4736
516 334 754 397 —448—

86 505 221 570 debitum
239 526 301 570 non
317 507 475 589 repetitur.
511 525 665 586 quaenam
683 526 758 571 uero
775 508 815 572 sit
830 508 911 604 ratio
928 507 1032 572 dioere
1052 515 1189 592 oportet:

83 631 160 695 ratio
185 638 290 695 autem
306 630 385 694 haeo
402 637 458 695 est
493 651 563 695 eum
580 631 730 696 ordinarii
749 632 833 696 serui
849 631 1005 715 peculium
1022 631 1189 698 aestimare

83 755 224 819 uolumus
249 763 425 819 ueteranum
447 743 551 819 rerum
572 757 674 838 pretia
694 761 910 839 computantes
930 756 1042 820 uiuarii
1065 777 1189 837 quoque

81 879 329 943 aestimationem
353 880 497 944 addimus
521 886 553 944 et
575 881 634 944 hoe
658 880 749 944 modo
774 879 948 944 iudicamus
971 887 1091 945 tantam
1119 901 1189 946 esse

81 1003 193 1084 peoulii
218 1004 432 1084 quantitatem.
472 1024 553 1084 quae
578 1025 647 1068 enm
671 1004 716 1068 ita
739 1005 809 1084 sint,
834 1023 897 1067 non
919 1010 1024 1087 potest
1040 1005 1187 1088 nicetius,
1225 1021 1240 1071 5

79 1127 166 1190 ouius
185 1127 361 1192 aestimatio
385 1127 542 1210 peculium
559 1136 662 1209 auget,
687 1129 718 1192 id
734 1129 873 1192 minuere
889 1135 1016 1210 propter
1033 1149 1081 1210 ea,
1106 1150 1187 1211 quae

78 1251 105 1314 ei
128 1251 291 1330 debentur,
315 1271 354 1314 ne
378 1252 461 1316 idem
484 1253 575 1316 homo
592 1251 770 1315 inueniatur
786 1251 847 1316 duo
864 1253 1002 1316 efficiens
1019 1255 1185 1334 annuatia,

77 1395 196 1457 augens
229 1376 371 1439 nimirum
401 1385 433 1440 et
459 1377 601 1478 minuens
636 1376 800 1458 peculium.
850 1376 933 1441 idem
961 1383 1009 1441 est
1038 1377 1131 1441 etiam
1159 1379 1187 1442 si

76 1499 165 1578 filius,
191 1501 245 1580 qni
268 1501 299 1563 in
322 1507 376 1564 tua
400 1506 448 1564 est
470 1508 633 1583 potestate,
657 1520 783 1564 seruum
798 1501 830 1564 in
846 1520 903 1565 suo
919 1501 1042 1584 peculio
1060 1503 1184 1583 habeat,

76 1624 127 1706 qui
151 1625 361 1707 peculiaris
392 1626 520 1706 dieitur,
549 1626 630 1689 etis
654 1625 729 1690 mihi
752 1625 777 1688 C
800 1645 914 1690 aureos
942 1626 1064 1722 debeat.
1115 1647 1184 1690 oum
1205 1643 1238 1694 10

76 1769 148 1812 uero
174 1750 351 1814 aestimatio
375 1751 443 1814 eins
462 1751 578 1834 peculii
596 1749 619 1814 C
637 1770 802 1815 aureorum
814 1750 875 1834 sit,
901 1750 995 1814 debet
1011 1750 1183 1833 peculiario

74 1893 164 1936 seruo
189 1894 303 1938 anneus
328 1875 359 1937 C.
401 1875 495 1938 etiam
520 1875 569 1939 hio
586 1874 717 1938 mannus
740 1874 803 1937 tale
828 1873 966 1938 debitum
982 1895 1046 1938 non
1062 1874 1183 1956 dednoi,

73 2017 111 2060 ne
134 1998 304 2080 peculiaris
329 2019 454 2078 seruus,
479 1999 532 2079 qni
555 1999 611 2062 filii
634 1999 679 2062 tui
702 1999 858 2082 peculium
882 2019 940 2062 sua
963 1998 1182 2062 aestimatione

71 2129 179 2204 auget,
204 2123 236 2185 id
259 2123 393 2203 minuat,
421 2128 549 2205 propter
573 2144 626 2205 ea,
651 2143 733 2203 quae
757 2123 786 2186 ei
809 2123 995 2187 naturaliter
1018 2123 1180 2203 debentur,

71 2253 100 2308 et
130 2247 215 2311 idem
244 2248 334 2310 homo
363 2248 541 2311 inueniatur
569 2248 631 2312 duo
661 2247 818 2311 contrarie
845 2247 877 2312 in
905 2247 1014 2311 eodem
1043 2247 1181 2311 efficiens
1202 2261 1234 2312 15

38 2371 202 2452 uindicio,
232 2389 352 2454 augens
380 2372 524 2436 nimirum
552 2379 584 2436 et
612 2372 755 2436 minuens
783 2371 948 2454 peculium.
994 2376 1022 2437 5.
1047 2372 1095 2434 Ex
1122 2372 1179 2448 his,

68 2515 149 2574 quae
174 2495 318 2576 diximus,
342 2497 442 2576 liquet
456 2497 564 2580 plnres
580 2515 649 2560 esse
666 2496 816 2576 notiones,
841 2496 953 2578 quibus
973 2497 1004 2559 in
1021 2497 1179 2560 dominum

67 2621 205 2703 expetiri
234 2639 401 2702 possumus
432 2641 540 2685 eornm
567 2621 704 2702 nomine,
734 2640 816 2700 qnae
841 2641 861 2683 a
888 2621 988 2684 seruis
1018 2621 1179 2685 debentur.

66 2751 112 2807 est
153 2745 237 2808 enim
277 2745 389 2825 ‘quod
423 2745 550 2826 iussn,
590 2752 638 2809 est
675 2744 888 2825 institoria,
933 2745 1177 2824 exercitoria,

64 2869 287 2949 tributoria‚
324 2870 367 2934 de
401 2871 553 2953 peoulio
582 2869 662 2934 siue
691 2869 733 2932 de
762 2869 797 2932 in
824 2888 899 2932 rem
934 2888 1054 2932 uerso.
1105 2869 1232 2932 lieet20

64 3001 170 3056 antem
200 2993 326 3075 ouique,
356 2995 473 3058 omissa
496 2993 588 3076 ‘quod
617 2994 712 3057 iussu'
741 2994 876 3073 actione,
911 2993 964 3056 uel
991 2992 1178 3057 exercitoria

64 3117 112 3179 uel
142 3117 300 3182 institoria
331 3117 372 3181 ad
401 3119 556 3181 astionem
585 3117 625 3188 de
648 3117 772 3200 peculio
796 3117 939 3182 transire.
997 3137 1066 3182 oum
1095 3117 1176 3180 enim

62 3241 223 3320 generalis
247 3243 287 3305 sit
310 3243 392 3306 aetio
417 3241 454 3305 de
478 3242 613 3324 peculio,
640 3242 711 3305 niee
735 3242 871 3306 omnium
896 3241 1036 3305 exeroeri
1059 3245 1174 3323 potest:

61 3363 134 3428 illae
161 3365 245 3428 enim
268 3366 423 3448 speciales
451 3372 537 3446 sunt,
565 3366 636 3448 ipsa
663 3367 828 3447 generalis.
879 3366 992 3430 stultns
1022 3383 1099 3427 uero
1127 3369 1175 3426 est

108 4185 206 4235 Theona.
222 4187 333 4226 Anteoesn.
348 4197 390 4226 roo.
404 4185 491 4226 Furtim.
