2864 4736
515 359 756 423 -427—

86 533 305 618 persequitunr,
336 541 389 598 ant
418 533 641 616 uindicatione‚
669 534 735 598 sine
759 533 810 598 fur
832 534 899 599 siue
923 534 1004 598 alins
1030 534 1100 614 quio
1124 554 1195 599 eam

85 657 250 742 possideat,
275 665 329 722 aut
352 659 468 723 furtiua
484 659 691 740 condictione,
716 678 779 739 qua
794 659 946 723 aduersus
971 660 1073 742 ipsum
1095 657 1196 723 furem

44 794 78 845 19.
86 802 245 866 possumus
274 783 418 866 experiri.
467 785 516 850 19.
540 783 580 848 Ui
608 789 713 847 entem
741 783 894 848 bonorum
922 787 1084 866 raptorum
1112 782 1195 847 actio

86 907 179 971 mixta
194 914 255 972 est:
280 908 354 988 quia
370 907 402 970 in
419 907 595 991 quadruplo
612 907 658 971 rei
674 925 798 989 qnoque
817 907 995 990 persecutio
1021 907 1196 971 continetur

86 1038 113 1096 et
132 1030 204 1096 ideo
233 1030 440 1116 quadruplum
467 1051 530 1096 non
558 1037 657 1096 totum
684 1032 717 1096 in
744 1051 849 1115 poena
876 1037 933 1096 est.
979 1037 1028 1096 set
1057 1038 1089 1096 et
1115 1031 1197 1114 Iegis
1234 1049 1250 1100 5

85 1157 218 1238 aquiliae
242 1156 325 1220 actio
349 1156 449 1221 mixta
472 1161 533 1238 est,
562 1176 625 1221 non
649 1156 750 1220 solum
773 1155 801 1220 si
828 1155 982 1221 aduersus
1010 1155 1197 1220 infitiantem

84 1282 113 1345 in
135 1281 261 1364 duplum
286 1286 414 1363 egetur3
439 1285 488 1344 set
510 1280 666 1345 interdum
690 1287 722 1346 et
744 1279 772 1344 si
794 1279 827 1345 in
843 1280 989 1363 simplum
1008 1279 1197 1344 intendatur·

84 1425 151 1470 nem
176 1403 296 1486 siquis
323 1405 480 1469 hominem
508 1425 610 1469 meum
639 1403 785 1469 claudum
809 1408 864 1469 aut
886 1404 1007 1468 luscum
1036 1403 1196 1485 occiderit,

84 1530 134 1610 qni
154 1530 189 1594 in
217 1529 328 1595 eodem
355 1549 438 1594 anno
466 1529 589 1612 integer
616 1529 724 1610 fuerit,
752 1535 830 1612 puta
859 1534 931 1593 ente
954 1529 1023 1610 VH,
1047 1528 1121 1592 VIII
1144 1534 1199 1592 aut

84 1654 178 1719 etiam
206 1655 237 1718 X
264 1675 401 1735 menneo,
433 1675 527 1738 quam
554 1663 733 1736 necaretur,
768 1655 829 1718 eois
859 1653 995 1718 indicem
1025 1653 1066 1717 ad
1098 1658 1197 1718 totum
1219 1671 1252 1722 10

83 1779 257 1862 proximum
280 1786 395 1844 ¹annum
418 1778 591 1862 respicere,
621 1797 691 1842 cum
715 1777 753 1841 de
777 1778 804 1840 1⁰
831 1776 911 1858 Iegis
942 1776 1048 1859 capite
1072 1781 1195 1858 agatur,

83 1911 113 1968 et
140 1904 185 1968 ad
211 1903 345 1988 pretium
373 1902 440 1968 eius
470 1902 534 1968 dIei
563 1902 650 1967 litem
679 1901 859 1981 aestimare,
894 1900 927 1965 in
962 1919 1024 1982 qno
1056 1899 1198 1965 inueniat

84 2029 221 2094 occisum
258 2047 382 2092 seruum
420 2026 546 2111 plurimi
583 2026 695 2106 fuisse,
740 2025 910 2090 secundum
948 2025 1012 2088 inm
1051 2023 1198 2089 traditam

84 2153 322 2217 distinctionem.
369 2171 443 2216 ecce
476 2150 559 2216 enim
587 2149 759 2232 quomodo,
786 2150 863 2214 ficet
889 2149 1035 2233 simplum
1063 2156 1197 2233 petatur,

83 2283 186 2342 tamen
198 2296 321 2360 poenae
340 2297 462 2358 qnoque
475 2275 726 2360 persecutionem
742 2275 822 2340 inse
838 2274 922 2339 actio
936 2274 1104 2339 contineat.
1128 2295 1198 2339 cum
1220 2293 1252 2344 15

83 2402 164 2466 enim
189 2402 312 2466 occisus
336 2421 446 2466 seruus
471 2400 637 2466 occisionis
653 2407 794 2484 tempore
813 2399 893 2464 sorte
909 2400 940 2463 II
956 2399 1062 2464 eureis
1086 2399 1199 2481 dignus

82 2534 176 2609 esset,
201 2526 421 2591 condemnatio
445 2527 477 2590 in
502 2526 526 2590 Ο
550 2545 662 2591 aureos
685 2525 727 2608 fit,
750 2545 824 2590 narn
847 2524 875 2590 is
899 2525 979 2590 tanti
998 2525 1112 2605 iuerat,
1137 2544 1199 2605 quo

80 2657 223 2735 tempore
247 2651 370 2734 integer
396 2656 473 2716 erat
518 2651 635 2715 Mixto
657 2650 729 2715 item
754 2655 803 2714 est
825 2649 909 2715 actio
935 2650 969 2714 in
991 2649 1051 2714 hac
1075 2667 1214 2731 qnoque·

80 2775 197 2859 specie.
247 2795 318 2841 cum
357 2776 426 2857 quis
463 2781 639 2840 moreretur
676 2775 815 2857 legatum
853 2774 966 2839 fideiue
1000 2773 1201 2839 commissum

81 2899 239 2965 ecclesiae
262 2900 494 2966 monasterioue
518 2899 696 2964 oratorione
721 2898 817 2964 aliiue
841 2898 994 2964 eiusmodi
1024 2896 1200 2963 uenerabili
1219 2914 1254 2967 20

78 3024 151 3089 Ioco
177 3024 303 3107 eliquit:
329 3024 441 3090 deinde
465 3025 518 3107 qui
541 3025 681 3108 legatum
704 3023 817 3088 fideiue
835 3024 1035 3090 commissum
1053 3022 1199 3102 debebat,

79 3150 203 3214 tamdiu
228 3150 303 3215 dare
328 3150 455 3232 distulit,
479 3149 579 3215 donec
595 3150 628 3213 in
643 3148 792 3214 iudicium
806 3155 937 3213 uocatus
956 3148 1092 3213 adesset.
1126 3153 1199 3210 tuno

78 3275 199 3339 etenim
223 3281 255 3339 et
278 3275 379 3359 ipsam
402 3295 468 3340 rem
491 3275 543 3339 nel
566 3274 732 3358 pecuniam
747 3281 943 3339 numeratam
965 3272 1108 3338 relictam
1124 3271 1200 3336 dore
