2884 4728
531 403 771 467 -376—

92 575 257 656 habemus,
284 575 429 641 similiter
458 596 498 642 ex
525 577 646 642 duabus
674 577 743 642 istis
771 579 876 642 tausis
903 578 994 643 nobis
1017 578 1206 660 adquiritur:

92 699 306 765 admonendus
333 719 368 765 es
395 707 501 766 tumen
529 721 569 766 er
595 703 701 786 operis
729 703 813 767 illius
841 703 939 784 serui,
969 703 1002 766 in
1029 723 1090 784 quo
1117 723 1207 768 usum

91 823 253 906 habemus,
277 843 341 889 non
364 825 489 906 adquiri
512 825 603 890 nobis
626 827 688 891 nisi
711 827 791 892 forte
815 845 925 891 seruus
940 827 1010 910 ipse
1026 847 1100 891 suas
1120 828 1207 892 loea-

59 967 80 1018 a.
90 947 173 1012 uerit
195 969 317 1032 operas.
353 953 381 1016 3.
406 948 523 1014 Seruus
539 951 711 1016 eommunis
734 972 793 1035 pro
815 947 972 1017 dominica
986 957 1086 1035 parte,
1111 951 1208 1017 idest

89 1093 144 1155 pro
167 1093 231 1154 qua
246 1081 336 1156 parte
354 1074 503 1155 cuiusque
520 1075 552 1140 in
568 1074 705 1140 dominio
723 1082 779 1157 est,
805 1075 939 1140 dominis
956 1076 1105 1159 adquirit;
1129 1077 1207 1141 illud
1244 1092 1260 1144 5

90 1217 165 1262 uero
191 1199 389 1264 manifestum
414 1205 462 1264 est
485 1199 512 1262 si
535 1199 590 1264 uui
613 1198 738 1265 domino
755 1200 937 1266 nominatim
953 1201 1120 1285 stipulatus
1137 1202 1206 1282 erit,

88 1322 203 1386 ueluti:
220 1324 325 1388 Titio
343 1324 491 1388 domino
507 1344 587 1389 meo
604 1324 736 1389 dabis?
751 1325 798 1389 illi
810 1325 870 1390 soli
880 1326 1057 1408 adquirere,
1074 1326 1206 1409 proinde

88 1465 124 1510 ao
148 1447 180 1510 si
195 1467 253 1530 per
268 1447 470 1512 traditionem
494 1449 561 1513 eius
577 1455 698 1513 tantum
714 1449 789 1514 Titii
805 1451 930 1514 nomine
950 1450 1024 1533 quid
1041 1451 1206 1534 acceperit

88 1578 135 1635 set
158 1571 188 1636 si
211 1571 303 1636 unius
327 1570 446 1636 domini
468 1573 555 1638 iussu
572 1575 739 1658 stipulatus
762 1575 857 1638 fuerit
872 1594 992 1654 seruus,
1016 1575 1151 1640 nominis
1174 1575 1206 1638 in

88 1695 292 1780 stipulatione
309 1695 396 1760 nulla
412 1698 571 1762 mentione
587 1699 681 1780 faeta,
704 1720 821 1782 magna
840 1706 909 1764 erat
923 1697 1009 1783 apud
1025 1707 1149 1764 ueteres
1165 1699 1204 1764 de
1225 1710 1260 1768 10

88 1821 146 1884 bae
163 1841 198 1886 re
217 1820 440 1886 controuersia.
476 1822 593 1888 decisio
610 1831 715 1887 tamen
731 1825 886 1906 prooessit
902 1824 1107 1889 sacratissimi
1122 1824 1206 1907 priu-

87 1945 166 2028 eipis
185 1946 297 2026 nostri,
322 1953 356 2010 ut
379 1947 426 2011 illi
442 1947 502 2011 soli
515 1947 700 2028 adquiratur
716 1949 769 2028 qui
785 1949 926 2028 iusserit3
950 1970 1032 2030 nam,
1056 1961 1089 2013 ut
1110 1967 1206 2032 supra

18 2105 27 2124 ·
86 2069 205 2134 dietum
230 2079 287 2150 est,
313 2072 396 2153 quod
419 2091 534 2136 nornen
557 2073 723 2154 adieeturn,
747 2073 830 2137 idem
854 2073 950 2138 effieit
972 2074 1083 2138 iussus.

230 2689 361 2804 ¹Quibus
384 2729 486 2794 modis
510 2730 660 2812 obligatio
684 2729 810 2794 tollitur.
856 2729 980 2794 Titulus
1005 2733 1055 2796 29.

177 2889 255 2954 Cum
279 2890 318 2955 de
347 2890 573 2972 obligationum
601 2891 723 2974 origiue
748 2890 933 2971 dixernnus,
962 2889 1127 2956 dieendurn
1156 2896 1205 2955 est

83 3013 122 3078 de
148 3033 259 3078 earum
283 3015 446 3080 solutione.
481 3015 633 3097 quidquid
656 3015 739 3079 enim
761 3014 862 3080 modis
879 3014 1068 3097 quibusdam
1091 3014 1257 3084 consti-15

83 3139 183 3202 tuitur
204 3139 237 3203 id
265 3146 297 3204 et
324 3139 511 3220 quibusdam
539 3139 640 3204 modis
667 3139 843 3204 resoluitur.
889 3139 1009 3204 tollitur
1036 3139 1068 3202 in
1095 3137 1203 3222 primis

84 3263 190 3328 omnis
214 3264 366 3346 obligatio
392 3263 557 3346 solutione,
580 3264 725 3345 quotiens
748 3264 779 3327 id
805 3264 889 3345 quod
910 3263 1042 3326 debetur
1057 3262 1202 3342 soluitur3

82 3387 200 3469 ueluti,
234 3389 366 3453 nummis
398 3387 526 3470 debitis,
555 3388 581 3452 si
610 3389 727 3453 nummi
758 3387 928 3452 soluentur.
985 3387 1011 3450 si
1042 3405 1116 3450 vero
1146 3404 1202 3469 pro

83 3513 233 3594 nummis,
250 3513 437 3578 frumentum
454 3534 511 3577 seu
524 3512 611 3577 aliud
627 3513 712 3594 quid,
730 3513 896 3577 autetiam
913 3519 1031 3590 eontra,
1049 3509 1201 3588 soluatur,
