2926 4708
549 346 777 410 -195-

93 529 197 596 ditum
220 530 351 596 inritum
373 548 540 613 possumus
562 532 734 614 appellare,
763 537 858 615 atque
880 533 1149 600 indiscriminatim
1172 534 1223 598 his

93 651 277 717 nominibus
299 651 357 718 uti.
404 653 473 717 ideo
496 671 572 717 uero
602 650 742 734 singulus
769 651 976 735 propriusque
996 652 1223 735 appellationes

92 771 282 850 inuenimus,
306 776 344 836 ut
366 790 404 838 ex
425 771 559 853 propriis
581 771 759 837 nominibus
788 770 901 837 uitium
931 772 1105 838 subiectum
1134 773 1224 838 intel·

58 891 237 972 elegentes
266 890 300 955 id
329 890 434 956 uitare
460 891 625 973 possimus.
680 893 708 954 6.
743 889 799 956 Set
826 891 888 955 tria
917 890 994 956 haec
1021 890 1115 970 uitis,
1142 907 1223 971 quoe

94 1011 249 1088 diximus,
278 1007 401 1076 ciuilem
431 1009 591 1075 infirment
616 1016 856 1087 testamentum,
893 1011 1084 1093 praetorium
1118 1017 1222 1076 antem
1256 1011 1274 1062 ³

94 1149 158 1196 non
184 1135 339 1212 tangunt:
367 1135 418 1196 eet
443 1133 524 1197 enim
561 1130 727 1196 ridiculum
756 1137 840 1196 esset
866 1131 969 1196 dicere
998 1130 1038 1196 de
1066 1131 1229 1213 praetorio,

96 1257 288 1318 testamento
303 1270 363 1316 non
379 1269 448 1318 esse
462 1252 496 1316 id
511 1252 581 1318 iure
596 1249 681 1318 ciuili
695 1251 863 1318 conditum.
887 1247 942 1316 Set
957 1269 1013 1316 nec
1033 1249 1135 1332 rumpi
1157 1255 1225 1331 pot·

96 1378 145 1436 est
167 1389 274 1452 neque
296 1371 423 1438 inritum
445 1371 529 1450 fieri,
558 1373 585 1438 si
613 1377 748 1438 testetur
774 1389 868 1454 quem
896 1389 1008 1454 passus
1035 1377 1085 1437 est
1112 1369 1223 1453 eapitis

96 1491 346 1558 deminutionem
369 1510 481 1558 rursus
503 1489 643 1574 effugiat
689 1495 815 1574 praetor
843 1493 924 1557 enim
953 1490 1016 1556 duo
1042 1490 1120 1555 haec
1148 1495 1225 1555 tem·

97 1629 175 1692 pore
197 1611 341 1693 inquirit,
365 1613 545 1679 testamenti
567 1613 686 1679 scilicet
711 1610 829 1678 conditi
859 1617 892 1678 et
917 1612 1037 1676 mortis.
1081 1616 1176 1691 atque
1198 1608 1223 1673 si
1246 1620 1277 1672 10

97 1732 242 1797 inueniat
265 1739 399 1812 utroque
425 1737 566 1813 tempore
594 1749 663 1795 eum
695 1729 1040 1795 testamentifoctionem
1067 1728 1224 1805 habuisse,

98 1853 167 1919 eius
190 1858 297 1918 ratum
318 1851 415 1917 habet
436 1853 668 1925 testamentum,
691 1849 768 1913 nihil
790 1849 943 1915 curiosius
966 1849 1005 1915 de
1026 1847 1129 1914 medio
1150 1853 1226 1913 tem·

99 1991 175 2053 pore
197 1973 348 2038 loborans
370 1972 438 2036 sine
460 1957 712 2036 ciuitatem'siue
727 1969 905 2034 libertatem
927 1967 1077 2032 omiserit
1100 1969 1225 2033 omnino

100 2091 236 2157 enimsi
266 2097 385 2173 septem
407 2091 535 2154 testium
558 2089 648 2170 signa
674 2085 823 2170 imposita
848 2093 939 2164 sunt,
969 2093 1064 2168 stoue
1093 2092 1226 2166 utroque

99 2219 242 2292 tempore
264 2209 443 2274 testamenti
473 2208 586 2274 hebuit
612 2207 780 2273 factionem
810 2209 864 2290 qui
894 2211 1037 2271 mortum
1066 2213 1114 2270 est
1143 2207 1227 2288 (erat
1246 2211 1277 2262 rs

100 2347 212 2413 nempe
234 2327 315 2394 ciuis
338 2345 485 2392 romanus
514 2332 546 2392 et
572 2327 828 2408 paterfamilias),
858 2327 974 2408 scripto
1001 2324 1109 2390 heredi
1132 2323 1227 2388 bono·

100 2467 169 2514 rum
191 2449 422 2532 possessionem
446 2448 658 2513 secundum
686 2446 846 2512 tabulas
873 2445 1047 2528 pollicetur.
1093 2443 1176 2524 quod
1199 2440 1227 2505 si

99 2568 132 2632 in
146 2567 261 2649 capitis
276 2565 488 2631 deminutione
503 2573 645 2632 mortuus
661 2567 711 2642 sit,
736 2564 834 2631 ueluti
849 2565 876 2630 si
890 2583 961 2630 cum
983 2581 1053 2630 sese
1075 2565 1229 2643 adrogan-

99 2685 174 2750 dum
198 2683 340 2750 dedisset
369 2689 536 2766 antequam
563 2683 614 2750 sui
642 2684 721 2750 iuris
748 2681 925 2751 efficeretur
953 2682 1131 2758 decesserit,
1154 2688 1228 2746 tunc

101 2807 168 2886 ipse
189 2822 317 2888 quoque
339 2809 465 2886 praetor
487 2803 556 2870 eius
578 2808 802 2869 testamentum
824 2803 952 2868 inritum
974 2821 1043 2868 esse
1074 2799 1280 2882 agnoscitne

101 2941 202 3004 neque
225 2924 346 3006 scripto
367 2925 477 2990 heredi
503 2923 655 2989 bonorum
683 2923 910 3004 possessionem
939 2921 1109 2988 secundum
1139 2895 1232 2984 tubu-¹

58 3059 81 3108 r.
99 3043 148 3109 los
169 3043 345 3126 pollicetur.
370 3043 399 3106 7.
422 3042 502 3108 Cum
523 3042 650 3122 quidum
673 3047 758 3108 esset
771 3046 906 3107 testatus
922 3045 1017 3123 atque
1038 3045 1228 3106 testamento

102 3164 230 3229 condito
252 3162 498 3245 superuixisset,
521 3161 568 3226 eit
590 3179 624 3226 se
647 3158 730 3226 nolle
751 3160 784 3225 id
813 3160 947 3241 amplius
977 3159 1093 3224 ualere.
1143 3157 1229 3223 hisce

99 3280 320 3347 tantummodo
342 3279 450 3346 uerbis
472 3299 533 3346 non
564 3279 742 3345 infirmatur
769 3284 1009 3356 testamentum,
1038 3294 1118 3358 quae
1147 3277 1229 3342 enim

98 3399 172 3466 inre
194 3398 290 3478 fiunt,
320 3399 390 3465 iure
412 3399 508 3465 etiam
538 3399 681 3465 subuerti
710 3398 833 3463 debent.
886 3393 981 3462 immo
1008 3395 1035 3461 si
1062 3399 1228 3478 postquam
1246 3400 1280 3452 no

98 3523 239 3585 testatus
271 3520 399 3603 quidem
429 3520 471 3584 sit
497 3521 654 3601 posterius
688 3517 891 3600 aggredietur
924 3519 1163 3591 testamentum,
1197 3521 1229 3579 et

99 3645 204 3705 morte
225 3645 418 3721 praeuentus
440 3643 496 3704 aut
517 3638 711 3721 poenitentia
731 3637 844 3703 ductus
859 3655 921 3701 non
936 3634 1088 3718 perficiat,
1111 3653 1148 3699 ex
1164 3633 1229 3700 diui

100 3759 277 3825 Pertinacis
304 3759 529 3825 constitutione
557 3759 644 3840 prius
674 3762 898 3823 testamentum
927 3755 1022 3820 uolet
1074 3755 1119 3820 ait
1147 3754 1228 3818 eninr

99 3893 165 3943 non
190 3874 280 3943 aliter
301 3877 392 3960 prius
413 3880 635 3942 testamentum
658 3875 718 3940 rite
740 3871 924 3956 perfeetum,
945 3874 1120 3955 posteriore
1134 3871 1228 3950 facio,

98 3997 266 4078 infirmari,
295 3998 444 4079 quamsi
479 3999 547 4063 iure
569 3997 738 4064 secundum
768 3993 960 4063 conficietur.
1012 3991 1228 4076 imperfectum
1246 4001 1282 4053 so
