3092 4702
594 353 805 420 ...35-

260 642 310 710 De
332 645 382 712 bis
403 644 457 728 qui
479 643 530 711 sui
552 644 604 711 uel
625 643 719 710 ulieni
741 642 821 710 iuris
843 649 926 710 sunt
971 645 1095 711 Titulus
1117 644 1147 710 8.

227 831 296 898 Iam
318 833 410 915 plene
439 831 605 913 deprime
633 849 837 914 personarum
867 829 1021 898 diuisione
1049 832 1264 913 tractauimus,

148 951 261 1032 inquo
285 951 405 1017 dictum
428 957 477 1016 est
498 949 656 1016 bominum
679 953 832 1034 quosdam
858 949 974 1018 liberos
996 969 1083 1032 esse,
1112 953 1263 1035 quondum

148 1089 269 1137 seruos:
301 1069 488 1138 seruitutem
514 1075 619 1135 ouum
648 1068 841 1135 indiuiduam
872 1088 951 1149 esse,
974 1089 1043 1137 cum
1073 1069 1203 1138 libertas
1231 1071 1265 1137 in

149 1193 221 1258 duas
253 1191 377 1275 speeies
410 1191 592 1258 deducatur.
647 1191 816 1256 liberorum
850 1191 932 1257 enim
973 1193 1100 1276 quidam
1138 1189 1264 1274 ingenui

148 1315 229 1389 sunt,
259 1311 388 1390 quidam
418 1309 573 1376 libertini:
603 1317 635 1376 et
663 1311 839 1392 ingenuitas
869 1311 994 1394 quidem
1017 1309 1182 1377 indiuidua
1204 1317 1263 1390 est,
1298 1310 1316 1363 ⁵

147 1429 327 1496 libertorum
354 1435 458 1496 eutem
482 1427 624 1497 condicio
650 1429 722 1494 olim
749 1431 782 1494 ln
805 1429 868 1496 tria
895 1449 1011 1513 genere
1039 1429 1264 1507 deducebatur,

148 1551 217 1632 quio
238 1549 423 1618 libertorum
446 1550 573 1634 quidam
596 1551 681 1616 ciues
705 1549 825 1617 romani
846 1549 973 1630 debant,
995 1549 1049 1617 dii
1071 1549 1162 1618 latini
1184 1545 1264 1615 iuni·

148 1670 210 1749 ani,
243 1670 297 1735 olii
327 1669 451 1735 demum
479 1669 628 1736 dediticii.
679 1671 859 1738 addidimus
888 1690 1013 1754 quoque
1047 1670 1263 1738 dediticiorum

147 1789 378 1873 latinorumque
400 1789 611 1857 condicionem
634 1792 778 1872 pluribus
800 1791 1075 1860 constitutionibus
1090 1791 1263 1875 piissimum

149 1911 315 1992 principem
337 1921 477 1976 nostrum
499 1910 672 1992 sustulisse,
699 1911 744 1977 ite
765 1919 802 1976 ut
830 1911 977 1997 deinceps
1006 1931 1102 1979 unum
1124 1915 1209 1979 esset
1228 1909 1265 1975 li·
1284 1924 1317 1976 ιο

148 2030 304 2096 bertorum
327 2048 426 2111 genus
453 2031 535 2094 sicut
556 2037 590 2094 et
618 2031 835 2113 ingenuorum.
886 2051 970 2098 nune
998 2031 1037 2098 de
1066 2031 1166 2098 ultera
1195 2046 1262 2111 per·

149 2168 290 2215 sonarum
325 2146 478 2215 diuisione
509 2147 721 2232 dispiciamus.
769 2150 928 2217 hominum
963 2151 1045 2216 enim
1075 2149 1202 2232 quidam
1231 2147 1264 2212 in

149 2279 301 2354 potestate
322 2282 398 2338 suut
417 2271 559 2350 aliorum,
583 2272 711 2356 quidam
732 2271 859 2352 nullius,
882 2273 963 2339 idest
977 2269 1105 2352 quidem
1120 2267 1170 2334 sui
1185 2267 1264 2334 iuris

150 2397 228 2472 sunt,
250 2391 380 2474 quidam
403 2390 506 2456 alieni.
540 2389 706 2458 uideamus
728 2391 825 2474 igitur
846 2393 934 2475 prius
956 2391 996 2456 de
1016 2392 1063 2467 iis,
1087 2389 1141 2480 qui
1163 2387 1264 2454 alieno

151 2510 205 2575 iuri
226 2509 360 2576 subiecti
380 2511 461 2589 sint,
489 2507 563 2575 inde
584 2509 665 2576 enim
694 2509 931 2592 intellegemus,
960 2511 1087 2592 quinum
1116 2509 1165 2574 sui
1186 2508 1263 2574 iuris
1283 2521 1314 2574 lt

151 2629 214 2694 sint.
258 2630 447 2711 quicumque
469 2631 550 2694 enim
574 2630 604 2693 in
627 2627 689 2693 illis
711 2648 772 2694 non
795 2633 997 2694 recensentur
1019 2633 1108 2709 petet
1122 2645 1191 2694 esse
1213 2627 1263 2692 sui

150 2749 230 2814 iuris.
273 2756 461 2830 potestatem
485 2757 601 2828 sutem,
625 2769 717 2834 quum
746 2749 851 2832 graeci
874 2747 1117 2834 ὑπεξουσιύτητα
1139 2753 1263 2826 uocant,

116 2893 136 2943 1.
151 2867 179 2931 in
203 2887 312 2936 seruos
339 2877 464 2934 nostros
492 2876 550 2934 out
577 2870 609 2933 io
642 2869 756 2935 liberos
790 2875 915 2934 nostros
948 2867 1108 2934 habemns.
1156 2869 1183 2931 l.
1220 2867 1264 2930 Ac

150 2989 232 3070 prius
252 2990 456 3074 dispiciamus
479 2991 518 3056 de
541 2991 578 3056 iis
601 2990 656 3073 qui
678 2991 710 3054 in
733 2989 927 3055 dominorum
951 3005 1078 3053 suorum
1106 2990 1264 3068 potestate

149 3115 228 3174 aunt
270 3111 411 3193 potestas
433 3126 527 3191 quam
549 3109 581 3173 in
611 3125 721 3174 seruos
747 3109 899 3176 babemus
928 3105 1006 3171 iuris
1035 3105 1175 3186 gentium
1204 3107 1261 3168 est.
1280 3109 1315 3162 20

149 3247 206 3294 nou
230 3235 350 3296 tantum
374 3230 456 3295 enim
480 3229 563 3312 apud
587 3229 743 3294 Romanos
773 3246 833 3292 usu
855 3226 956 3306 uenit,
978 3229 1027 3290 set
1055 3223 1149 3289 etium
1179 3222 1262 3304 epud

150 3347 223 3414 nlius
244 3356 364 3431 gentes:
388 3355 421 3414 et
443 3349 521 3415 adeo
543 3367 655 3430 magna
677 3348 754 3414 bueo
776 3353 916 3430 potestus
938 3353 1015 3420 eret,
1045 3351 1082 3409 ut
1104 3343 1189 3408 uitae
1209 3359 1264 3408 ne·

151 3467 252 3548 cisque
272 3471 459 3550 potestatem
481 3466 514 3532 io
537 3486 591 3532 eos
613 3467 809 3543 haberemus,
832 3465 1003 3551 liceretque
1025 3461 1116 3529 nobis
1137 3461 1263 3544 impune

153 3603 202 3651 eos
234 3587 415 3656 interficere.
469 3595 501 3652 et
531 3589 748 3669 quodcumque
777 3606 835 3670 per
860 3603 970 3652 seruos
997 3581 1191 3668 adquiritur,
1231 3581 1263 3646 id
