2864 4736
519 347 760 410 —455—

89 539 163 596 esse,
189 541 258 584 cum
282 528 313 586 et
336 527 460 586 ueteres
483 519 560 585 iuris
580 520 765 604 interpretes
788 520 915 604 saepius
932 519 1080 600 dixerint,
1105 519 1190 602 ipsos

87 643 301 710 filiusfamilias
324 664 381 726 pro
404 645 470 710 suis
493 644 614 708 delictis
638 664 730 726 posse
754 645 923 710 conueniri.

170 1354 205 1418 Si
229 1353 408 1436 quadrupes
432 1353 614 1436 pauperiem
637 1353 751 1417 iecisse
775 1352 895 1417 dicitur.
930 1353 1053 1416 Titulus
1077 1357 1104 1419 9.

170 1513 358 1576 Animalium
375 1532 501 1593 quoque
516 1513 650 1594 nomine,
675 1532 756 1592 quae
779 1513 902 1577 ratione
927 1518 1043 1593 carent,
1068 1513 1095 1576 si
1118 1512 1193 1592 quid

84 1637 137 1700 alii
159 1635 267 1700 damni
295 1636 452 1718 dederint,
480 1637 612 1701 noxales
637 1638 777 1702 actiones
805 1645 878 1702 sunt
905 1638 1099 1703 constitutae.
1146 1643 1194 1700 set

83 1761 227 1825 noralem
250 1761 325 1825 furti
349 1763 504 1827 actionem
529 1771 584 1827 aut
606 1763 637 1826 ui
661 1763 811 1828 bonorum
835 1771 994 1846 raptorum
1012 1770 1066 1827 aut
1089 1763 1193 1827 iniuri-
1231 1777 1249 1828 t

83 1907 170 1950 arum
187 1886 219 1950 iu
234 1885 344 1950 iisdem
361 1887 463 1952 iocum
477 1889 594 1953 habere
610 1889 714 1953 dicere
730 1909 792 1952 non
813 1896 945 1972 oportet.
983 1909 1055 1952 num
1071 1887 1194 1952 noxalis

81 2011 220 2092 aquiliae
243 2013 326 2077 actio
351 2014 382 2076 in
406 2013 445 2077 iis
468 2014 642 2097 optinebit?
670 2020 701 2077 et
723 2013 868 2078 dicimus:
897 1990 1037 2092 minime3
1066 2033 1139 2077 nam
1163 2012 1194 2076 in

81 2135 194 2200 cadem
226 2136 265 2202 de
300 2136 414 2202 damno
449 2114 594 2202 iniuria
625 2139 699 2203 dato
728 2138 870 2219 quaestio
902 2143 963 2218 est;
978 2211 981 2220 1
996 2137 1054 2200 ius
1089 2143 1193 2202 autem

81 2263 178 2339 atque
210 2259 350 2325 iniuria
377 2263 417 2325 ab
446 2263 551 2326 animo
579 2263 765 2345 procedunt,
801 2262 856 2343 qui
883 2261 1003 2325 ratione
1031 2261 1192 2344 praeditus

80 2390 141 2448 est:
161 2385 311 2449 animalia
335 2394 439 2450 autem
462 2387 583 2452 ratione
608 2394 723 2451 carent.
769 2386 943 2468 quid¹erg0
968 2387 1036 2450 est?
1058 2386 1109 2449 lex
1133 2346 1194 2449 illl
1216 2397 1249 2449 10

78 2509 260 2572 tabularum
298 2511 443 2575 noralem
483 2513 637 2576 actionem
670 2511 710 2575 de
744 2511 782 2574 iis
815 2511 964 2594 prodidit,
1004 2511 1057 2592 agi
1086 2510 1193 2591 itaque

79 2633 198 2714 poterit
225 2652 294 2696 cum
322 2633 447 2697 domino
476 2653 515 2698 ex
542 2635 614 2717 lege
642 2635 702 2698 ΧΗ
730 2634 907 2698 tabularum
936 2633 1043 2698 noxali
1070 2633 1194 2698 indicio.

78 2757 105 2819 si
128 2756 228 2840 igitur
243 2756 376 2822 lasciuia
392 2765 446 2822 aut
460 2759 585 2825 feruore
601 2768 655 2824 aut
676 2760 801 2824 feritate
818 2759 945 2840 animal,
970 2759 1053 2841 quod
1072 2759 1193 2824 ratione

77 2889 178 2959 caret,
196 2883 414 2965 pauperiem
436 2883 525 2947 mihi
539 2885 689 2966 fecerit,
712 2885 794 2949 idest
808 2884 885 2948 mihi
900 2883 1046 2946 damnum
1063 2883 1193 2962 dederit,

76 3005 206 3070 noxalis
230 3006 313 3071 actio
338 3027 377 3070 ex
400 3008 471 3090 lege
494 3009 556 3072 XII
579 3009 755 3072 tabularum
775 3009 880 3072 locum
896 3007 1038 3072 habebit:
1064 3015 1097 3074 ut
1121 3027 1192 3072 ecce
1214 3016 1250 3068 lt

77 3149 182 3209 equus
206 3135 275 3194 erat
297 3130 494 3196 calcitrosus:
524 3132 612 3196 calce
640 3133 796 3213 quendam
824 3133 1002 3216 percutiens
1029 3133 1059 3196 ei
1081 3131 1192 3196 nocuit.

77 3253 184 3318 Locus
214 3262 318 3318 autem
349 3255 464 3320 actioni
491 3256 598 3320 noxali
627 3275 666 3320 ex
694 3257 766 3338 lege
793 3257 855 3320 Xll
882 3257 1058 3321 tabularum
1085 3257 1117 3319 in
1145 3255 1193 3318 his

75 3378 282 3459 animalibus,
307 3398 388 3459 quae
405 3387 513 3444 contra
528 3387 672 3444 naturam
688 3380 865 3444 saeuientia
880 3380 1025 3444 damnum
1042 3379 1193 3443 dederint.
