2932 4704
547 345 754 410 ..86..

103 532 168 597 ideo
189 533 217 597 ei
239 532 298 597 soli
320 533 467 600 credetur
486 533 724 599 administratio.
768 533 952 616 coelecta,
984 533 1064 598 alter
1090 539 1212 597 conma-

103 653 199 716 dicere
221 659 326 731 potest
354 655 484 718 atsutia
506 651 618 720 odorra
640 661 672 717 et
700 672 805 718 rerum
833 653 1006 735 gestionem
1029 652 1061 717 in
1084 671 1119 717 se
1135 655 1213 718 reci-

102 787 179 848 pere.
223 772 346 852 itaque,
374 773 399 835 si
422 771 527 853 plures
549 777 736 837 testamento
762 775 884 836 tutores
912 773 974 836 sint
996 773 1061 836 dati
1084 777 1140 838 aut
1162 791 1212 837 cu-

102 897 227 966 ratores,
250 907 312 954 non
334 897 437 970 potest
459 910 565 956 eorum
588 909 669 956 unus
692 909 823 972 surgens
846 891 1002 956 contutari
1024 897 1080 956 aut
1101 910 1213 956 conou-

102 1011 192 1076 ratori
214 1029 274 1075 suo
296 1009 413 1076 dicere:
441 1009 520 1075 satis
541 1009 618 1076 oder
639 1017 734 1092 atque
755 1011 1054 1077 administrationem
1077 1011 1136 1078 tibi
1158 1012 1212 1092 pa·
1247 1009 1264 1060 ⁵

102 1130 181 1208 bet03
203 1137 254 1194 set
278 1132 304 1195 si
327 1131 397 1213 quis
419 1131 489 1196 nult
503 1131 662 1212 conlegam
685 1149 775 1196 suum
797 1149 924 1197 mouere
944 1139 981 1196 ut
995 1133 1072 1196 satis
1093 1129 1214 1208 offerat,

102 1251 161 1332 ipse
183 1253 319 1331 primum
347 1251 457 1317 offerre
480 1251 589 1329 debet,
618 1257 654 1317 ut
680 1253 886 1318 aemulatione
915 1257 1010 1335 atque
1039 1252 1215 1316 hortatione

102 1375 271 1435 commotus
293 1372 370 1436 satis
392 1372 454 1438 det.
492 1391 564 1436 num
587 1374 761 1437 cantionem
784 1379 945 1452 praestana
968 1371 1148 1436 electionem
1172 1371 1213 1437 do

102 1492 253 1554 contutari
278 1496 382 1555 utrum
406 1491 483 1557 uelit
504 1511 523 1556 a
545 1510 594 1557 me
616 1495 693 1557 satis
715 1493 856 1573 accipere
878 1497 910 1557 et
929 1490 1002 1554 mihi
1018 1489 1215 1554 administra-

102 1607 181 1673 tione
202 1611 326 1689 cedere,
348 1627 387 1675 an
410 1613 486 1676 satis
509 1612 583 1675 dare
599 1617 631 1676 et
645 1610 713 1692 ipse
727 1608 1027 1675 administrationem
1043 1610 1211 1689 suscipere.
1233 1611 1263 1662 10

102 1728 126 1790 si
146 1747 219 1793 uero
244 1747 336 1794 nemo
358 1748 463 1794 eorum
485 1730 540 1811 qui
563 1749 601 1795 en
622 1737 809 1796 testamento
837 1728 889 1795 uel
918 1730 1120 1810 inquisitione
1151 1730 1214 1795 dati

101 1853 177 1922 sunt
199 1849 282 1912 satis
304 1849 423 1927 offerat
447 1851 474 1914 si
496 1848 621 1933 quidem
643 1857 776 1915 testator
798 1857 902 1916 certae
925 1850 1047 1914 cuidam
1062 1865 1214 1930 personae

102 1965 400 2035 administrationem
422 1971 603 2047 crediderit,
627 1989 664 2036 ea
686 1971 753 2036 sola
774 1970 987 2051 administret;
1013 1971 1040 2033 si
1067 1989 1143 2036 uero
1165 1989 1216 2034 ne·

104 2087 172 2151 mini
204 2088 236 2152 id
269 2091 471 2171 adscripserit
498 2097 647 2164 testator,
679 2087 733 2154 ille
762 2090 974 2163 administret,
1000 2107 1092 2171 quem
1119 2091 1217 2154 maior

104 2223 170 2284 pers
191 2214 393 2274 contutornm
417 2210 554 2290 elegerit,
579 2214 615 2273 ut
636 2209 737 2273 edicto
759 2209 912 2289 praetoris
932 2215 1072 2274 cauetur.
1096 2209 1122 2271 si
1142 2225 1216 2273 uero
1238 2218 1267 2267 15

104 2325 306 2394 dissenserint
326 2335 447 2395 tutores
469 2330 553 2395 circa
574 2329 748 2411 eligendum
771 2347 854 2408 eum,
876 2329 930 2410 qui
952 2327 1162 2404 administret,
1186 2333 1218 2390 et

105 2445 152 2510 alii
172 2446 258 2514 hunc
280 2448 335 2513 alii
356 2447 425 2514 illos
448 2447 600 2530 elegerint
621 2450 749 2530 (magna
769 2447 849 2513 enirn
873 2465 943 2512 curn
965 2448 1007 2510 sit
1021 2446 1130 2527 pupilli
1146 2445 1218 2511 suo

105 2569 224 2646 stantia,
248 2567 317 2634 fieri
344 2575 448 2652 potest
475 2578 512 2634 ut
541 2586 621 2635 unns
643 2568 683 2634 ad
711 2568 1013 2634 administrationem
1040 2587 1102 2634 non
1132 2565 1217 2632 sufli-

105 2687 191 2768 oiat),
219 2694 298 2754 tunc
324 2695 450 2770 praetor
478 2705 572 2769 quem
602 2688 680 2753 uelit
710 2689 807 2770 eligat
836 2689 926 2768 eique
956 2706 1022 2752 rem
1049 2687 1218 2769 gerendam

105 2809 215 2873 credat.
279 2807 362 2873 idem
406 2807 495 2875 nobis
534 2809 686 2891 probatur
730 2813 763 2872 et
801 2809 829 2872 si
867 2808 971 2890 plures
1008 2825 1047 2872 ex
1089 2807 1216 2890 inquisi·
1233 2822 1268 2872 uu

105 2928 184 2994 tione
206 2929 275 2994 dati
298 2929 373 3004 sint,
395 2928 479 2994 idest
500 2936 536 2994 ut
558 2929 657 2994 maior
682 2947 755 3010 pars
782 2927 897 3010 eligere
916 2927 1023 3010 possit,
1047 2944 1103 3008 per
1123 2943 1216 3005 quem

69 3049 89 3098 2·
104 3048 334 3114 administratio
365 3046 430 3114 liat
479 3050 509 3111 2.
544 3047 622 3113 Gurn
649 3046 785 3130 pupillus
814 3047 912 3128 pubes
941 3046 1045 3112 lactus
1071 3045 1128 3122 sit,
1166 3049 1222 3108 aut

105 3168 286 3235 adulescens
307 3168 464 3251 perlectae
485 3169 598 3234 aetatis
620 3187 690 3235 esse
711 3168 864 3249 coeperit,
892 3184 953 3230 non
980 3165 1079 3230 solnm
1102 3169 1221 3228 tutores

105 3294 157 3353 ant
176 3297 343 3354 curatores
372 3307 409 3352 ex
436 3286 708 3353 administratione
733 3289 792 3354 sibi
820 3285 974 3368 obligatos
1004 3283 1145 3359 habebit,
1173 3289 1223 3348 set

106 3425 155 3472 cos
182 3421 324 3491 quoque,
357 3408 411 3488 qai
436 3405 671 3472 satisdationem
703 3405 743 3471 ab
776 3405 838 3471 illis
871 3405 1056 3486 acceperint
1106 3401 1222 3468 habent
1239 3401 1272 3452 2⁶

106 3528 185 3592 enim
207 3528 241 3592 in
266 3545 318 3593 eos
346 3528 500 3593 actionem
530 3527 560 3592 in
591 3525 722 3607 laetum,
750 3543 832 3607 qnae
860 3523 1052 3591 subsidiaria
1079 3529 1221 3598 uocatur,

106 3665 182 3726 quae
204 3665 317 3730 nempe
338 3645 483 3712 ultimam
505 3643 680 3711 subsidium
702 3645 747 3711 eis
769 3645 868 3727 possit
889 3643 1010 3710 afferre.
1048 3661 1117 3709 curn
1141 3642 1223 3708 enim
