2898 4712
519 387 560 412 -τ
606 352 762 426 teng„

89 542 222 617 qaorum
255 556 293 604 ex
325 538 595 607 senatusconsulto
622 539 761 619 sornam,
792 555 894 625 neoto
912 542 1016 614 :ulem
1042 543 1202 635 miluum

90 657 124 720 sd
144 657 207 720 eine
229 659 477 738 persecutionem
499 657 528 724 ei
551 657 736 740 competere
780 675 927 744 exceptus
949 663 1079 734 estnec
1099 661 1202 746 impe

90 776 191 840 rotoris
213 777 313 868 nostri
336 778 555 842 constitutione
576 777 603 843 is
625 777 792 858 adoptiuns
813 777 906 857 filins,
929 799 1020 863 quem
1043 783 1204 848 naturalis·

93 901 172 975 peter
203 892 342 960 eiusdem
375 893 431 959 filii
463 915 522 963 auo
545 895 755 978 adoptandum
784 897 922 964 dederit:
950 885 1085 981 utroque
1112 903 1196 968 enirn
1225 985 1234 996 „

90 1016 148 1079 inre
166 1014 217 1079 bic
248 1023 452 1081 concurrente
483 1015 632 1102 (naturali
659 1018 785 1101 quidem
815 991 943 1104 propter
970 1007 1197 1102 cognationem,
1230 1017 1248 1073 ὅ

88 1135 212 1213 legitime
237 1153 312 1200 uero
335 1153 392 1217 per
412 1137 622 1221 adoptionem)
645 1115 777 1220 pristina
799 1139 868 1204 iura
883 1133 1046 1206 sordemus
1068 1141 1100 1204 iu
1116 1139 1196 1207 eius-

91 1254 165 1318 nodi
186 1255 371 1336 adoptione,
401 1259 674 1336 quemadmodum,
691 1259 718 1324 si
747 1259 817 1338 unis
845 1257 1068 1340 paterfamilias
1097 1233 1204 1330 seruet

87 1374 290 1456 arrogandum
313 1377 443 1442 dederit
487 1394 567 1458 qnae
589 1376 768 1457 specialiter
787 1383 820 1444 ct
841 1377 1021 1459 singillatim
1048 1398 1087 1443 er
1108 1397 1199 1461 prae-

52 1491 160 1560 notatae
182 1496 413 1562 constitutionis
436 1497 542 1562 uerbis
563 1496 666 1578 colligi
692 1478 831 1579 possunt.
876 1500 925 1562 lb.
958 1495 1082 1562 Pariter
1101 1505 1139 1563 et
1161 1499 1198 1562 il‹
1243 1493 1249 1540 l

89 1611 136 1677 lud
156 1615 342 1680 conueniens
365 1615 536 1681 remedium
566 1621 691 1682 nactum
714 1622 772 1681 est.
816 1635 884 1682 cnm
908 1617 989 1683 enim
1013 1607 1136 1683 ueteres
1158 1629 1201 1682 ex'
1216 1625 1251 1677 tu

88 1734 223 1800 masculis
247 1737 427 1819 progenitos
449 1734 518 1820 plus
540 1735 716 1820 diligerent,
738 1736 877 1820 solisque
904 1737 1068 1820 nepotibus
1096 1737 1196 1836 nepti·

88 1855 174 1920 bnsue
196 1876 235 1920 ex
258 1855 342 1922 uirili
364 1874 440 1922 sexu
463 1831 722 1924 descendentibus
744 1875 872 1925 suorum
894 1859 965 1923 iure
993 1857 1119 1936 darem,
1140 1858 1195 1922 ed·

86 1977 241 2055 gnatisque
263 1993 316 2040 eos
332 1983 565 2056 anteponerent,
589 1976 948 2059 pommeranorum,
971 1995 1026 2046 sen
1049 1997 1087 2044 ex
1101 1981 1196 2059 nepte
1229 1999 1249 2010 ··

88 2103 265 2177 pronepotes
288 2095 428 2176 cognatis
450 2103 711 2164 connumerarent
731 2102 764 2162 et
777 2102 850 2179 post
863 2096 1016 2178 adgnatos
1031 2102 1195 2162 uocarent:

87 2223 264 2282 nocerentur
286 2223 391 2282 eutem
414 2217 454 2281 ed
476 2195 628 2284 bonorum
650 2216 877 2283 successionem
900 2223 966 2281 tnm
988 2217 1041 2281 aul
1062 2217 1201 2281 materni
1215 2228 1247 2281 ln

86 2343 144 2400 tum
164 2337 256 2402 oniae
271 2337 322 2402 uel
337 2337 485 2418 proauiae
495 2325 571 2434 ¹sine
586 2325 734 2420 paternae
756 2333 824 2401 side
847 2341 1016 2436 maternae,
1036 2331 1128 2402 nullis
1149 2323 1203 2401 in?

87 2443 323 2524 teruenientibus
346 2457 500 2542 adgnatis,
524 2457 579 2544 qui
601 2477 702 2550 nuper
723 2451 850 2523 luerunt
871 2455 1026 2540 principes
1047 2454 1127 2522 hanc
1148 2455 1194 2521 in·
1247 2533 1252 2546 ι

86 2575 189 2644 iuriam
211 2577 279 2643 sine
301 2555 517 2644 emendatione
538 2595 599 2643 non
623 2551 826 2658 reliquerunt
870 2594 940 2644 cum
967 2575 1050 2642 enim
1072 2557 1200 2660 nepotis
1243 2563 1252 2574 “

88 2699 321 2781 pronepotisque
341 2717 451 2766 nomen
474 2717 637 2766 commune
657 2705 707 2766 est
727 2705 792 2766 tam
814 2715 852 2764 ex
873 2694 1020 2766 masculis
1041 2713 1136 2776 qnam
1156 2713 1195 2762 ex
1302 2675 1313 2696 ’

87 2815 200 2884 leminis
221 2819 490 2897 descendentibus,
513 2819 583 2886 ideo
605 2819 737 2885 eundern
752 2819 893 2886 ordinem
909 2817 1104 2897 eandemque
1125 2832 1195 2880 sne·
1210 2817 1246 2869 2⁰

88 2938 225 3004 cessionis
255 2939 386 3022 gradum
415 2940 460 3004 eis
483 2939 695 3006 donauerunt:
719 2939 763 3004 ita
789 2947 894 3005 tamen
919 2941 956 3002 nt
983 2934 1101 3018 aliquid
1129 2951 1202 2998 am·-

89 3055 160 3138 plius
182 3078 219 3124 cx
242 3057 387 3126 masculis
410 3041 633 3128 descendentes
656 3045 843 3139 acciperent,
863 3062 974 3166 utpote
1001 3062 1033 3122 ct
1063 3045 1194 3156 naturae
1243 3043 1254 3084 ³

88 3178 145 3242 neti
165 3185 196 3244 et
219 3183 359 3244 ueterum
382 3177 530 3260 suffragio
553 3171 673 3256 muniti,
696 3175 823 3260 utplus
850 3173 968 3243 scilicet
993 3174 1117 3242 tertiam
1139 3173 1197 3276 1132.¹
