2960 4704
574 331 786 394 ...11-

115 510 243 578 tandem
263 530 431 596 persuasos
452 514 493 581 ad
514 515 682 582 amicitiam
704 516 858 600 perduxit
880 533 950 582 eum
973 513 1070 596 igitur
1089 513 1122 580 in
1144 531 1241 580 nnnm

114 631 289 712 uenissent.
310 634 399 716 plebs
419 633 546 716 quidem
568 634 695 704 nolebat
715 655 754 702 ea
774 652 857 718 quae
878 637 946 718 ipae
966 633 1181 702 constituisset
1208 633 1241 698 in

114 752 268 834 patricios
289 771 414 838 quoqne
435 758 587 838 optinere,
608 759 737 841 perenm
758 765 864 823 autem
892 763 1021 823 senatus
1047 761 1085 820 nt
1112 759 1241 820 senatus

117 875 262 941 consultu
282 875 316 942 in
337 875 459 960 plebem
486 892 610 958 quoqne
637 876 701 942 uim
727 877 889 943 haberent.
944 893 1077 956 eumque
1105 873 1240 940 inuicem

116 993 373 1072 aduersarentur,
406 1003 439 1060 et
470 1004 599 1062 uenatus
620 993 747 1078 quidem
769 993 854 1078 plebi
874 995 955 1062 scita
968 1013 1139 1078 agnoscere
1153 993 1238 1060 dedi·
1274 987 1292 1040 ⁶

114 1122 279 1193 gustetur,
293 1113 382 1198 plsbs
392 1120 498 1181 antem
513 1115 544 1180 id
558 1133 653 1197 segre
667 1115 788 1182 terrens
809 1123 938 1182 senatus
959 1116 1109 1184 consultis
1131 1135 1166 1182 se
1188 1135 1240 1182 su·

113 1231 224 1300 binare
242 1231 349 1314 nodet,
371 1233 545 1302 discordiae
560 1245 746 1303 renouatum
760 1235 801 1302 iri
815 1237 1014 1316 uidebantur,
1036 1235 1135 1302 donee
1155 1234 1240 1302 idem

112 1351 322 1428 Hortensius,
349 1371 456 1419 eornm
484 1353 596 1422 sedata
624 1355 826 1432 dissensione,
856 1375 910 1423 eos
937 1355 1095 1439 persuasit
1122 1355 1239 1421 alteros

113 1475 290 1540 alterorum
310 1473 383 1539 iura
404 1476 544 1556 accipere
566 1474 667 1556 iisque
688 1495 723 1542 se
744 1477 939 1542 submittere.
984 1484 1017 1542 et
1043 1475 1088 1540 ita
1113 1474 1239 1556 quidem

112 1593 270 1677 nequibat
280 1594 330 1661 lex
341 1593 491 1679 appellari
505 1596 589 1680 quod
604 1596 645 1662 ab
659 1595 813 1662 alterutra
823 1601 913 1680 perte
928 1603 1013 1662 esset
1026 1595 1240 1674 constitutum,
1260 1591 1293 1643 1⁰

112 1736 190 1783 oum
211 1719 377 1800 utriusque
398 1719 498 1801 partis
519 1737 672 1787 oonaensu
693 1739 755 1786 non
778 1726 862 1786 esset
887 1719 927 1786 ab
949 1719 1038 1786 initio
1060 1707 1239 1784 eonditum:

113 1857 189 1904 enm
203 1857 281 1904 uero
296 1837 428 1904 eundem
443 1839 611 1904 sortiretur
625 1837 778 1916 edoctum,
794 1847 830 1904 ιιι
844 1837 964 1905 scilicet
978 1839 1010 1904 in
1032 1857 1140 1906 omnen
1162 1841 1240 1920 opti·

112 1965 216 2034 neret,
238 1958 319 2038 legis
339 1958 480 2024 ordinem
501 1957 617 2024 habere
639 1959 756 2025 dietum
779 1967 838 2024 est.
870 1967 981 2042 postea
1003 1978 1079 2025 uero
1100 1978 1170 2025 cum
1185 1979 1240 2042 po·

113 2077 211 2158 pulus
229 2093 378 2142 romanus
400 2077 431 2142 in
454 2095 597 2159 ιιιιςιιιιιι
613 2078 842 2144 multitudinem
864 2087 991 2144 auctum
1014 2087 1106 2158 esset,
1129 2087 1165 2144 ot
1180 2077 1239 2142 dii-

112 2193 198 2262 fieile
219 2203 306 2262 esset
326 2215 396 2262 eum
418 2197 449 2262 in
472 2216 568 2262 unum
589 2195 690 2263 locum
712 2197 887 2276 conuocari,
909 2213 1044 2280 aequum
1066 2205 1114 2262 est
1136 2199 1238 2262 uisum
1259 2197 1290 2250 1⁶

73 2327 98 2380 o.
114 2317 187 2382 uiue
208 2315 352 2382 uniuersi
374 2317 480 2400 populi
501 2325 643 2384 senatum
666 2315 765 2384 solum
787 2317 859 2384 iura
881 2317 1023 2385 condere.
1062 2319 1091 2382 6.
1114 2315 1162 2382 De
1184 2317 1239 2383 tri·

113 2437 175 2502 bus
208 2438 307 2505 locuti
345 2458 454 2506 snmus
491 2440 595 2522 legum
628 2438 803 2518 latoribus,
837 2439 953 2523 populo
985 2441 1075 2522 plebe
1114 2447 1237 2506 senatu·
1377 2425 1380 2432 ’

113 2576 250 2640 eumque
278 2558 419 2642 singulos
440 2557 668 2638 definierimus,
695 2560 998 2643 appellationemque
1025 2562 1101 2628 iuris
1129 2581 1150 2628 a
1175 2563 1238 2628 sin·

111 2675 197 2756 gulis
219 2679 380 2742 constituti
403 2678 629 2758 addiderimus,
651 2678 691 2745 de
711 2689 826 2762 quarto
848 2682 951 2763 legum
974 2681 1073 2749 latore
1095 2681 1237 2765 dispicia-

111 2813 195 2860 mus.
239 2805 372 2876 qnnrtus
393 2796 497 2879 legum
519 2799 602 2864 lator
622 2799 706 2880 apud
728 2801 884 2867 Romanm
905 2811 954 2868 ent
974 2802 1132 2884 Princeps.
1160 2802 1236 2887 qnid
1254 2809 1290 2860 2⁰

112 2925 165 2980 est
185 2915 355 3000 princeps?
382 2920 526 3002 princeps
555 2926 604 2986 est
632 2921 686 3000 qui
714 2918 878 3002 imperinm
908 2941 928 2987 a
956 2921 1071 3004 populo
1100 2923 1237 3006 accepit3

110 3037 201 3118 quod
223 3055 299 3102 uero
321 3038 388 3121 ipse
409 3039 511 3104 sancit
531 3038 669 3122 generali
690 3038 899 3122 appellatione
915 3041 1029 3108 dieitur
1043 3041 1236 3122 constitutio,

110 3154 272 3222 diuiditur
293 3165 396 3222 autem
420 3159 451 3222 in
474 3158 545 3238 uis,
567 3160 598 3224 in
622 3158 801 3240 epistulam,
830 3162 859 3226 in
889 3162 1042 3242 edietum,
1071 3165 1103 3229 in
1131 3164 1236 3229 deere-

108 3285 197 3342 tum.
238 3287 270 3343 et
290 3277 366 3358 quid
387 3285 437 3346 eat
456 3278 613 3362 epistula?
634 3281 820 3363 rescriptum
843 3281 991 3364 principis
1013 3283 1054 3348 ad
1072 3283 1236 3365 magistra·
