2960 4704
559 329 770 394 -i'i-

203 617 264 698 Qui
285 624 318 685 et
339 637 377 686 ex
398 619 513 701 quibus
535 619 639 686 oansis
660 619 881 686 manumittere
902 637 964 684 non
986 625 1127 702 possunt

577 771 700 838 iituius
723 772 753 835 6.

194 959 390 1043 Propositum
413 965 462 1026 est
486 960 520 1026 in
542 960 761 1044 superioribus
790 965 866 1042 quot
894 959 994 1026 modis
1023 959 1225 1026 manumissio

114 1079 263 1160 procedet.
313 1080 375 1144 iam
402 1098 480 1145 uero
509 1078 734 1161 dispiciendum
763 1084 813 1144 est
838 1077 994 1161 quomodo
1022 1095 1084 1144 non
1114 1079 1228 1160 cuique

115 1196 222 1264 nolenti
244 1199 466 1264 manumittere
488 1200 589 1265 lineat.
620 1199 672 1279 qui
702 1197 838 1264 enimin
867 1197 1008 1264 irandem
1038 1197 1226 1264 creditorum

114 1318 307 1395 manumittit,
330 1317 407 1382 nihii
429 1317 504 1400 agit,
527 1318 603 1398 quie
631 1315 681 1382 lex
704 1316 793 1382 Aelio
815 1313 923 1382 Sentio
951 1315 1083 1398 impedit
1103 1317 1227 1383 liberta·

114 1439 178 1501 iem.
226 1436 295 1500 odit
323 1437 404 1502 enim
434 1435 490 1518 qui
518 1437 550 1500 in
580 1434 722 1501 fraudem
752 1451 860 1502 eorum
882 1452 972 1500 enam
991 1435 1133 1500 minuant
1155 1435 1226 1501 eub-
1261 1457 1278 1507 e

112 1554 270 1634 sentim,
299 1556 368 1637 qui,
400 1557 587 1620 necessitate
615 1560 785 1636 urguente,
820 1555 897 1637 ipeis
929 1554 1142 1636 indigentibus
1175 1572 1227 1636 pe·

113 1676 225 1740 emtam
255 1685 397 1740 mutuam
425 1675 578 1740 dederint.
630 1675 740 1740 eedem
768 1692 845 1740 uero
873 1673 936 1752 lex,
959 1691 1040 1756 qnae
1067 1673 1100 1738 id
1129 1673 1227 1738 iusse-

114 1801 171 1871 rat,
197 1793 387 1874 quibusdam
417 1793 656 1862 manumittendi
684 1797 798 1862 tribuit
824 1795 1021 1874 facultatem,
1052 1795 1125 1860 lieet
1154 1794 1227 1860 inde

114 1931 210 1978 eornm
239 1913 424 1980 minuuntur
457 1916 555 1994 bona,
588 1915 671 1981 idest
697 1916 743 1980 eis
776 1917 829 1996 qui
864 1933 924 1980 non
960 1916 1110 1980 soluendo
1143 1921 1226 1979 sunt.

114 2050 167 2100 non
200 2034 353 2100 soluendo
389 2042 438 2100 eet
473 2038 523 2100 oui
555 2035 631 2101 nihii
666 2034 799 2117 emplius
832 2042 985 2110 remanet,
1018 2053 1091 2101 aere
1125 2033 1225 2100 ulieno
1246 2033 1279 2085 ¹⁰

113 2151 256 2219 deducto:
292 2152 344 2219 nel
377 2156 494 2234 etiam,
534 2173 595 2220 non
634 2153 784 2222 soluendo
818 2158 887 2233 eet,
920 2155 974 2236 qui
1007 2153 1099 2236 plura
1131 2153 1227 2218 debet

113 2289 196 2353 quam
238 2273 345 2340 habet
408 2274 463 2354 qui
505 2293 580 2358 ergo
623 2293 684 2340 non
725 2274 875 2340 soluendo
912 2277 1015 2351 eeeet,
1053 2271 1145 2338 udde
1180 2273 1225 2338 in·
1280 2347 1285 2356 ¹

112 2392 226 2458 endum
253 2394 367 2459 anxius
396 2393 506 2475 iiebet,
539 2413 600 2460 non
630 2401 753 2460 tantum
785 2394 981 2460 incommoda
1013 2392 1105 2458 huius
1139 2391 1227 2458 uitae

114 2513 252 2593 rogim,
277 2531 358 2594 qnae
379 2514 548 2598 aliquando
570 2521 654 2580 esset
676 2513 904 2600 quodammodo
925 2513 1101 2592 uitatums,
1130 2530 1225 2593 quan·

113 2639 170 2694 tum
192 2649 239 2712 ea,
263 2651 346 2716 quae
367 2641 592 2715 postmortem
618 2641 724 2700 essent
742 2635 926 2710 obtentura,
949 2633 1115 2698 reuoluens
1141 2632 1226 2714 igno
1246 2647 1278 2699 in

112 2739 294 2823 miniamque
316 2744 389 2808 inde
410 2745 470 2810 sibi
492 2746 653 2810 orituram.
698 2765 788 2814 nemo
815 2749 896 2812 enim
923 2751 1060 2832 prudens
1083 2751 1151 2817 eius
1174 2750 1227 2815 he·

111 2859 271 2928 ruditatem
299 2863 444 2930 editurus
465 2863 562 2944 ieret,
591 2885 628 2930 ex
651 2885 714 2949 qun
735 2869 862 2934 adeunti
889 2867 1008 2934 nudum
1031 2870 1158 2952 quidem
1180 2869 1227 2936 ln·

111 2997 203 3057 unm,
237 2982 457 3050 innumerosae
491 3003 566 3052 uero
593 2985 727 3052 iniuriae
762 2988 876 3054 demna
911 2996 943 3054 et
975 2989 1076 3056 litium
1109 2990 1226 3056 incom-

111 3102 194 3169 moda
215 3114 322 3172 essent
343 3108 460 3172 intere.
503 3109 627 3173 nemine
648 3109 746 3190 igitur
767 3111 919 3189 adeunte,
950 3128 1077 3176 neeesse
1099 3116 1168 3176 erat
1190 3119 1226 3176 nt

110 3223 170 3288 eius
192 3225 275 3290 bona
296 3242 316 3289 a
337 3225 544 3291 oreditoribus
568 3227 727 3303 uenirent,
750 3247 811 3310 qno
834 3231 901 3294 eins
930 3229 1108 3295 memoriam
1134 3229 1224 3312 igno·
1241 3251 1277 3304 no

110 3342 200 3408 ninia
221 3351 306 3410 esset
320 3343 504 3424 adiicienda,
523 3362 593 3410 enm
610 3345 780 3412 creditores
803 3366 864 3414 non
879 3347 1004 3415 heredis
1020 3355 1069 3414 eet
1084 3347 1223 3414 defuncti

80 3481 96 3532 1.
110 3459 185 3527 bona
206 3466 316 3529 uenire
338 3473 445 3530 essent
466 3464 591 3531 dicturi.
621 3467 648 3528 l.
682 3463 801 3532 Suadet
823 3470 919 3548 igitur
941 3469 980 3548 ei,
1003 3467 1057 3549 qni
1081 3487 1141 3534 non
1164 3467 1222 3533 eol·

110 3583 205 3648 nendo
226 3583 279 3662 eit,
302 3582 352 3650 lex
374 3584 463 3653 Aelia
477 3585 586 3654 Sentia
607 3596 642 3653 ut
664 3589 691 3651 si
714 3607 824 3654 seruos
847 3587 972 3670 habeat,
993 3607 1090 3655 unum
1112 3587 1223 3654 horum

110 3717 172 3766 oum
194 3703 340 3770 libertate
362 3705 508 3772 heredem
530 3705 686 3784 instituat
710 3708 764 3790 qui
787 3715 860 3790 post
881 3707 949 3774 eius
971 3715 1102 3776 mortem
1119 3725 1224 3775 neees-

111 3821 277 3890 seriosius
300 3825 391 3890 heres
413 3823 477 3889 fiet.
522 3825 577 3910 qui
600 3827 715 3893 dicitur
737 3829 844 3894 solus
868 3831 1131 3896 necessarius.
1174 3845 1223 3893 so·
1240 3839 1274 3892 ao
