2864 4736
514 326 756 388 -413—

78 501 240 565 curatione
263 500 350 564 facta
373 507 457 564 sunt:
482 500 557 564 item
581 507 612 564 et
636 521 759 584 operas,
783 500 896 582 quibus
914 501 1014 564 caruit
1029 501 1067 581 is,
1093 501 1195 582 quiin

79 625 211 690 transitu
240 625 346 690 laesus
376 624 443 688 fuit.
488 624 569 688 forte
594 623 676 688 enim
700 625 791 690 faber
814 631 883 690 erat
906 631 937 689 et
960 645 1031 690 eum
1055 625 1085 690 ei
1109 625 1194 689 dein·

81 771 153 834 ceps
182 769 294 814 manus
321 750 411 814 laesa
439 748 547 830 fuerit,
584 769 663 832 opus
698 749 823 814 interim
857 749 962 814 facere
995 769 1059 814 non
1085 750 1195 834 potuit.

80 875 267 956 inquirimus
284 883 433 956 quantum
449 873 561 939 fuisset
577 875 640 940 illis
664 876 776 940 diebus
800 876 947 956 lucratus,
971 895 1029 958 per
1052 895 1131 957 quos
1155 877 1195 940 ob

79 1001 193 1064 uulnus
217 1020 297 1082 opus
319 999 426 1064 facere
450 1019 513 1064 non
536 1000 647 1082 potuit.
690 1005 721 1064 et
744 1000 771 1064 si
795 1000 913 1064 inutilis
936 1001 1038 1064 factus
1062 1000 1111 1081 sit,
1134 1019 1197 1064 non
1234 1019 1249 1070 5

80 1125 243 1207 praeteriti
266 1131 386 1190 tantum
409 1124 570 1207 temporis
595 1130 643 1188 set
658 1123 754 1188 futuri
771 1143 896 1205 quoque
913 1143 1027 1208 operas
1052 1125 1197 1190 aestima-

47 1257 155 1312 amus.
203 1251 233 1315 2.
256 1249 354 1314 Filius
378 1270 475 1332 meus,
501 1251 554 1332 qui
577 1251 609 1314 in
632 1255 788 1335 potestate
813 1259 890 1333 erat,
915 1271 1055 1316 seorsum
1072 1257 1197 1334 epatre

80 1395 135 1438 suc
160 1374 192 1436 in
218 1373 349 1438 aedibus
374 1375 560 1455 quibusdam
584 1375 757 1440 habitabat.
797 1395 835 1439 ex
860 1376 1032 1441 coenaculo
1056 1376 1125 1440 eius
1142 1377 1198 1440 ali-

81 1498 154 1579 quid
180 1498 337 1563 deiectum
361 1505 486 1564 estant
510 1499 652 1580 effusum,
677 1507 731 1564 aut
747 1520 934 1584 suspensum
951 1500 1026 1582 quid
1050 1507 1097 1566 est
1115 1501 1198 1585 posi-

81 1631 186 1688 tumue
212 1623 244 1686 in
268 1621 336 1686 eius
359 1621 506 1704 fenestra,
530 1623 618 1688 cuius
643 1643 736 1688 casus
759 1624 955 1707 periculosus
979 1631 1036 1690 est.
1070 1625 1198 1690 Juliano
1220 1640 1254 1692 10

80 1746 201 1831 placuit
224 1747 342 1810 nullam
366 1747 398 1810 in
421 1755 543 1830 patrem
568 1767 638 1812 esse
655 1743 821 1831 actionem,
845 1750 947 1813 setin
971 1749 1072 1833 ipsum
1093 1749 1199 1813 filium.

17 1910 20 1918 ·
81 1871 162 1936 idem
187 1871 331 1952 dicimus,
357 1872 385 1936 si
406 1872 499 1954 filins,
524 1873 577 1953 qui
593 1873 625 1936 in
641 1893 713 1936 mea
729 1879 957 1957 estpotestate,
980 1881 1011 1937 te
1032 1873 1199 1937 iudicando

80 1997 226 2078 laeserit3
251 2016 320 2061 cum
344 2016 381 2061 eo
405 1997 487 2060 enirn
511 1997 543 2061 in
566 1997 684 2061 iactum
708 2016 796 2080 ages,
820 2017 884 2061 non
899 2018 1030 2077 mecum,
1056 1997 1109 2080 qni
1133 1997 1200 2061 eius

50 2129 72 2180 3.
83 2128 174 2205 pater
199 2141 277 2186 sum.
324 2125 352 2188 3.
375 2119 541 2185 Exercitor
564 2121 634 2204 quis
658 2128 726 2186 erat
748 2121 850 2202 nenia,
874 2122 926 2187 nel
947 2141 1123 2206 cauponam
1147 2129 1202 2186 aut

83 2247 241 2310 stabulum
265 2246 412 2310 habebat.
459 2246 542 2312 siin
567 2267 649 2311 naue
679 2254 733 2312 aut
761 2267 906 2330 caupona
933 2254 988 2312 aut
1015 2247 1048 2310 in
1076 2247 1200 2312 stabulo
1222 2261 1254 2314 15

84 2370 248 2436 cuiusdam
272 2370 353 2452 dolo,
377 2371 476 2436 ueluti
498 2371 587 2448 furia,
612 2371 759 2436 damnum
782 2373 858 2437 mibi
873 2373 991 2437 factum
1007 2371 1109 2453 fuerit,
1132 2371 1201 2454 ipse

83 2496 114 2562 in
137 2495 267 2576 factum,
292 2497 384 2576 quasi
408 2515 447 2560 ex
470 2497 625 2562 maleficio
648 2497 814 2577 tenebitur,
839 2495 974 2561 simodo
990 2497 1109 2560 nullum
1134 2495 1202 2579 ipse

84 2620 275 2685 commiserit
290 2621 487 2702 maleficium,
503 2631 552 2686 aet
568 2621 695 2704 quidam
708 2642 747 2686 ex
759 2621 908 2686 ministris
921 2641 977 2686 seu
989 2620 1202 2702 mercenariis,

84 2765 216 2824 quorum
247 2765 344 2830 opera
371 2746 463 2810 nauis
491 2745 550 2811 iter
577 2745 711 2826 faceret,
748 2753 803 2810 aut
831 2766 976 2830 caupona
1003 2746 1203 2810 stabulumue

85 2875 294 2935 exerceretur.
361 2889 464 2950 neque
499 2869 581 2934 enim
622 2891 661 2934 ex
696 2877 858 2935 contractu
892 2870 1026 2952 obligari
1060 2871 1203 2936 dominus
1223 2883 1258 2935 20

86 2994 175 3058 nauis
199 3015 258 3059 seu
273 3014 436 3079 cauponae
460 3015 514 3060 seu
532 2995 649 3060 stabuli
665 2995 726 3060 dici
743 3003 856 3078 potest,
881 3015 952 3060 cum
967 3015 1007 3060 ne
1024 3002 1204 3061 contractus

86 3119 214 3198 quidem
240 3139 308 3184 cum
333 3139 371 3184 eo
395 3121 497 3184 factus
520 3120 569 3185 sit.
615 3127 664 3184 set
687 3121 763 3202 qnia
779 3121 978 3202 aliquatenus
1002 3121 1115 3204 culpae
1132 3141 1204 3184 reus

87 3250 147 3325 est,
178 3244 264 3326 quod
287 3245 440 3310 malorum
463 3245 624 3310 hominum
651 3245 824 3311 ministerio
849 3252 968 3327 utatur,
997 3245 1069 3311 ideo
1095 3245 1206 3326 quasi

87 3387 131 3432 ex
155 3369 301 3435 delicto
325 3370 489 3435 tenebitur.
528 3371 610 3436 aetio
635 3377 740 3436 autem
763 3372 795 3436 in
811 3371 928 3435 tactum
944 3369 1113 3435 heredibus
1138 3370 1205 3433 eius

89 3492 224 3576 dabitur,
248 3495 302 3576 qui
318 3494 462 3560 iniuriam
480 3503 528 3560 est
550 3516 677 3579 passus;
702 3497 735 3560 in
750 3495 883 3561 heredes
900 3503 1005 3559 autem
1021 3494 1204 3560 exerciteris
1225 3505 1259 3556 25

87 3617 171 3684 actio
196 3638 261 3682 non
284 3619 440 3702 competit
