2936 4704
544 343 775 408 -133-

99 529 294 594 eommoduui
316 528 369 596 uel
391 529 492 597 eidem
510 549 617 610 ¹meum
639 549 767 598 seruum
785 530 886 599 locuni
908 531 960 598 uei
980 532 1098 600 discum
1114 551 1216 600 meum

99 649 177 730 spnd
201 668 275 715 enm
298 649 438 732 deposui.
483 658 625 716 mortuus
652 656 701 716 est
726 651 777 717 hic
807 657 839 718 te
866 652 1011 720 heredem
1040 651 1216 730 instituens.

99 787 128 834 et
150 771 186 834 in
208 770 387 838 hereditate
408 771 571 856 inuenieti3
594 774 712 855 putasti
735 771 927 838 hereditoria
949 793 986 840 se
1006 793 1075 840 esse
1090 777 1122 840 et
1137 774 1217 840 bono

99 887 152 954 ide
177 891 345 974 accipienti
368 892 539 958 uendidisti
562 892 611 958 uel
634 893 757 957 donnsti
780 893 830 958 uel
854 893 937 958 dotis
952 893 1077 959 nomine
1093 893 1216 960 dedisti.

100 1032 165 1080 ecte
185 1011 324 1078 nlionnm
346 1029 412 1077 rem
435 1019 467 1078 et
488 1010 587 1076 inuito
611 1011 735 1076 domino
757 1011 959 1078 contrectasti
981 1018 1133 1078 ettamen
1154 1011 1217 1078 iur-
1251 1019 1268 1070 δ

100 1134 161 1198 tina
182 1151 237 1197 ros
259 1150 323 1197 non
345 1127 391 1209 fit
413 1148 483 1197 eum
506 1138 538 1209 et
561 1133 641 1196 bons
662 1129 724 1196 fide
745 1149 796 1196 res
818 1131 993 1212 possidesrn
1016 1147 1117 1211 neque
1139 1133 1218 1198 uitio

102 1251 269 1318 irretiatur.
293 1271 356 1317 non
378 1258 428 1317 est
450 1251 530 1318 enim
552 1252 717 1318 dicendum
739 1247 888 1317 heredem
910 1250 1028 1317 turtum
1051 1252 1218 1318 admittere

70 1372 148 1454 tqui
169 1391 239 1438 rem
262 1373 346 1439 bone
367 1370 429 1438 fide
451 1373 577 1437 nendet.
621 1375 652 1436 5.
684 1369 772 1439 Idem
795 1375 829 1436 et
854 1373 886 1435 in
913 1371 976 1438 ulio
1004 1390 1079 1438 cusu
1109 1372 1218 1451 depre

101 1493 254 1558 tenditur.
290 1492 429 1558 concessi
452 1493 508 1559 tibi
532 1493 661 1559 ancillae
684 1511 770 1559 mene
790 1491 1035 1560 usumfructum:
1059 1491 1218 1558 ususfruc-

104 1618 148 1678 tus
173 1612 307 1678 ancillae
334 1614 366 1676 in
395 1613 462 1677 eius
491 1630 638 1678 mannum
671 1631 767 1694 opere
797 1619 830 1679 et
862 1610 1032 1678 ministerio
1064 1610 1215 1676 consistit.
1237 1613 1269 1665 10

103 1731 217 1813 peperit
240 1732 311 1812 ipse
333 1733 417 1814 opud
440 1739 485 1811 te,
512 1738 544 1797 et
571 1739 681 1813 portus
703 1731 778 1796 mihi
801 1739 910 1814 utpote
936 1730 1059 1797 domino
1082 1729 1218 1811 pertinet

105 1853 270 1928 secundum
292 1871 340 1930 es,
363 1871 445 1934 quse
466 1853 611 1934 superius
634 1853 860 1934 proposuimus.
904 1869 974 1917 eum
997 1857 1125 1932 putores
1147 1869 1217 1933 pnr-

105 1975 165 2034 tnm
185 1971 321 2037 ancillae
343 1973 401 2038 tibi
423 1979 532 2054 utpote
553 1971 724 2037 iructuerio
746 1973 920 2054 pertinere,
949 1991 1018 2036 eum
1048 1968 1217 2036 uendidisti

106 2109 156 2155 sen
176 2092 311 2158 donasti.
355 2111 427 2159 ecce
449 2092 499 2157 hic
521 2111 646 2176 quoque
669 2092 768 2159 inuito
790 2091 916 2157 domino
938 2093 970 2157 id
992 2090 1109 2169 iecisti,
1137 2096 1217 2155 atta-

108 2227 179 2288 men,
200 2231 270 2277 cnm
294 2213 365 2278 dolo
380 2230 513 2290 cereres
528 2232 589 2277 non
604 2213 673 2278 ideo
687 2212 806 2278 furtum
822 2214 991 2278 admissum
1015 2225 1072 2276 est.
1096 2214 1127 2275 in
1150 2211 1217 2275 uni·
1239 2219 1267 2271 15

108 2350 223 2396 uersum
246 2333 329 2396 enim
351 2332 431 2398 scire
454 2333 548 2398 debes
570 2333 689 2399 turtum
711 2334 777 2398 sine
800 2331 871 2398 doio
894 2331 975 2396 mulo
991 2349 1148 2412 nunquam
1164 2329 1217 2394 sd·

71 2461 91 2511 e.
109 2453 196 2533 mitti3
222 2452 341 2516 iustum
370 2445 451 2518 enim
475 2452 542 2518 sine
563 2453 675 2518 effectu
696 2451 821 2519 iurandi
843 2470 903 2518 non
924 2451 1137 2517 committitur.
1186 2450 1216 2513 6.

107 2568 170 2652 Ego
191 2571 316 2654 quidem
338 2591 495 2655 perpenou
516 2571 669 2652 quaedem
691 2571 833 2654 exemplu
854 2571 912 2636 tibi
929 2568 1032 2648 ettnli,
1054 2574 1103 2634 set
1116 2569 1149 2634 in
1164 2588 1216 2636 ne·

107 2691 254 2769 gotiorum
275 2691 346 2775 ipsa
368 2691 547 2758 condicione
568 2692 717 2772 pleraque
738 2692 908 2773 excogitari
930 2697 1075 2773 possunt,
1097 2689 1129 2754 in
1152 2688 1216 2770 qui·

109 2809 161 2875 bus
183 2813 358 2878 inuenietur
387 2815 458 2894 quis
484 2813 615 2879 alienam
642 2830 708 2878 rem
737 2813 838 2878 inuito
867 2810 991 2877 domino
1022 2815 1217 2874 contrectare
1233 2830 1269 2882 eo

72 2941 92 2991 r.
109 2947 205 3010 neque
225 2932 292 2998 ideo
314 2931 463 2999 turonem
484 2934 625 2999 reddere.
660 2933 689 2996 t.
721 2931 808 2998 Haec
830 2928 956 3016 quidem
979 2931 1017 2996 de
1039 2929 1133 2994 rebus
1154 2929 1215 2993 inr-

110 3050 197 3114 tiuis:
220 3057 396 3118 rosentem
419 3051 453 3118 ui
478 3061 626 3135 possesso¹
650 3072 688 3118 ex
719 3053 788 3133 ipss
811 3053 843 3117 ui
876 3051 974 3116 inlate
1007 3047 1216 3132 intellegitur;

107 3185 173 3236 cnm
196 3172 263 3253 quis
285 3190 333 3239 me
355 3172 484 3239 odones
513 3172 642 3239 nedibus
667 3172 745 3238 meis
773 3171 824 3238 nel
850 3171 947 3238 iundo
975 3189 1044 3236 meo
1074 3169 1216 3252 expellet
