2898 4712
523 341 755 406 -223-

89 545 160 608 quae
183 529 290 594 omnia
311 528 419 593 eadem
443 491 638 606 constitutio,
656 529 684 594 si
707 530 783 620 quis·
799 531 893 612 legat,
915 530 1080 598 euidenter
1100 537 1203 599 osten·

89 645 137 711 dit
180 650 269 712 tutor
291 666 367 712 nero
389 648 528 712 incertus
551 645 618 713 dari
640 667 742 730 neque
764 668 802 714 ex
821 649 964 732 praefata
979 651 1204 720 constitutione

89 770 203 849 potest3
226 766 320 831 debet
341 767 423 831 enim
445 774 550 832 certus
578 784 662 846 esse,
693 785 763 833 cum
791 773 935 849 oporteat
963 774 1147 836 testatorem
1168 770 1205 836 li·

89 883 162 947 beris
194 883 261 949 suis
288 890 426 949 tutorem
453 890 540 950 certo
567 885 682 950 iudicio
712 886 797 949 dere.
847 885 965 949 inutilis
994 885 1094 967 igitur
1116 887 1203 953 datio

89 1003 150 1080 erit,
170 1001 203 1067 si
224 1007 359 1068 testator
374 1001 502 1069 dixerit:
524 1005 587 1084 qui
609 1005 770 1086 primurn
793 1005 838 1069 ad
860 1023 979 1069 meum
1003 1003 1122 1070 funus
1144 1026 1205 1072 ue·
1237 1005 1255 1056 ὅ

48 1121 193 1185 euenit
221 1120 445 1186 liberorum
473 1140 639 1187 meorum
666 1129 779 1188 tutor
808 1127 899 1188 esto.
950 1123 1002 1186 28.
1035 1124 1204 1191 Postumus

88 1237 203 1304 alienum
226 1241 318 1306 heres
339 1241 435 1306 scribi
457 1249 489 1304 et
511 1239 582 1304 olim
612 1245 752 1322 poterat,
786 1246 819 1305 et
851 1259 935 1307 nunc
966 1241 1076 1322 procul
1107 1241 1204 1308 dubio

88 1357 246 1437 scribitur,
268 1358 329 1423 nisi
351 1359 431 1424 iorte
459 1359 489 1424 in
519 1360 587 1424 eius
609 1358 748 1424 mulieris
771 1365 862 1424 utero
884 1359 936 1438 sit,
959 1376 1052 1440 quam
1075 1377 1203 1426 uxorem

47 1475 199 1542 sababere
220 1476 290 1542 iure
311 1493 372 1540 non
395 1475 598 1556 permittitur.
643 1477 694 1540 29.
729 1477 777 1541 hd
805 1495 954 1558 personas
983 1476 1204 1559 significandas

88 1595 258 1674 complures
278 1593 504 1676 appellationes
528 1599 651 1659 ueteres
672 1594 940 1688 excogitauerunt.
964 1598 1013 1659 eet
1035 1595 1116 1660 enim
1138 1614 1205 1660 no·
1223 1601 1256 1652 1⁰

87 1731 181 1793 meu,
205 1713 304 1778 ueluti
331 1713 487 1778 »Titiusrt
514 1730 740 1794 cognomen,
776 1712 860 1795 qnod
889 1712 1130 1794 uituperationis
1152 1713 1204 1778 uel

87 1831 184 1896 laudm
206 1830 312 1912 gratia
341 1831 500 1908 tribuitur,
526 1831 767 1912 uituperationis
793 1831 896 1912 gretia
940 1828 1039 1897 ueluti
1071 1829 1204 1913 »Super-

87 1950 177 2030 bus‹;
198 1951 303 2015 laudis
326 1950 425 2015 ueluti
451 1947 574 2014 »Pius«.
619 1956 669 2012 est
690 1965 814 2032 quoque
841 1966 1091 2030 praenomen,
1120 1947 1202 2028 qnod

87 2087 104 2131 e
124 2069 296 2134 maioribus
317 2067 369 2132 uel
392 2086 412 2132 e
433 2066 683 2134 benefactoribus
705 2067 854 2143 semiton
877 2086 897 2132 a
918 2067 1089 2133 maioribus
1105 2067 1205 2133 ueluti

87 2185 112 2250 si
132 2187 202 2268 quis
229 2186 434 2253 »Aeneidem«
461 2183 611 2252 Achillem
638 2190 748 2264 uocet;
773 2203 794 2250 a
814 2183 1085 2258 benefactoribus,
1111 2183 1205 2250 sicuti
1224 2195 1256 2246 ln

87 2305 314 2386 prouinciarum
337 2310 493 2370 rectorum
515 2323 582 2370 mos
605 2310 662 2382 est,
685 2302 740 2384 qui
762 2321 820 2368 suo
842 2303 960 2367 nomini
981 2301 1059 2367 illud
1080 2319 1205 2383 quoque

87 2439 190 2488 eorum
213 2422 416 2504 praemittere
437 2422 550 2496 solent,
571 2441 628 2502 per
649 2440 728 2503 quos
750 2422 849 2486 creati
871 2429 954 2500 sunt,
977 2421 1077 2487 ueluti
1100 2422 1206 2488 »Stra-

86 2541 220 2621 tegium«
246 2543 314 2607 siue
339 2541 628 2619 ›Constantinum‹
674 2539 709 2604 Si
730 2539 827 2620 igitur
854 2540 925 2622 quis
946 2537 1086 2622 legatum
1115 2540 1206 2606 relin-

85 2677 182 2742 quens
203 2661 237 2724 in
258 2659 382 2726 nomine
403 2659 547 2740 legatarii
569 2660 725 2724 errauerit
746 2662 779 2725 et
800 2675 870 2724 cum
895 2659 1076 2723 »Titium«
1101 2660 1206 2726 dicere

86 2785 261 2859 oporteret,
289 2779 402 2843 dixerit
431 2775 609 2854 »Seium«,
633 2777 685 2841 uel
705 2776 739 2840 in
762 2776 885 2841 nomine
906 2777 1077 2854 errauerit,
1100 2776 1152 2842 nel
1173 2778 1204 2842 in
1223 2785 1258 2837 so

88 2897 280 2977 cognomine,
303 2898 402 2963 ueluti
424 2916 481 2978 pro
506 2895 730 2979 ›Superbo‹
756 2894 871 2961 dixerit
894 2895 1065 2972 »Pium«,
1092 2896 1144 2960 uel
1173 2895 1206 2960 in

84 3016 295 3096 praenomine,
318 3021 351 3082 et
372 3034 429 3099 pro
456 3015 695 3097 »strategio«
724 3015 936 3081 »Primum«
962 3014 1090 3094 dixerit,
1113 3031 1206 3094 quae·
1264 3017 1266 3024 '

84 3135 165 3200 ritur
196 3155 233 3200 an
256 3135 395 3216 legatum
423 3133 532 3199 inutile
558 3135 608 3199 sit.
654 3139 686 3198 et
714 3133 814 3215 magis
836 3141 885 3198 est
910 3139 946 3198 ut
968 3133 996 3196 si
1025 3137 1147 3199 constet
1169 3132 1209 3196 de

84 3271 146 3333 ouo
176 3259 309 3318 testator
335 3247 538 3334 cogitauerit,
567 3251 769 3318 nihilominus
796 3250 932 3332 legatum
962 3249 1076 3315 ualeat.
1125 3248 1206 3313 idem

85 3369 183 3434 etiam
205 3369 237 3435 in
258 3371 427 3458 heredibus
449 3372 647 3438 obseruator.
683 3369 712 3436 si
734 3371 815 3435 enim
838 3368 973 3451 aliquem
995 3367 1139 3434 heredem
1161 3365 1207 3430 in·
1224 3381 1258 3434 aa

85 3489 224 3555 stituens
245 3491 275 3554 in
297 3489 402 3574 eliquo
425 3509 541 3568 eorum,
563 3508 645 3573 qnae
667 3491 895 3572 proposuimus,
926 3485 1115 3564 errauerim,
1146 3502 1208 3551 non
