2876 4712
514 366 747 432 -274-

79 559 125 620 cot
144 552 230 618 bona.
266 559 315 618 set
336 551 550 620 iurisconsulti
572 553 625 636 qui
648 559 721 637 post
740 552 804 620 ΧΠ
825 552 1002 620 tabularum
1024 552 1123 636 legem
1147 554 1190 622 la·

78 681 135 736 tam
156 670 299 752 floruere,
322 672 391 754 ipsa
413 671 538 754 quidem
561 673 630 754 lega
652 673 805 752 iuniores,
833 671 1058 755 principalibus
1083 665 1188 740 aotam

77 793 342 859 constitutionibus
370 794 559 870 anteriores,
593 792 761 876 suptilitati
790 769 987 873 indulgentes
1016 793 1188 876 praefatam

77 913 325 993 excogitaueront
347 912 571 983 differentiam,
595 931 648 978 eas
670 915 701 977 in
725 912 907 979 uniuersum
938 931 957 978 a
986 920 1187 996 cognatorum

77 1021 252 1113 repellentes
275 1033 481 1112 successione,
505 1033 602 1100 donec
624 1042 794 1117 praetores,
816 1040 853 1100 ut
875 1033 992 1100 dictum
1015 1039 1073 1110 est,
1096 1032 1189 1099 ioris·
1222 1033 1239 1084 ⁵

80 1152 282 1218 consultorum
304 1153 616 1232 interpretationem
646 1153 804 1218 ciuitatem
834 1153 1044 1219 introductam
1071 1153 1189 1235 asperi·

75 1279 161 1338 tatem
191 1273 376 1338 humaniore
401 1271 593 1354 corrigentes
622 1274 792 1351 sententia,
829 1271 928 1338 ueluti
955 1278 1104 1353 cognatos
1133 1291 1187 1340 eas

75 1403 269 1470 uocauerunt,
293 1393 341 1456 uel
365 1393 459 1457 etiam
482 1391 567 1472 quod
589 1393 698 1457 deerat
720 1399 868 1457 consueto
890 1391 967 1472 ipsis
989 1408 1075 1458 more
1090 1391 1188 1458 adim·

75 1513 196 1594 pientes,
219 1515 346 1578 tertium
370 1514 510 1578 ordinem
541 1519 744 1594 cognatorum
774 1513 1044 1593 excogitauernnt,
1072 1529 1188 1593 easque

74 1639 104 1695 nt
117 1643 264 1713 cognatas
279 1651 443 1712 uocauere,
469 1635 596 1699 nunde
617 1632 796 1714 cognati·
824 1633 974 1698 bonorum
997 1630 1043 1697 eis
1065 1637 1239 1712 posses-10

36 1753 183 1817 lesionem
207 1752 348 1834 polliciti.
372 1751 422 1818 3t.
448 1751 669 1818 Sanctissimus
691 1762 796 1818 autem
819 1753 963 1835 princeps
985 1756 1092 1816 noster
1117 1749 1187 1833 lego

76 1869 129 1936 llll
151 1874 330 1939 tabularum
353 1873 562 1939 masculorum
586 1880 618 1938 et
639 1872 824 1938 feminarum
848 1873 932 1936 circa
960 1871 1185 1936 successionem

75 1993 273 2074 excogitatam
297 2011 428 2058 seruans
451 1992 683 2072 aequalitatem,
706 1998 868 2073 praetores
889 1988 1015 2072 quidem
1044 1989 1186 2056 humani·

74 2112 140 2177 tatis
160 2132 240 2178 suae
262 2115 379 2191 laudat,
402 2113 456 2192 qui
480 2131 539 2178 non
563 2113 688 2192 penitus
710 2109 840 2176 feminas
856 2116 945 2175 extra
958 2111 1185 2176 successionem

73 2231 265 2313 reliquerint,
299 2232 389 2298 addit
427 2241 531 2297 autern
573 2232 657 2314 ipsos
697 2251 758 2297 non
796 2229 922 2313 plenum
962 2229 1112 2295 eiusmodi
1153 2231 1184 2296 in
1205 2241 1236 2293 ro

74 2351 191 2418 laminas
214 2353 390 2435 iniquitatis
412 2353 584 2419 remedium
607 2351 775 2418 inuenisse.
820 2351 991 2417 eratenim
1014 2350 1183 2416 absordum

73 2492 103 2536 er
124 2493 182 2538 uno
206 2473 380 2556 eodemque
401 2474 503 2556 gradu
529 2474 658 2540 feminas
685 2474 810 2556 quidem
841 2471 923 2538 cum'
940 2470 1086 2537 masculis
1116 2488 1184 2536 con·

73 2608 187 2659 currere
211 2613 268 2658 nee
288 2601 409 2660 tanturn
426 2605 539 2661 natura
554 2615 622 2661 esse
638 2601 787 2678 cognatas
810 2600 859 2660 set
881 2593 973 2660 etiam
989 2592 1184 2675 adgnationis

74 2730 192 2778 seruare
214 2713 295 2790 iura,
320 2733 380 2779 non
410 2720 515 2780 autem
542 2715 635 2780 simili
662 2715 754 2780 modo
782 2731 874 2796 quam
905 2712 1058 2779 masculos
1080 2727 1185 2777 sncce-

57 2833 145 2922 dere,
159 2842 208 2900 set
223 2841 347 2899 tontum
362 2851 485 2900 sorores
497 2835 694 2916 adgnationis
709 2836 777 2901 iure
792 2841 984 2900 mortuorum
999 2831 1087 2899 adire
1098 2832 1184 2898 here·
1202 2838 1237 2892 ao

73 2952 186 3021 ditatos.
217 2953 333 3035 quibus
356 2972 431 3036 ergo
454 2955 629 3020 rationibus
651 2955 865 3020 sanctissimus
887 2955 1057 3036 imperator
1079 2955 1185 3017 noster

72 3084 231 3153 permotus
255 3073 417 3154 antiquum
441 3075 602 3140 reuocauit
623 3075 690 3151 ios,
713 3075 732 3138 i.
757 3092 783 3138 e.
807 3072 884 3154 legis
911 3069 974 3138 XII
996 3071 1183 3148 tabularum,

72 3209 181 3259 aesna
214 3196 438 3260 constitutione
471 3213 620 3276 personas
653 3213 710 3278 per
743 3193 843 3259 uirilis
876 3210 968 3260 sexus
1001 3191 1184 3273 cognatione

72 3312 184 3380 iunctas
207 3334 265 3381 sen
287 3316 373 3382 uiros
396 3333 451 3381 seu
480 3315 611 3380 feminas
638 3332 739 3397 aequa
765 3314 855 3381 lance
882 3314 921 3379 ad
951 3312 1121 3394 legitimam
1144 3313 1183 3376 ab

72 3433 211 3501 intestato
234 3437 461 3502 successionem
485 3437 590 3502 uocari
612 3434 713 3510 iussit,
735 3437 852 3516 gradm
873 3431 1095 3517 praerogatiua
1116 3429 1184 3496 nbi·
1201 3442 1237 3494 ao

74 3571 126 3634 que
146 3565 282 3622 seruato.
317 3557 536 3638 proximiorem
560 3555 641 3620 enim
662 3555 766 3620 uirum
789 3573 845 3622 seu
867 3554 1012 3620 feminam
1042 3551 1182 3617 ulteriori

74 3675 211 3750 praeferri
237 3676 314 3756 uolt,
337 3695 439 3759 neque
460 3676 530 3742 ideo
552 3677 637 3759 ipsas
660 3676 762 3740 minus
784 3675 917 3753 habere,
946 3670 1028 3756 qood
1051 3671 1182 3755 gradum

74 3801 314 3876 praetergressos
348 3797 413 3861 sint
449 3796 757 3877 consanguineitatis.
813 3803 862 3860 set
888 3793 916 3858 si
942 3791 1013 3874 qnia
1041 3799 1184 3857 mortuos

77 3907 160 3976 luerit
182 3915 259 3980 duos
283 3917 421 3982 eiusdem
444 3915 562 3997 grados
584 3916 737 3998 adgnatos
759 3912 954 3995 relinquens,
984 3927 1116 3996 quorum
1140 3910 1185 3976 al·

76 4035 116 4095 ter
135 4036 182 4099 nir
203 4038 284 4101 alter
305 4035 420 4102 lomina
442 4038 494 4114 sit,
518 4037 609 4101 simul
632 4036 779 4102 adeunto.
807 4043 843 4099 nt
864 4053 945 4107 ecee,
968 4031 1100 4114 exempli
1115 4049 1181 4112 gra·
1201 4039 1236 4092 oo

78 4149 127 4230 tia,
153 4151 234 4221 lilios
256 4163 307 4223 est
333 4157 436 4239 patrui
470 4156 676 4239 praemortui,
705 4155 906 4235 eiusdemque
934 4150 1011 4230 filio,
1040 4149 1185 4232 quamuis
