<?xml version="1.0" encoding="UTF-8"?>
<!DOCTYPE html PUBLIC "-//W3C//DTD XHTML 1.0 Transitional//EN"
    "http://www.w3.org/TR/xhtml1/DTD/xhtml1-transitional.dtd">
<html xmlns="http://www.w3.org/1999/xhtml" xml:lang="en" lang="en">
 <head>
  <title>
</title>
<meta http-equiv="Content-Type" content="text/html;charset=utf-8" />
  <meta name='ocr-system' content='tesseract 3.04.00' />
  <meta name='ocr-capabilities' content='ocr_page ocr_carea ocr_par ocr_line ocrx_word'/>
</head>
<body>
  <div class='ocr_page' id='page_1' title='image "./institutionumgr02linggoog_0622.png"; bbox 0 0 2876 4712; ppageno 0'>
   <div class='ocr_carea' id='block_1_1' title="bbox 520 367 750 431">
    <p class='ocr_par' dir='ltr' id='par_1_1' title="bbox 520 367 750 431">
     <span class='ocr_line' id='line_1_1' title="bbox 520 367 750 431; baseline 0 -1"><span class='ocrx_word' id='word_1_1' title='bbox 520 367 750 431; x_wconf 77' lang='lat'>-294-</span> 
     </span>
    </p>
   </div>
   <div class='ocr_carea' id='block_1_2' title="bbox 81 554 1245 1236">
    <p class='ocr_par' dir='ltr' id='par_1_2' title="bbox 81 554 1245 1236">
     <span class='ocr_line' id='line_1_2' title="bbox 82 554 1193 636; baseline 0 -16"><span class='ocrx_word' id='word_1_2' title='bbox 82 555 194 635; x_wconf 88' lang='lat' dir='ltr'>quitur.</span> <span class='ocrx_word' id='word_1_3' title='bbox 237 574 307 620; x_wconf 92' lang='lat' dir='ltr'>cnm</span> <span class='ocrx_word' id='word_1_4' title='bbox 330 556 535 636; x_wconf 79' lang='lat' dir='ltr'>ingenuorum</span> <span class='ocrx_word' id='word_1_5' title='bbox 562 555 787 620; x_wconf 78' lang='lat' dir='ltr'><strong>successionem</strong></span> <span class='ocrx_word' id='word_1_6' title='bbox 817 554 1054 632; x_wconf 69' lang='lat' dir='ltr'>tradiderim,</span> <span class='ocrx_word' id='word_1_7' title='bbox 1082 573 1193 620; x_wconf 88' lang='lat' dir='ltr'>conne-</span> 
     </span>
     <span class='ocr_line' id='line_1_3' title="bbox 81 671 1193 740; baseline -0.001 -2"><span class='ocrx_word' id='word_1_8' title='bbox 81 673 200 740; x_wconf 88' lang='lat' dir='ltr'>nienter</span> <span class='ocrx_word' id='word_1_9' title='bbox 221 674 260 740; x_wconf 92' lang='lat' dir='ltr'>de</span> <span class='ocrx_word' id='word_1_10' title='bbox 281 674 462 740; x_wconf 89' lang='lat' dir='ltr'>libertorum</span> <span class='ocrx_word' id='word_1_11' title='bbox 486 671 682 738; x_wconf 81' lang='lat' dir='ltr'>successione</span> <span class='ocrx_word' id='word_1_12' title='bbox 709 674 872 738; x_wconf 89' lang='lat' dir='ltr'>dicendum</span> <span class='ocrx_word' id='word_1_13' title='bbox 902 683 959 738; x_wconf 89' lang='lat' dir='ltr'>est.</span> <span class='ocrx_word' id='word_1_14' title='bbox 1010 673 1036 736; x_wconf 89' lang='lat' dir='ltr'>si</span> <span class='ocrx_word' id='word_1_15' title='bbox 1062 673 1193 739; x_wconf 87' lang='lat' dir='ltr'>libertus</span> 
     </span>
     <span class='ocr_line' id='line_1_4' title="bbox 81 791 1193 875; baseline 0.002 -19"><span class='ocrx_word' id='word_1_16' title='bbox 81 794 245 858; x_wconf 88' lang='lat' dir='ltr'>intestatus</span> <span class='ocrx_word' id='word_1_17' title='bbox 271 795 423 858; x_wconf 90' lang='lat' dir='ltr'>moriatur</span> <span class='ocrx_word' id='word_1_18' title='bbox 448 793 519 875; x_wconf 90' lang='lat' dir='ltr'>quis</span> <span class='ocrx_word' id='word_1_19' title='bbox 552 793 592 858; x_wconf 91' lang='lat' dir='ltr'>ad</span> <span class='ocrx_word' id='word_1_20' title='bbox 622 793 688 857; x_wconf 93' lang='lat' dir='ltr'>eins</span> <span class='ocrx_word' id='word_1_21' title='bbox 724 793 885 875; x_wconf 85' lang='lat' dir='ltr'>perueniat</span> <span class='ocrx_word' id='word_1_22' title='bbox 912 791 1140 858; x_wconf 78' lang='lat' dir='ltr'>hereditatem?</span> <span class='ocrx_word' id='word_1_23' title='bbox 1168 796 1193 858; x_wconf 85' lang='lat' dir='ltr'>si</span> 
     </span>
     <span class='ocr_line' id='line_1_5' title="bbox 81 912 1194 996; baseline -0.001 -19"><span class='ocrx_word' id='word_1_24' title='bbox 81 913 202 994; x_wconf 86' lang='lat' dir='ltr'>quidem</span> <span class='ocrx_word' id='word_1_25' title='bbox 225 922 311 978; x_wconf 80' lang='lat' dir='ltr'>extat</span> <span class='ocrx_word' id='word_1_26' title='bbox 333 912 414 978; x_wconf 83' lang='lat' dir='ltr'>tilius</span> <span class='ocrx_word' id='word_1_27' title='bbox 441 915 508 978; x_wconf 91' lang='lat' dir='ltr'>eius</span> <span class='ocrx_word' id='word_1_28' title='bbox 534 919 606 996; x_wconf 88' lang='lat' dir='ltr'>post</span> <span class='ocrx_word' id='word_1_29' title='bbox 635 914 905 978; x_wconf 83' lang='lat' dir='ltr'>manumissionem</span> <span class='ocrx_word' id='word_1_30' title='bbox 935 923 1117 994; x_wconf 84' lang='lat' dir='ltr'>conceptus,</span> <span class='ocrx_word' id='word_1_31' title='bbox 1144 912 1194 976; x_wconf 90' lang='lat' dir='ltr'>hic</span> 
     </span>
     <span class='ocr_line' id='line_1_6' title="bbox 82 1033 1245 1109; baseline 0.003 -12"><span class='ocrx_word' id='word_1_32' title='bbox 82 1052 116 1097; x_wconf 83' lang='lat' dir='ltr'>cx</span> <span class='ocrx_word' id='word_1_33' title='bbox 137 1035 247 1098; x_wconf 90' lang='lat' dir='ltr'>ordine</span> <span class='ocrx_word' id='word_1_34' title='bbox 268 1051 395 1098; x_wconf 89' lang='lat' dir='ltr'>suorum</span> <span class='ocrx_word' id='word_1_35' title='bbox 418 1034 565 1098; x_wconf 89' lang='lat' dir='ltr'>heredum</span> <span class='ocrx_word' id='word_1_36' title='bbox 589 1035 766 1098; x_wconf 89' lang='lat' dir='ltr'>uocabitur:</span> <span class='ocrx_word' id='word_1_37' title='bbox 797 1033 854 1098; x_wconf 90' lang='lat' dir='ltr'>hoc</span> <span class='ocrx_word' id='word_1_38' title='bbox 877 1051 951 1098; x_wconf 89' lang='lat' dir='ltr'>uero</span> <span class='ocrx_word' id='word_1_39' title='bbox 974 1051 1035 1098; x_wconf 93' lang='lat' dir='ltr'>non</span> <span class='ocrx_word' id='word_1_40' title='bbox 1058 1041 1193 1109; x_wconf 80' lang='lat' dir='ltr'>extante,</span> <span class='ocrx_word' id='word_1_41' title='bbox 1228 1051 1245 1101; x_wconf 82' lang='lat' dir='ltr'>t</span> 
     </span>
     <span class='ocr_line' id='line_1_7' title="bbox 82 1151 1195 1236; baseline 0 -20"><span class='ocrx_word' id='word_1_42' title='bbox 82 1151 278 1234; x_wconf 86' lang='lat' dir='ltr'>dispiciamus</span> <span class='ocrx_word' id='word_1_43' title='bbox 300 1154 442 1236; x_wconf 90' lang='lat' dir='ltr'>quisnam</span> <span class='ocrx_word' id='word_1_44' title='bbox 466 1154 624 1218; x_wconf 91' lang='lat' dir='ltr'>uocandns</span> <span class='ocrx_word' id='word_1_45' title='bbox 654 1161 712 1219; x_wconf 91' lang='lat' dir='ltr'>est.</span> <span class='ocrx_word' id='word_1_46' title='bbox 740 1161 835 1236; x_wconf 89' lang='lat' dir='ltr'>atque</span> <span class='ocrx_word' id='word_1_47' title='bbox 863 1152 895 1217; x_wconf 92' lang='lat' dir='ltr'>in</span> <span class='ocrx_word' id='word_1_48' title='bbox 918 1152 1028 1234; x_wconf 90' lang='lat' dir='ltr'>primis</span> <span class='ocrx_word' id='word_1_49' title='bbox 1055 1169 1116 1217; x_wconf 94' lang='lat' dir='ltr'>non</span> <span class='ocrx_word' id='word_1_50' title='bbox 1147 1159 1195 1218; x_wconf 86' lang='lat' dir='ltr'>est</span> 
     </span>
    </p>
   </div>
   <div class='ocr_carea' id='block_1_3' title="bbox 56 1271 1247 3517">
    <p class='ocr_par' dir='ltr' id='par_1_3' title="bbox 56 1271 1247 3517">
     <span class='ocr_line' id='line_1_8' title="bbox 82 1271 1192 1356; baseline 0.001 -21"><span class='ocrx_word' id='word_1_51' title='bbox 82 1273 242 1338; x_wconf 93' lang='lat' dir='ltr'>dicendum</span> <span class='ocrx_word' id='word_1_52' title='bbox 264 1275 371 1338; x_wconf 91' lang='lat' dir='ltr'>uocari</span> <span class='ocrx_word' id='word_1_53' title='bbox 393 1274 576 1356; x_wconf 79' lang='lat' dir='ltr'>adgnatum:</span> <span class='ocrx_word' id='word_1_54' title='bbox 599 1291 660 1338; x_wconf 91' lang='lat' dir='ltr'>non</span> <span class='ocrx_word' id='word_1_55' title='bbox 682 1275 763 1338; x_wconf 90' lang='lat' dir='ltr'>enim</span> <span class='ocrx_word' id='word_1_56' title='bbox 781 1281 926 1355; x_wconf 88' lang='lat' dir='ltr'>parentes</span> <span class='ocrx_word' id='word_1_57' title='bbox 941 1272 1037 1338; x_wconf 88' lang='lat' dir='ltr'>habet</span> <span class='ocrx_word' id='word_1_58' title='bbox 1050 1271 1192 1349; x_wconf 83' lang='lat' dir='ltr'>libertus,</span> 
     </span>
     <span class='ocr_line' id='line_1_9' title="bbox 80 1390 1195 1473; baseline 0.001 -19"><span class='ocrx_word' id='word_1_59' title='bbox 80 1390 193 1472; x_wconf 85' lang='lat' dir='ltr'>quippe</span> <span class='ocrx_word' id='word_1_60' title='bbox 214 1392 268 1473; x_wconf 90' lang='lat' dir='ltr'>qni</span> <span class='ocrx_word' id='word_1_61' title='bbox 291 1391 322 1456; x_wconf 93' lang='lat' dir='ltr'>in</span> <span class='ocrx_word' id='word_1_62' title='bbox 345 1391 498 1456; x_wconf 88' lang='lat' dir='ltr'>seruitute</span> <span class='ocrx_word' id='word_1_63' title='bbox 519 1401 612 1457; x_wconf 90' lang='lat' dir='ltr'>natus</span> <span class='ocrx_word' id='word_1_64' title='bbox 634 1395 684 1470; x_wconf 85' lang='lat' dir='ltr'>sit,</span> <span class='ocrx_word' id='word_1_65' title='bbox 707 1393 791 1458; x_wconf 90' lang='lat' dir='ltr'>unde</span> <span class='ocrx_word' id='word_1_66' title='bbox 812 1391 912 1472; x_wconf 90' lang='lat' dir='ltr'>liquet</span> <span class='ocrx_word' id='word_1_67' title='bbox 927 1410 1026 1472; x_wconf 88' lang='lat' dir='ltr'>neque</span> <span class='ocrx_word' id='word_1_68' title='bbox 1042 1411 1079 1458; x_wconf 84' lang='lat' dir='ltr'>er</span> <span class='ocrx_word' id='word_1_69' title='bbox 1095 1399 1195 1456; x_wconf 87' lang='lat' dir='ltr'>trans·</span> 
     </span>
     <span class='ocr_line' id='line_1_10' title="bbox 81 1509 1194 1595; baseline 0.001 -19"><span class='ocrx_word' id='word_1_70' title='bbox 81 1529 169 1577; x_wconf 85' lang='lat' dir='ltr'>uerso</span> <span class='ocrx_word' id='word_1_71' title='bbox 203 1512 355 1592; x_wconf 79' lang='lat' dir='ltr'>adgnatos</span> <span class='ocrx_word' id='word_1_72' title='bbox 387 1509 515 1578; x_wconf 89' lang='lat' dir='ltr'>habere:</span> <span class='ocrx_word' id='word_1_73' title='bbox 548 1531 586 1578; x_wconf 87' lang='lat' dir='ltr'>cx</span> <span class='ocrx_word' id='word_1_74' title='bbox 617 1511 677 1577; x_wconf 88' lang='lat' dir='ltr'>illis</span> <span class='ocrx_word' id='word_1_75' title='bbox 709 1513 788 1577; x_wconf 92' lang='lat' dir='ltr'>enim</span> <span class='ocrx_word' id='word_1_76' title='bbox 822 1511 871 1578; x_wconf 85' lang='lat' dir='ltr'>his</span> <span class='ocrx_word' id='word_1_77' title='bbox 904 1513 991 1595; x_wconf 81' lang='lat' dir='ltr'>origo</span> <span class='ocrx_word' id='word_1_78' title='bbox 1024 1521 1080 1578; x_wconf 88' lang='lat' dir='ltr'>est.</span> <span class='ocrx_word' id='word_1_79' title='bbox 1125 1530 1194 1577; x_wconf 90' lang='lat' dir='ltr'>cum</span> 
     </span>
     <span class='ocr_line' id='line_1_11' title="bbox 82 1631 1246 1715; baseline 0.001 -20"><span class='ocrx_word' id='word_1_80' title='bbox 82 1639 182 1696; x_wconf 89' lang='lat' dir='ltr'>autem</span> <span class='ocrx_word' id='word_1_81' title='bbox 205 1632 361 1714; x_wconf 74' lang='lat' dir='ltr'>adgnatos</span> <span class='ocrx_word' id='word_1_82' title='bbox 382 1651 443 1697; x_wconf 93' lang='lat' dir='ltr'>non</span> <span class='ocrx_word' id='word_1_83' title='bbox 466 1634 517 1711; x_wconf 86' lang='lat' dir='ltr'>sit,</span> <span class='ocrx_word' id='word_1_84' title='bbox 539 1634 570 1697; x_wconf 95' lang='lat' dir='ltr'>in</span> <span class='ocrx_word' id='word_1_85' title='bbox 592 1633 659 1699; x_wconf 90' lang='lat' dir='ltr'>loco</span> <span class='ocrx_word' id='word_1_86' title='bbox 681 1633 810 1713; x_wconf 82' lang='lat' dir='ltr'>adgnati</span> <span class='ocrx_word' id='word_1_87' title='bbox 836 1639 1001 1715; x_wconf 88' lang='lat' dir='ltr'>patronum</span> <span class='ocrx_word' id='word_1_88' title='bbox 1029 1633 1078 1698; x_wconf 84' lang='lat' dir='ltr'>lex</span> <span class='ocrx_word' id='word_1_89' title='bbox 1100 1631 1191 1698; x_wconf 88' lang='lat' dir='ltr'>collo·</span> <span class='ocrx_word' id='word_1_90' title='bbox 1213 1645 1246 1696; x_wconf 84' lang='grc' dir='ltr'>ιο</span> 
     </span>
     <span class='ocr_line' id='line_1_12' title="bbox 82 1751 1194 1836; baseline -0.002 -18"><span class='ocrx_word' id='word_1_91' title='bbox 82 1752 170 1818; x_wconf 84' lang='lat' dir='ltr'>cauit</span> <span class='ocrx_word' id='word_1_92' title='bbox 215 1754 311 1834; x_wconf 86' lang='lat' dir='ltr'>igitur</span> <span class='ocrx_word' id='word_1_93' title='bbox 333 1773 413 1836; x_wconf 88' lang='lat' dir='ltr'>quae</span> <span class='ocrx_word' id='word_1_94' title='bbox 435 1754 604 1836; x_wconf 81' lang='lat' dir='ltr'>adgnatnm</span> <span class='ocrx_word' id='word_1_95' title='bbox 627 1753 787 1820; x_wconf 89' lang='lat' dir='ltr'>morientis</span> <span class='ocrx_word' id='word_1_96' title='bbox 813 1752 1009 1818; x_wconf 85' lang='lat' dir='ltr'>successione</span> <span class='ocrx_word' id='word_1_97' title='bbox 1030 1751 1194 1833; x_wconf 77' lang='lat' dir='ltr'>repeliunt,</span> 
     </span>
     <span class='ocr_line' id='line_1_13' title="bbox 84 1871 1194 1954; baseline 0 -16"><span class='ocrx_word' id='word_1_98' title='bbox 84 1872 188 1938; x_wconf 89' lang='lat' dir='ltr'>eadem</span> <span class='ocrx_word' id='word_1_99' title='bbox 209 1881 376 1954; x_wconf 87' lang='lat' dir='ltr'>patronum</span> <span class='ocrx_word' id='word_1_100' title='bbox 397 1893 418 1938; x_wconf 90' lang='lat' dir='ltr'>a</span> <span class='ocrx_word' id='word_1_101' title='bbox 439 1875 543 1940; x_wconf 88' lang='lat' dir='ltr'>liberti</span> <span class='ocrx_word' id='word_1_102' title='bbox 565 1874 761 1939; x_wconf 88' lang='lat' dir='ltr'>successione</span> <span class='ocrx_word' id='word_1_103' title='bbox 790 1879 960 1940; x_wconf 87' lang='lat' dir='ltr'>remouent</span> <span class='ocrx_word' id='word_1_104' title='bbox 1004 1871 1110 1950; x_wconf 85' lang='lat' dir='ltr'>itaque</span> <span class='ocrx_word' id='word_1_105' title='bbox 1132 1871 1194 1938; x_wconf 89' lang='lat' dir='ltr'>filio</span> 
     </span>
     <span class='ocr_line' id='line_1_14' title="bbox 83 1992 1193 2073; baseline 0 -18"><span class='ocrx_word' id='word_1_106' title='bbox 83 1992 191 2058; x_wconf 89' lang='lat' dir='ltr'>liberto</span> <span class='ocrx_word' id='word_1_107' title='bbox 224 1998 363 2070; x_wconf 84' lang='lat' dir='ltr'>extante,</span> <span class='ocrx_word' id='word_1_108' title='bbox 396 2012 457 2058; x_wconf 94' lang='lat' dir='ltr'>non</span> <span class='ocrx_word' id='word_1_109' title='bbox 487 1999 536 2058; x_wconf 90' lang='lat' dir='ltr'>est</span> <span class='ocrx_word' id='word_1_110' title='bbox 562 2001 693 2073; x_wconf 88' lang='lat' dir='ltr'>patrono</span> <span class='ocrx_word' id='word_1_111' title='bbox 721 1993 818 2059; x_wconf 89' lang='lat' dir='ltr'>iocus.</span> <span class='ocrx_word' id='word_1_112' title='bbox 868 2002 900 2057; x_wconf 92' lang='lat' dir='ltr'>et</span> <span class='ocrx_word' id='word_1_113' title='bbox 926 2011 994 2058; x_wconf 94' lang='lat' dir='ltr'>cum</span> <span class='ocrx_word' id='word_1_114' title='bbox 1016 1993 1193 2058; x_wconf 76' lang='lat' dir='ltr'>testamenti</span> 
     </span>
     <span class='ocr_line' id='line_1_15' title="bbox 83 2111 1193 2194; baseline -0.001 -20"><span class='ocrx_word' id='word_1_115' title='bbox 83 2111 171 2176; x_wconf 89' lang='lat' dir='ltr'>iactio</span> <span class='ocrx_word' id='word_1_116' title='bbox 193 2111 362 2194; x_wconf 85' lang='lat' dir='ltr'>adgnatnm</span> <span class='ocrx_word' id='word_1_117' title='bbox 384 2114 550 2178; x_wconf 90' lang='lat' dir='ltr'>succedere</span> <span class='ocrx_word' id='word_1_118' title='bbox 571 2131 632 2177; x_wconf 94' lang='lat' dir='ltr'>non</span> <span class='ocrx_word' id='word_1_119' title='bbox 663 2114 762 2190; x_wconf 86' lang='lat' dir='ltr'>sinat,</span> <span class='ocrx_word' id='word_1_120' title='bbox 791 2112 902 2177; x_wconf 88' lang='lat' dir='ltr'>merito</span> <span class='ocrx_word' id='word_1_121' title='bbox 931 2131 988 2177; x_wconf 91' lang='lat' dir='ltr'>nec</span> <span class='ocrx_word' id='word_1_122' title='bbox 1016 2120 1193 2194; x_wconf 86' lang='lat' dir='ltr'>patronum.</span> 
     </span>
     <span class='ocr_line' id='line_1_16' title="bbox 84 2229 1247 2315; baseline 0.006 -21"><span class='ocrx_word' id='word_1_123' title='bbox 84 2230 195 2296; x_wconf 87' lang='lat' dir='ltr'>licebat</span> <span class='ocrx_word' id='word_1_124' title='bbox 217 2248 291 2312; x_wconf 84' lang='lat' dir='ltr'>ergo</span> <span class='ocrx_word' id='word_1_125' title='bbox 312 2229 394 2308; x_wconf 83' lang='lat' dir='ltr'>olim,</span> <span class='ocrx_word' id='word_1_126' title='bbox 417 2232 500 2315; x_wconf 86' lang='lat' dir='ltr'>quod</span> <span class='ocrx_word' id='word_1_127' title='bbox 523 2233 563 2296; x_wconf 95' lang='lat' dir='ltr'>ad</span> <span class='ocrx_word' id='word_1_128' title='bbox 585 2231 684 2314; x_wconf 80' lang='lat' dir='ltr'>legem</span> <span class='ocrx_word' id='word_1_129' title='bbox 706 2229 770 2297; x_wconf 86' lang='lat' dir='ltr'>XII</span> <span class='ocrx_word' id='word_1_130' title='bbox 791 2231 985 2310; x_wconf 82' lang='lat' dir='ltr'>tabularum,</span> <span class='ocrx_word' id='word_1_131' title='bbox 1008 2231 1120 2296; x_wconf 90' lang='lat' dir='ltr'>liberto</span> <span class='ocrx_word' id='word_1_132' title='bbox 1142 2250 1197 2312; x_wconf 88' lang='lat' dir='ltr'>pa·</span> <span class='ocrx_word' id='word_1_133' title='bbox 1215 2250 1247 2301; x_wconf 79' lang='lat'>15</span> 
     </span>
     <span class='ocr_line' id='line_1_17' title="bbox 85 2349 1196 2432; baseline 0.002 -18"><span class='ocrx_word' id='word_1_134' title='bbox 85 2357 203 2416; x_wconf 75' lang='lat' dir='ltr'>nonum</span> <span class='ocrx_word' id='word_1_135' title='bbox 227 2349 412 2432; x_wconf 86' lang='lat' dir='ltr'>praeterire:</span> <span class='ocrx_word' id='word_1_136' title='bbox 433 2369 505 2416; x_wconf 88' lang='lat' dir='ltr'>nam</span> <span class='ocrx_word' id='word_1_137' title='bbox 527 2370 584 2416; x_wconf 91' lang='lat' dir='ltr'>suo</span> <span class='ocrx_word' id='word_1_138' title='bbox 605 2350 720 2416; x_wconf 90' lang='lat' dir='ltr'>herede</span> <span class='ocrx_word' id='word_1_139' title='bbox 743 2369 803 2417; x_wconf 95' lang='lat' dir='ltr'>non</span> <span class='ocrx_word' id='word_1_140' title='bbox 826 2355 950 2417; x_wconf 83' lang='lat' dir='ltr'>extante</span> <span class='ocrx_word' id='word_1_141' title='bbox 964 2357 996 2415; x_wconf 91' lang='lat' dir='ltr'>ct</span> <span class='ocrx_word' id='word_1_142' title='bbox 1009 2353 1196 2416; x_wconf 84' lang='lat' dir='ltr'>testamento</span> 
     </span>
     <span class='ocr_line' id='line_1_18' title="bbox 86 2469 1197 2554; baseline 0.004 -22"><span class='ocrx_word' id='word_1_143' title='bbox 86 2487 142 2536; x_wconf 92' lang='lat' dir='ltr'>non</span> <span class='ocrx_word' id='word_1_144' title='bbox 164 2469 256 2546; x_wconf 88' lang='lat' dir='ltr'>facto,</span> <span class='ocrx_word' id='word_1_145' title='bbox 278 2477 352 2536; x_wconf 91' lang='lat' dir='ltr'>tunc</span> <span class='ocrx_word' id='word_1_146' title='bbox 366 2473 490 2538; x_wconf 92' lang='lat' dir='ltr'>demum</span> <span class='ocrx_word' id='word_1_147' title='bbox 512 2471 561 2536; x_wconf 86' lang='lat' dir='ltr'>lex</span> <span class='ocrx_word' id='word_1_148' title='bbox 582 2469 646 2536; x_wconf 83' lang='lat' dir='ltr'>XII</span> <span class='ocrx_word' id='word_1_149' title='bbox 667 2471 843 2540; x_wconf 85' lang='lat' dir='ltr'>tabularum</span> <span class='ocrx_word' id='word_1_150' title='bbox 864 2479 995 2554; x_wconf 87' lang='lat' dir='ltr'>patrono</span> <span class='ocrx_word' id='word_1_151' title='bbox 1025 2472 1064 2536; x_wconf 86' lang='lat' dir='ltr'>nd</span> <span class='ocrx_word' id='word_1_152' title='bbox 1092 2471 1197 2537; x_wconf 90' lang='lat' dir='ltr'>liberti</span> 
     </span>
     <span class='ocr_line' id='line_1_19' title="bbox 86 2590 1196 2675; baseline 0.002 -21"><span class='ocrx_word' id='word_1_153' title='bbox 86 2590 162 2655; x_wconf 89' lang='lat' dir='ltr'>bons</span> <span class='ocrx_word' id='word_1_154' title='bbox 181 2591 302 2657; x_wconf 91' lang='lat' dir='ltr'>aditum</span> <span class='ocrx_word' id='word_1_155' title='bbox 325 2591 430 2656; x_wconf 86' lang='lat' dir='ltr'>dabat.</span> <span class='ocrx_word' id='word_1_156' title='bbox 462 2598 594 2670; x_wconf 91' lang='lat' dir='ltr'>etcum,</span> <span class='ocrx_word' id='word_1_157' title='bbox 617 2590 680 2656; x_wconf 85' lang='lat' dir='ltr'>filio</span> <span class='ocrx_word' id='word_1_158' title='bbox 696 2599 830 2671; x_wconf 83' lang='lat' dir='ltr'>extante,</span> <span class='ocrx_word' id='word_1_159' title='bbox 853 2599 1003 2675; x_wconf 88' lang='lat' dir='ltr'>patronus</span> <span class='ocrx_word' id='word_1_160' title='bbox 1017 2592 1196 2670; x_wconf 89' lang='lat' dir='ltr'>reiceretnr,</span> 
     </span>
     <span class='ocr_line' id='line_1_20' title="bbox 87 2707 1196 2777; baseline 0.002 -3"><span class='ocrx_word' id='word_1_161' title='bbox 87 2707 171 2774; x_wconf 72' lang='lat' dir='ltr'>maile</span> <span class='ocrx_word' id='word_1_162' title='bbox 191 2717 260 2775; x_wconf 93' lang='lat' dir='ltr'>crat</span> <span class='ocrx_word' id='word_1_163' title='bbox 281 2709 457 2776; x_wconf 84' lang='lat' dir='ltr'>terendum:</span> <span class='ocrx_word' id='word_1_164' title='bbox 484 2729 545 2775; x_wconf 91' lang='lat' dir='ltr'>non</span> <span class='ocrx_word' id='word_1_165' title='bbox 567 2713 738 2776; x_wconf 90' lang='lat' dir='ltr'>eratenim</span> <span class='ocrx_word' id='word_1_166' title='bbox 767 2713 937 2777; x_wconf 89' lang='lat' dir='ltr'>absurdum</span> <span class='ocrx_word' id='word_1_167' title='bbox 967 2729 1036 2776; x_wconf 92' lang='lat' dir='ltr'>cum</span> <span class='ocrx_word' id='word_1_168' title='bbox 1063 2719 1196 2777; x_wconf 88' lang='lat' dir='ltr'>naturae</span> 
     </span>
     <span class='ocr_line' id='line_1_21' title="bbox 88 2829 1247 2913; baseline 0.003 -21"><span class='ocrx_word' id='word_1_169' title='bbox 88 2830 200 2896; x_wconf 88' lang='lat' dir='ltr'>cedere.</span> <span class='ocrx_word' id='word_1_170' title='bbox 223 2848 293 2896; x_wconf 92' lang='lat' dir='ltr'>cnm</span> <span class='ocrx_word' id='word_1_171' title='bbox 310 2849 384 2896; x_wconf 91' lang='lat' dir='ltr'>nero</span> <span class='ocrx_word' id='word_1_172' title='bbox 400 2831 494 2897; x_wconf 87' lang='lat' dir='ltr'>ctiam</span> <span class='ocrx_word' id='word_1_173' title='bbox 510 2832 677 2913; x_wconf 86' lang='lat' dir='ltr'>adoptinus</span> <span class='ocrx_word' id='word_1_174' title='bbox 691 2829 774 2896; x_wconf 85' lang='lat' dir='ltr'>iilius</span> <span class='ocrx_word' id='word_1_175' title='bbox 788 2831 839 2896; x_wconf 90' lang='lat' dir='ltr'>sui</span> <span class='ocrx_word' id='word_1_176' title='bbox 854 2830 978 2896; x_wconf 89' lang='lat' dir='ltr'>heredis</span> <span class='ocrx_word' id='word_1_177' title='bbox 992 2832 1063 2896; x_wconf 90' lang='lat' dir='ltr'>iura</span> <span class='ocrx_word' id='word_1_178' title='bbox 1076 2832 1195 2898; x_wconf 91' lang='lat' dir='ltr'>habens</span> <span class='ocrx_word' id='word_1_179' title='bbox 1213 2854 1247 2906; x_wconf 69' lang='grc' dir='ltr'><em>ω</em></span> 
     </span>
     <span class='ocr_line' id='line_1_22' title="bbox 89 2948 1237 3040; baseline 0.002 -26"><span class='ocrx_word' id='word_1_180' title='bbox 89 2957 339 3033; x_wconf 84' lang='lat' dir='ltr'>anteponeretur,</span> <span class='ocrx_word' id='word_1_181' title='bbox 366 2951 499 3018; x_wconf 84' lang='lat' dir='ltr'>maxima</span> <span class='ocrx_word' id='word_1_182' title='bbox 518 2950 592 3014; x_wconf 93' lang='lat' dir='ltr'>inde</span> <span class='ocrx_word' id='word_1_183' title='bbox 613 2948 762 3030; x_wconf 90' lang='lat' dir='ltr'>iniquitas</span> <span class='ocrx_word' id='word_1_184' title='bbox 789 2951 964 3028; x_wconf 87' lang='lat' dir='ltr'>oriebatur,</span> <span class='ocrx_word' id='word_1_185' title='bbox 994 2970 1064 3017; x_wconf 92' lang='lat' dir='ltr'>curn</span> <span class='ocrx_word' id='word_1_186' title='bbox 1093 2950 1195 3016; x_wconf 89' lang='lat' dir='ltr'>liberti</span> <span class='ocrx_word' id='word_1_187' title='bbox 1235 3035 1237 3040; x_wconf 65' lang='lat'>,</span> 
     </span>
     <span class='ocr_line' id='line_1_23' title="bbox 56 3071 1197 3156; baseline 0.001 -21"><span class='ocrx_word' id='word_1_188' title='bbox 56 3093 74 3142; x_wconf 86' lang='lat'>1.</span> <span class='ocrx_word' id='word_1_189' title='bbox 91 3073 278 3139; x_wconf 89' lang='lat' dir='ltr'>successione</span> <span class='ocrx_word' id='word_1_190' title='bbox 297 3075 478 3155; x_wconf 84' lang='lat' dir='ltr'>prinarctnr</span> <span class='ocrx_word' id='word_1_191' title='bbox 505 3075 545 3140; x_wconf 93' lang='lat' dir='ltr'>ab</span> <span class='ocrx_word' id='word_1_192' title='bbox 574 3073 724 3156; x_wconf 86' lang='lat' dir='ltr'>adoptino</span> <span class='ocrx_word' id='word_1_193' title='bbox 751 3072 814 3140; x_wconf 89' lang='lat' dir='ltr'>filio</span> <span class='ocrx_word' id='word_1_194' title='bbox 840 3082 1015 3156; x_wconf 89' lang='lat' dir='ltr'>superatus.</span> <span class='ocrx_word' id='word_1_195' title='bbox 1067 3075 1095 3134; x_wconf 92' lang='grc'>1.</span> <span class='ocrx_word' id='word_1_196' title='bbox 1129 3071 1197 3150; x_wconf 84' lang='lat' dir='ltr'>Qua</span> 
     </span>
     <span class='ocr_line' id='line_1_24' title="bbox 91 3191 1196 3280; baseline -0.002 -24"><span class='ocrx_word' id='word_1_197' title='bbox 91 3192 126 3258; x_wconf 91' lang='lat' dir='ltr'>de</span> <span class='ocrx_word' id='word_1_198' title='bbox 156 3213 248 3260; x_wconf 90' lang='lat' dir='ltr'>cansa</span> <span class='ocrx_word' id='word_1_199' title='bbox 281 3203 389 3280; x_wconf 84' lang='lat' dir='ltr'>postca</span> <span class='ocrx_word' id='word_1_200' title='bbox 414 3200 541 3276; x_wconf 86' lang='lat' dir='ltr'>praetor</span> <span class='ocrx_word' id='word_1_201' title='bbox 568 3213 625 3279; x_wconf 87' lang='lat' dir='ltr'>per</span> <span class='ocrx_word' id='word_1_202' title='bbox 652 3195 813 3277; x_wconf 86' lang='lat' dir='ltr'>proprium</span> <span class='ocrx_word' id='word_1_203' title='bbox 844 3195 980 3260; x_wconf 88' lang='lat' dir='ltr'>edictum</span> <span class='ocrx_word' id='word_1_204' title='bbox 1008 3193 1087 3257; x_wconf 85' lang='lat' dir='ltr'>hanc</span> <span class='ocrx_word' id='word_1_205' title='bbox 1119 3191 1196 3256; x_wconf 88' lang='lat' dir='ltr'>iuris</span> 
     </span>
     <span class='ocr_line' id='line_1_25' title="bbox 91 3309 1195 3396; baseline -0.005 -17"><span class='ocrx_word' id='word_1_206' title='bbox 91 3314 276 3396; x_wconf 86' lang='lat' dir='ltr'>iniquitatem</span> <span class='ocrx_word' id='word_1_207' title='bbox 303 3315 482 3381; x_wconf 89' lang='lat' dir='ltr'>emendanit</span> <span class='ocrx_word' id='word_1_208' title='bbox 510 3322 651 3382; x_wconf 88' lang='lat' dir='ltr'>statuens</span> <span class='ocrx_word' id='word_1_209' title='bbox 680 3313 792 3381; x_wconf 88' lang='lat' dir='ltr'>liberto</span> <span class='ocrx_word' id='word_1_210' title='bbox 820 3319 1039 3379; x_wconf 89' lang='lat' dir='ltr'>testamentum</span> <span class='ocrx_word' id='word_1_211' title='bbox 1066 3309 1195 3376; x_wconf 81' lang='lat' dir='ltr'>facienti</span> 
     </span>
     <span class='ocr_line' id='line_1_26' title="bbox 93 3433 1247 3517; baseline 0.003 -19"><span class='ocrx_word' id='word_1_212' title='bbox 93 3437 206 3503; x_wconf 93' lang='lat' dir='ltr'>omnino</span> <span class='ocrx_word' id='word_1_213' title='bbox 228 3433 388 3502; x_wconf 88' lang='lat' dir='ltr'>dimidiam</span> <span class='ocrx_word' id='word_1_214' title='bbox 409 3441 529 3517; x_wconf 86' lang='lat' dir='ltr'>partem</span> <span class='ocrx_word' id='word_1_215' title='bbox 556 3437 707 3503; x_wconf 87' lang='lat' dir='ltr'>bonorum</span> <span class='ocrx_word' id='word_1_216' title='bbox 734 3453 860 3501; x_wconf 90' lang='lat' dir='ltr'>suornm</span> <span class='ocrx_word' id='word_1_217' title='bbox 889 3440 1020 3517; x_wconf 88' lang='lat' dir='ltr'>patrono</span> <span class='ocrx_word' id='word_1_218' title='bbox 1050 3448 1119 3497; x_wconf 88' lang='lat' dir='ltr'>asse</span> <span class='ocrx_word' id='word_1_219' title='bbox 1148 3447 1197 3495; x_wconf 87' lang='lat' dir='ltr'>re-</span> <span class='ocrx_word' id='word_1_220' title='bbox 1213 3449 1247 3502; x_wconf 79' lang='lat' dir='ltr'>ao</span> 
     </span>
    </p>
   </div>
   <div class='ocr_carea' id='block_1_4' title="bbox 0 0 1454 4708">
    <p class='ocr_par' dir='ltr' id='par_1_4' title="bbox 0 0 1454 4708">
     <span class='ocr_line' id='line_1_27' title="bbox 0 0 1454 4708; baseline 0 0"><span class='ocrx_word' id='word_1_221' title='bbox 0 0 1454 4708; x_wconf 95' lang='lat' dir='ltr'> </span> 
     </span>
    </p>
   </div>
  </div>
 </body>
</html>
