2926 4708
531 373 679 439 -203
725 407 764 421 -

90 561 200 644 im‘tur,
234 563 301 628 tria
328 561 516 646 inquirimus
548 567 707 644 tempora,
741 562 773 627 in
801 561 917 644 quihus
945 561 1091 628 heredem
1119 567 1216 629 testu

89 679 353 748 mentiiaetionem
375 680 492 749 hahere
511 687 645 764 oportet,
667 679 751 746 idest
778 680 895 748 conditi
924 681 1114 762 testamenti,
1136 699 1217 748 mor-

90 803 126 866 tis
154 800 323 866 testatoris
352 807 385 868 et
412 800 575 881 aditionis;
605 800 803 882 pedssimum
840 805 945 867 autem
976 799 1092 868 conditi
1119 806 1217 868 testa·

90 920 186 985 menti
207 924 241 985 et
262 918 422 986 editionis.
470 917 818 988 testamentiiaetionem
848 926 953 985 autem
984 919 1102 987 hahere
1124 920 1215 987 intel·

90 1037 206 1121 legitur
228 1051 291 1105 nen
313 1039 413 1106 selum
435 1040 488 1121 qni
511 1045 733 1104 testamentum
761 1037 864 1105 heere
893 1039 1011 1120 possit,
1040 1047 1090 1106 eet
1119 1041 1212 1106 etiam
1245 1054 1263 1107 s

90 1158 139 1240 qni
163 1179 203 1226 ex
228 1159 332 1226 alieno
355 1164 544 1225 testamento
566 1175 680 1240 cepere
701 1157 803 1240 possit
824 1157 920 1224 aliiue
946 1176 1113 1239 quaerere,
1143 1157 1218 1224 licet

90 1280 153 1358 ipse
176 1282 401 1344 testamentum
423 1277 526 1344 iecere
548 1281 694 1359 nequeat.
734 1283 766 1343 et
788 1277 860 1344 iden
881 1283 913 1343 et
936 1276 1073 1344 furiosus
1096 1284 1129 1344 et
1151 1295 1218 1344 mu·

90 1403 137 1463 tus
159 1402 195 1464 et
217 1402 383 1479 postumus
406 1402 439 1461 et
459 1394 562 1462 iniens
590 1402 623 1462 et
650 1395 867 1462 filiusfamilias
896 1403 928 1463 et
957 1415 1070 1462 seruus
1096 1397 1217 1464 alienus

90 1515 437 1582 testamentiiaetionem
459 1515 576 1582 hahere
598 1515 762 1581 dicuntur:
785 1515 860 1582 licet
882 1516 964 1581 eninr
994 1521 1217 1584 testamentum

90 1636 189 1701 iacere
211 1654 275 1702 non
297 1642 439 1716 poaenru,
462 1640 600 1701 ettamen
623 1653 660 1700 er
683 1633 786 1702 alieno
808 1640 998 1702 testamento
1015 1635 1067 1702 uel
1090 1635 1150 1704 sibi
1166 1638 1217 1703 uel
1238 1646 1269 1698 ιο

91 1755 157 1821 aliis
180 1755 352 1838 adquirere
374 1761 516 1837 possunt.
561 1754 644 1838 quod
675 1755 715 1820 de
743 1754 861 1822 iurieso
885 1755 1003 1823 dietum
1034 1761 1083 1824 est
1106 1758 1152 1822 ita
1173 1759 1217 1822 in·

92 1875 238 1956 tellegere
260 1881 395 1957 eportet,
418 1882 454 1940 ut
476 1894 496 1942 a
517 1881 609 1958 petre
631 1875 673 1940 sit
694 1875 878 1956 institutus;
901 1877 942 1942 ah
965 1883 1115 1943 extranee
1138 1878 1218 1942 enim

92 1993 265 2074 institutus,
289 1993 388 2060 donee
409 1995 590 2074 resipuerit,
621 2011 679 2060 nee
710 1994 771 2060 sihi
797 2012 899 2076 neque
927 1993 982 2060 alii
1011 1995 1218 2062 hereditatem

56 2115 77 2166 ⁶·
93 2130 240 2194 quaerere
261 2112 387 2194 poterit.
421 2115 450 2177 5.
474 2113 622 2178 Extranei
646 2117 752 2178 autem
777 2113 908 2179 heredes
931 2114 1025 2179 etiarn
1049 2114 1219 2180 uoluntarii

94 2231 247 2312 dicuntur,
263 2249 334 2298 eum
351 2232 396 2297 eis
409 2231 602 2298 deliberandi
620 2239 761 2314 potestas
776 2234 818 2298 sit
833 2235 873 2300 de
888 2233 1033 2299 adeunde
1046 2232 1222 2298 hereditate
1243 2257 1273 2308 15

94 2352 141 2416 nel
161 2371 222 2418 nen
245 2351 407 2418 adeunde:
435 2354 531 2418 ceteri
554 2353 722 2419 necessarii
750 2352 915 2432 dicuntur,
945 2353 1020 2438 quie
1041 2352 1221 2418 necessario

93 2471 131 2534 ad
151 2469 360 2538 hereditatem
384 2479 548 2539 uocantur.
584 2491 686 2553 neque
708 2474 739 2539 in
763 2491 800 2540 ee
822 2473 1041 2540 tantummode
1064 2473 1222 2551 differunt,

91 2594 138 2653 set
156 2589 190 2654 in
211 2589 266 2655 iiio
290 2592 397 2670 etiam,
420 2592 505 2674 quod
528 2590 716 2658 hereditatis
732 2592 902 2673 adquisitio
924 2592 956 2657 in
974 2597 1123 2658 extraneo
1146 2590 1222 2656 adi·

93 2709 145 2780 tie
169 2714 318 2790 noeatur,
349 2711 381 2776 in
408 2712 594 2777 necessariis
624 2730 700 2778 uero
730 2710 942 2794 immixti03
977 2717 1010 2777 et
1036 2709 1222 2776 hereditatis

95 2829 220 2896 reieetie
242 2829 275 2894 in
298 2835 446 2897 extraneo
469 2829 699 2911 repudiatio
723 2830 848 2910 dieitur,
874 2829 905 2894 in
921 2828 1100 2896 necessario
1115 2837 1220 2893 autem
1239 2843 1275 2896 aa

94 2949 306 3016 abstentia.
353 2967 462 3016 uerum
485 2949 646 3015 enimuero
669 2955 837 3016 extraneus
865 2949 920 3032 qni
947 2947 1222 3031 repudiaueritin

94 3069 329 3135 eaeendieiene
351 3067 508 3136 estetsi
538 3087 699 3152 nunquam
728 3069 841 3136 inisset
868 3069 909 3134 ed
938 3067 1146 3134 hereditatem
1169 3085 1223 3132 ne

95 3193 189 3267 catus,
219 3207 295 3255 suus
318 3195 425 3255 entem
455 3196 487 3255 et
514 3191 712 3256 necessarius
740 3189 830 3254 heres
858 3187 887 3254 si
917 3187 1122 3265 abstinuerit,
1153 3202 1223 3250 curn

96 3309 200 3373 statim
222 3315 449 3390 postmortem
472 3308 572 3389 patris
598 3308 691 3374 heres
720 3305 877 3384 extiterit,
907 3303 1110 3373 nihilominus
1138 3303 1223 3370 here·
1242 3319 1276 3372 ar

95 3424 141 3491 die
162 3445 274 3494 nomen
297 3429 429 3495 retinet:
452 3430 578 3508 saepius
605 3428 688 3492 enim
718 3427 854 3493 diximus
883 3426 1007 3492 heredis
1035 3441 1149 3491 nomen
1178 3439 1226 3488 se·

96 3543 153 3611 mei
176 3546 269 3613 alieni
290 3548 469 3627 quaesitum
492 3546 577 3613 haud
604 3545 696 3613 iacile
724 3548 755 3610 in
786 3546 881 3612 alium
913 3547 1069 3611 transire:
1099 3545 1227 3626 praetor
