2960 4704
545 367 757 432 „13-

100 561 184 638 ptum.
210 561 247 621 ut
270 573 342 622 eece
363 571 433 620 onrn
455 554 526 636 quis
548 552 702 622 aureosG
723 561 852 621 mutuos
874 555 1022 635 dediuet,
1045 575 1211 623 usurarum

100 675 214 741 nomine
235 675 400 756 quotannis
415 674 474 741 sibi
489 673 515 740 L
530 673 601 739 dari
622 674 789 756 stipulatus
812 683 870 742 est
892 694 962 742 cunr
985 678 1157 743 absurdum
1178 675 1210 743 id

99 813 158 860 esse
167 797 255 877 apud
270 815 303 863 se
310 797 530 880 conspexisset
537 796 569 860 in
579 813 633 862 eos
644 795 699 876 qui
713 793 791 860 talia
801 801 1019 879 perpetrarent
1029 801 1210 874 commotus,

97 914 344 982 constitutionem
367 916 534 998 tulitque
557 923 683 980 cautum
706 921 824 994 estne,
847 915 872 980 G
894 916 999 984 aureis
1027 923 1136 982 mutuo
1158 916 1212 981 ‹la-

96 1033 141 1111 tis,
161 1034 331 1115 quotannis
352 1033 486 1116 amplius
500 1052 594 1117 quum
610 1033 654 1099 Vl
676 1035 765 1100 aurei
786 1033 902 1101 teneris
924 1035 1048 1101 nornine
1070 1042 1210 1118 peteren-
1244 1035 1268 1087 θ

95 1165 150 1216 tur.
198 1153 286 1235 quod
309 1151 442 1234 principi
463 1150 619 1234 placuerit
639 1152 717 1234 legis
733 1151 873 1234 uigorem
896 1152 1011 1218 habere
1034 1171 1095 1217 non
1115 1151 1212 1218 ambi·

95 1272 182 1354 gitur.
203 1281 257 1339 set
271 1274 332 1338 erit
345 1273 399 1356 qui
414 1273 511 1338 dicat:
534 1289 591 1338 our
607 1279 735 1336 senatus
750 1274 894 1338 consulta
908 1271 1054 1353 quamuis
1076 1290 1096 1338 a
1117 1273 1212 1354 pluri·

95 1391 148 1456 bus
167 1391 234 1456 luta
256 1399 370 1464 essent,
393 1391 425 1456 in
447 1389 586 1473 plebeios
608 1408 669 1455 non
691 1389 850 1468 uolebant,
873 1407 975 1474 neque
997 1389 1108 1473 plebis,
1130 1409 1211 1472 quaa

96 1513 251 1577 innumere
266 1523 315 1578 est
330 1511 509 1588 multitudo,
531 1510 610 1576 scits
631 1508 663 1576 in
679 1509 829 1594 patricios
845 1510 1029 1594 optinobant
1043 1519 1211 1594 antequam

95 1629 277 1698 Hortensius
300 1641 506 1718 utrorumque
527 1634 643 1716 placita
664 1635 695 1698 in
724 1640 875 1714 utrosque
903 1633 1010 1714 uigere
1035 1631 1266 1716 persuasis-1⁰

96 1757 147 1830 set,
167 1753 314 1834 princeps
336 1758 443 1818 autern
464 1772 534 1818 curn
556 1771 638 1820 unus
660 1753 702 1818 sit
724 1752 774 1818 uir
795 1753 844 1818 ius
866 1751 975 1818 condit
995 1759 1029 1818 et
1049 1769 1139 1818 nemo
1161 1761 1211 1820 est

95 1873 144 1952 qui
165 1874 233 1938 eius
256 1873 412 1938 mandatis
434 1874 597 1938 aduersari
619 1871 758 1938 audeat?
785 1872 1035 1954 respondendnm
1064 1877 1113 1936 est
1139 1889 1210 1938 eum

96 1991 144 2071 qni
168 1992 263 2057 huius
291 1994 337 2058 rei
359 2011 486 2058 caman]
508 2011 600 2059 nosse
622 1992 701 2058 uelit
721 1989 934 2058 definitionem
956 1989 1106 2073 principis
1135 2009 1210 2074 prae

96 2112 185 2178 oculis
206 2113 325 2180 habere
347 2123 502 2195 oportere,
523 2112 694 2196 principem
717 2111 837 2179 scilicet
857 2109 944 2177 illurn
967 2129 1052 2186 esse,
1081 2113 1134 2193 qui
1156 2112 1209 2180 im·

95 2235 209 2310 perium
233 2242 266 2299 et
287 2240 474 2316 potestatem
497 2253 517 2298 a
537 2232 652 2317 populo
675 2233 838 2315 acceperit.
888 2230 1022 2314 populus
1049 2238 1154 2295 autem
1175 2229 1208 2296 in
1230 2237 1264 2288 1⁵

96 2359 188 2416 seruet
218 2354 287 2435 ipso
320 2354 468 2436 patricios
500 2353 703 2438 plebeiosque
735 2353 887 2433 eontinet3
920 2370 981 2417 non
1018 2352 1087 2418 iure
1112 2350 1210 2436 igitur

94 2469 175 2549 plebs
198 2473 268 2538 eius
290 2474 564 2540 constitutionibus
586 2475 827 2551 adnumeretur,
850 2472 901 2539 uel
927 2479 1056 2538 senatus
1085 2471 1209 2537 easdem

94 2600 262 2672 respueret
292 2592 326 2657 id
346 2595 430 2658 enirn
453 2593 603 2660 iacientes
625 2612 683 2660 sua
706 2595 765 2676 ipsi
794 2595 943 2676 sullragiu
973 2595 1208 2677 impugnarent:

94 2709 223 2792 populus
246 2711 328 2777 eninr
350 2731 421 2778 euin
441 2713 545 2796 elegit,
568 2714 636 2796 lege
651 2714 739 2796 regio
752 2714 784 2779 id
800 2715 968 2793 sanciente,
989 2731 1071 2796 quae
1093 2712 1132 2778 <le
1154 2713 1209 2777 im·

92 2831 174 2910 perio
196 2831 265 2896 lata
285 2849 406 2897 omnem
434 2832 566 2915 principi
593 2833 626 2900 in
654 2833 802 2915 populum
829 2841 1018 2917 potestatem
1047 2835 1208 2900 concessit.
1226 2845 1261 2898 ao

92 2948 196 3031 itaque
217 2970 300 3032 quue
314 2953 354 3017 ab
371 2971 407 3018 eo
423 2953 659 3018 constituuntur
673 2955 827 3019 communi
843 2953 1051 3037 appellatione
1065 2951 1210 3020 consti·

93 3069 277 3137 tutiones
297 3080 460 3138 nocentur.
497 3073 609 3138 harum
630 3080 736 3138 autem
758 3074 911 3154 quaedum
934 3081 1008 3138 sunt
1028 3071 1209 3157 personales

92 3205 189 3268 neque
212 3190 256 3256 ad
277 3191 450 3274 exemplum
471 3191 555 3257 uahi
576 3201 717 3274 possum,
740 3192 887 3277 quoniam
909 3212 970 3260 non
994 3194 1053 3260 hoc
1066 3193 1210 3277 princeps

91 3310 197 3376 uoluit.
245 3331 317 3378 narn
338 3315 364 3380 si
385 3315 435 3381 cui
458 3321 587 3398 propter
607 3315 808 3396 beneficium,
836 3335 898 3398 quo
920 3335 1009 3384 suam
1036 3315 1151 3384 adfecit
1171 3315 1210 3381 ci·
