2926 4708
533 357 767 420 -201-

99 545 155 608 sint
175 535 204 608 'ei
224 537 407 622 creditores,
429 543 503 612 licet
525 543 664 612 defuncti
687 545 771 611 hona
791 540 908 612 adaco
930 545 1067 612 alienum
1090 545 1214 612 soluen-

98 661 163 726 dum
189 680 251 727 non
279 643 448 730 sufficiant
491 641 531 728 ¹ct
560 662 593 729 hi
622 662 748 743 quidem
775 665 944 730 necessarii
969 663 1101 732 heredes
1129 672 1212 730 sunt.

66 774 124 844 ²2.
154 778 207 846 Sui
230 786 338 847 autern
361 788 393 847 et
415 781 585 848 necessarii
608 783 734 862 quinam
761 783 824 848 sint
852 781 1063 866 dispiciamus.
1109 784 1158 848 sui
1180 790 1213 850 et

98 899 259 966 necessarii
281 906 357 965 sunt
377 899 479 967 ueluti
502 900 586 968 filius
609 899 673 967 filia
694 919 792 983 nepos
814 900 918 984 neptis
940 921 978 968 ex
1000 899 1065 967 filio
1080 907 1112 968 et
1127 903 1214 969 dein·

98 1035 160 1101 ceps
180 1019 279 1086 ceteri
301 1019 393 1086 liberi
415 1019 470 1101 qui
492 1020 585 1086 modo
608 1025 748 1100 tempore
774 1020 885 1085 mortis
913 1021 944 1086 in
972 1026 1129 1102 potestate
1151 1019 1213 1087 fne-
1247 1049 1266 1102 t
1370 1013 1377 1024 ’

96 1137 158 1204 rint
201 1138 260 1204 sed
281 1137 365 1204 filius
387 1138 515 1221 quidem
539 1137 667 1221 filiaque
688 1137 866 1206 omnimodo
892 1139 942 1205 sui
970 1139 1102 1206 heredes
1124 1137 1212 1220 finnt,

96 1261 228 1339 nepotem
254 1275 332 1323 uero
354 1253 543 1341 neptemque
565 1277 626 1324 uon
649 1257 765 1325 sufficit
792 1259 824 1324 in
850 1259 902 1324 ani
931 1257 1028 1326 fuisse
1055 1265 1213 1342 potestate

100 1379 130 1438 ut
148 1391 276 1440 suornm
305 1375 375 1440 iura
402 1374 632 1457 praeseferant,
666 1381 715 1442 set
751 1395 830 1458 opus
863 1382 913 1443 est
941 1383 973 1443 et
988 1378 1029 1466 ¹in
1056 1384 1213 1462 potestate

95 1494 181 1559 fuisse
203 1501 237 1560 et
258 1511 401 1562 cessasse
424 1497 568 1578 ipsorum
590 1500 712 1577 patrem
734 1501 836 1563 morte
857 1496 991 1564 fortasse
1015 1498 1067 1563 uel
1081 1497 1213 1564 emanci-

95 1612 211 1694 palione
234 1612 288 1679 uel
310 1615 371 1680 alio
394 1615 534 1697 quolibet
557 1615 649 1681 modo
671 1615 704 1680 in
726 1615 826 1698 patris
841 1616 891 1682 sui
906 1619 1066 1698 potestate
1081 1617 1210 1698 degere:
1233 1625 1265 1678 ιο

95 1738 161 1798 tunc
181 1734 264 1798 enim
288 1753 386 1816 nepos
407 1735 554 1818 neptfsue
576 1735 608 1801 in
631 1735 732 1804 locum
756 1735 927 1816 patrissui
954 1737 1135 1802 succedunt.
1178 1745 1211 1805 et
1286 1794 1291 1800 .

95 1851 140 1916 sui
158 1852 286 1932 quidem
309 1854 380 1918 ideo
402 1860 558 1920 uocantur
579 1854 654 1937 quia
676 1851 840 1919 domestici
858 1853 991 1920 heredes
1012 1860 1094 1934 suut,
1117 1852 1210 1932 idest,

96 1971 161 2036 uiuo
183 1971 288 2037 adhuc
310 1978 409 2051 patre,
432 1971 663 2055 quodammodo
686 1973 802 2038 domiui
823 1971 1050 2050 existimantur,
1073 1973 1211 2038 undeet

95 2091 138 2154 lex
157 2089 217 2154 XII
240 2089 421 2157 tabularum
445 2091 545 2173 primo
567 2091 635 2158 loco
658 2110 712 2157 eos
735 2092 877 2171 uocauit,
905 2109 976 2157 cum
999 2093 1210 2158 successiones

95 2209 130 2274 eh
149 2209 299 2275 intestato
321 2211 489 2276 ordinaret
534 2215 566 2276 et
588 2211 638 2275 sui
666 2209 798 2276 heredes
825 2210 941 2276 idcirco
968 2211 1129 2276 dicuntur:
1158 2229 1211 2276 ne
1231 2228 1262 2279 ro

95 2329 211 2393 cessarii
235 2334 344 2395 autem
366 2331 440 2412 quia
462 2328 637 2395 omnimodo
660 2331 730 2395 siue
747 2330 847 2396 uelint
861 2330 930 2396 sine
945 2330 1045 2395 nolint
1061 2349 1098 2396 err
1115 2334 1211 2395 testa·

94 2451 189 2513 mento
212 2449 335 2530 pariter
355 2453 452 2531 atque
474 2449 514 2514 ab
536 2449 686 2514 intestato
716 2448 849 2514 heredes
878 2447 966 2513 fiunt.
1012 2451 1061 2514 set
1083 2467 1121 2514 ex
1143 2448 1211 2515 iure

94 2565 171 2631 ciuili
192 2568 271 2632 nihil
294 2568 426 2634 interest
447 2569 530 2634 inter
553 2568 763 2636 necessarium
786 2569 932 2634 heredem
947 2574 1043 2649 atque
1065 2585 1156 2633 snum
1179 2574 1212 2634 et

93 2687 315 2765 necessarium,
348 2693 477 2768 praetor
505 2705 580 2752 uero
608 2687 783 2752 naturnlem
817 2687 1007 2768 aequitatem
1040 2685 1210 2768 respiciens

94 2801 172 2868 dedit
193 2805 239 2870 eis
263 2804 444 2870 facultatem
465 2823 485 2869 a
507 2805 605 2885 patris
628 2805 806 2870 hereditate
827 2821 897 2870 sese
919 2804 1111 2883 abstinendi,
1139 2821 1208 2871 cum
1227 2829 1262 2882 ω

94 2941 153 2988 eam
174 2931 354 3007 suspectam
377 2925 522 2991 habeant
553 2945 590 2992 ex
614 2927 736 2992 duobus
758 2925 840 2992 enim
864 2924 1005 3006 ingenuis
1028 2923 1138 2988 melius
1160 2928 1210 2988 est

93 3049 241 3108 mortuum
286 3043 456 3126 ignominia
493 3043 601 3120 adfici,
637 3063 731 3127 quam
768 3046 876 3110 uiuum
911 3044 963 3125 qui
998 3060 1065 3107 eam
1103 3041 1208 3106 sentit.

93 3177 154 3225 cum
182 3162 291 3242 itaque
320 3179 354 3228 se
381 3161 605 3240 abstinuerint,
635 3161 807 3229 creditores
834 3163 971 3228 defuncti
1001 3161 1153 3226 bonorum
1175 3161 1208 3224 in

60 3282 310 3356 apusessioncm
334 3281 509 3359 mittentur,
533 3300 595 3347 non
618 3289 723 3348 autem
747 3283 870 3347 nomine
891 3281 1073 3349 liberorum.
1095 3280 1125 3342 3.
1148 3280 1209 3346 Ex·
