2898 4712
539 301 769 366 —256-

96 497 161 555 tum
184 489 303 556 factum
327 495 376 554 est
396 495 527 571 propter
554 489 665 570 capitis
692 463 951 569 deminutionem,
981 508 1073 571 qnam
1102 500 1151 554 est
1172 496 1216 556 te·

95 615 338 691 eompassus,
363 609 395 673 in
419 609 598 692 quostiam
626 611 692 675 uita
719 611 868 689 decessit;
895 617 951 675 aut
978 609 1064 674 nulla
1091 611 1216 676 omnino

94 749 127 794 re
149 727 245 793 simili
267 731 441 806 eueniente,
464 729 600 811 scriptus
623 730 714 795 heres
738 729 943 796 hereditatem
965 749 1026 794 non
1050 729 1137 794 adiit
1185 794 1191 806 ,

58 851 77 899 l·
180 851 208 912 1.
242 847 397 914 Intestato
419 849 517 932 igitur
539 855 663 915 mortuo
686 849 790 930 aliquo
813 869 851 914 ex
875 849 973 915 modis
996 869 1091 932 supra
1114 849 1215 922 dictis,

93 971 252 1037 hereditas
285 971 420 1053 primum
453 971 579 1051 quidem
611 991 649 1036 ex
678 972 747 1051 lege
774 972 938 1037 duodecim
968 970 1145 1036 tabularum
1175 970 1215 1036 ad
1250 977 1267 1028 o

57 1097 165 1158 tanos
190 1091 320 1157 heredes
348 1092 493 1172 pertinet.
546 1091 575 1153 2.
610 1090 666 1154 Sui
694 1097 798 1156 autem
825 1063 958 1155 heredes
988 1089 1216 1166 existimantur,

92 1216 182 1274 utet
204 1211 235 1274 in
258 1211 418 1291 superiore
440 1207 642 1275 Institutione
666 1209 809 1288 diximus,
832 1208 886 1288 qui
915 1209 945 1272 in
973 1215 1130 1288 potestate
1153 1225 1216 1272 mo·

92 1329 202 1394 rientis
225 1327 362 1404 fuerunt,
387 1330 485 1395 ueluti
507 1328 590 1394 filius
612 1328 687 1408 filia,
710 1347 807 1410 nepos
829 1330 973 1410 neptisue
987 1349 1026 1392 ex
1040 1327 1105 1393 filio
1126 1347 1214 1410 prae·

93 1455 225 1526 mortuo,
248 1467 404 1531 pronepos
425 1451 585 1532 proneptis
601 1456 674 1514 ante
688 1467 789 1512 meam
804 1454 935 1512 mortem
951 1467 988 1512 ex
1003 1454 1116 1529 nepote
1139 1448 1213 1526 nati,

93 1587 183 1650 quem
206 1587 294 1658 meus
317 1568 426 1650 genuit
449 1568 541 1634 filius.
570 1588 627 1633 nec
649 1568 807 1648 distinguo
830 1576 935 1632 utrum
964 1568 1123 1632 naturales
1150 1567 1215 1630 sint
1235 1565 1267 1616 1⁰

92 1688 180 1754 liberi
202 1709 242 1753 an
266 1687 418 1771 adoptiui.
463 1687 520 1752 His
543 1697 647 1754 antem
677 1690 742 1752 suis
771 1691 989 1753 connumerari
1017 1706 1144 1753 necesse
1167 1697 1215 1753 est

95 1827 144 1872 eos
168 1811 222 1891 qui
245 1829 281 1873 ex
303 1809 453 1890 legitimis
476 1809 601 1891 quidem
628 1807 834 1874 matrimoniis
863 1826 922 1871 non
953 1814 1027 1872 sunt
1049 1809 1213 1888 progeniti,

93 1929 195 1994 curiae
218 1937 321 1994 tamen
345 1930 490 2006 ciuitatis,
515 1935 550 1994 ut
571 1927 794 2010 principalibus
822 1928 999 1992 continetur
1021 1927 1214 1992 constitutio

94 2049 193 2126 uibus,
216 2050 280 2112 dati
303 2055 385 2112 sunt.
411 2048 545 2114 curiales
567 2047 649 2112 euim
677 2047 751 2113 iacti
777 2065 906 2112 suorum
935 2048 1003 2111 iura
1034 2047 1214 2112 nanciscen-

94 2173 152 2230 tur.
196 2167 246 2231 his
268 2166 349 2231 adde
377 2175 409 2232 et
437 2185 518 2249 quos
543 2167 608 2231 diui
638 2167 737 2232 nostri
767 2166 966 2248 imperatoris
993 2166 1136 2248 amplexa
1164 2174 1213 2231 est
1235 2169 1264 2220 15

95 2288 268 2351 prostitutio
283 2285 404 2364 iubens
427 2286 540 2367 siquis
556 2286 716 2352 mulierem
731 2288 790 2351 sibi
806 2303 868 2353 non
890 2286 1027 2351 maritali
1049 2285 1214 2353 affectione

96 2407 299 2490 copulauerit,
322 2427 392 2474 cnm
415 2427 478 2490 qua
500 2409 676 2490 coniugium
704 2409 820 2474 hebere
847 2407 917 2472 iure
945 2427 1007 2472 non
1037 2407 1215 2488 prohibere-

95 2532 158 2604 tur,
186 2528 338 2610 liberique
366 2529 439 2592 inde
466 2527 533 2592 nati
558 2530 641 2606 sint,
671 2534 781 2610 atque,
810 2547 917 2592 amore
938 2529 1136 2610 procedente,
1159 2527 1213 2594 do·

95 2648 166 2716 talia
186 2669 255 2714 cum
277 2670 316 2717 ea
336 2652 545 2716 instrumenta
565 2651 683 2730 iecerit,
706 2658 797 2716 natas
820 2651 871 2715 u'el
893 2658 984 2714 uatus
1007 2669 1068 2716 non
1091 2655 1212 2715 tanturn

97 2787 156 2846 eos,
177 2771 229 2849 qui
250 2777 324 2852 post
347 2772 430 2835 dotis
451 2769 695 2836 instrumentum
717 2769 892 2836 conlectum
915 2769 991 2836 editi
1016 2768 1088 2848 sint,
1111 2770 1211 2834 iustos
1230 2771 1264 2823 2⁰

96 2895 185 2968 atque
206 2891 235 2954 in
258 2897 432 2971 postestate
453 2893 597 2972 patribus
620 2909 707 2965 esse,
729 2899 778 2956 set
804 2892 898 2954 etiam
927 2897 999 2954 ante
1028 2891 1132 2954 dotem
1161 2907 1211 2969 ge·
1305 2923 1307 2928 ,

96 3008 182 3072 uitos.
224 3014 348 3090 oportet
371 3010 452 3074 enim
474 3010 532 3074 hos
555 3009 587 3074 in
615 3009 733 3076 honore
762 3009 893 3086 habere,
924 3009 1078 3088 quiante
1106 2991 1219 3074 dotale

97 3125 330 3196 instmmentum
353 3129 420 3196 nati
442 3131 519 3208 sint,
547 3129 600 3212 qui
623 3138 656 3202 et
676 3137 787 3212 postea
808 3129 922 3208 genitis
944 3131 1137 3194 occasionem
1160 3129 1209 3192 de-

99 3245 194 3314 derint
213 3249 463 3316 honestissimum
486 3220 695 3332 legitimorum
716 3247 850 3318 filiorum
873 3267 985 3313 nomen
1007 3247 1209 3328 adipiscendi.

93 3365 152 3431 ¹hoc
174 3387 246 3434 uero
273 3370 417 3449 optinere
445 3369 537 3434 diuus
566 3377 674 3436 noster
700 3369 822 3438 censuit
849 3369 1001 3448 Princeps
1028 3369 1060 3432 in
1088 3367 1126 3431 iis
1154 3366 1209 3448 qui
1226 3385 1260 3436 25
1309 3393 1312 3400 ·
1433 3371 1434 3380 ’

101 3492 165 3552 aute
185 3489 286 3554 dotale
313 3489 556 3554 instrumentum
587 3489 651 3553 sint
682 3487 765 3566 nati,
799 3490 921 3555 etiarnsi
955 3487 1108 3552 neminem
1138 3493 1210 3568 post

148 4205 239 4258 dumph.
251 4209 364 4252 Δηιοοω·
376 4221 419 4251 rec.
433 4207 523 4251 Ferrini.
