2898 4712
531 353 678 418 -238
724 390 762 402 —

90 540 376 610 deicommissorum
410 540 486 606 haec
515 541 580 606 iere
608 541 676 608 art.
719 540 851 621 menius
879 540 1079 623 contingebat
1106 543 1206 611 ciuem

87 677 251 724 romanum
273 659 367 739 mori,
390 661 443 742 qui
465 670 613 744 cognatos
641 664 821 744 peregrinos
848 663 993 743 haberet,
1019 665 1132 746 quibus
1154 685 1206 732 ne-

87 798 148 860 que
177 779 369 844 hereditates
395 798 499 862 neque
526 781 630 862 legata
657 782 833 864 relinquere
862 781 991 860 licebat,
1026 802 1095 848 cum
1125 784 1205 850 alins

87 909 194 964 essent
216 899 364 965 ciuitatis.
417 901 601 966 instituebat
629 919 703 980 ergo
733 902 831 966 ciuem
860 920 1022 968 romanum
1052 904 1205 985 quendam

86 1021 148 1084 sibi
170 1019 366 1092 tenendum,
389 1021 442 1102 qni
465 1027 651 1086 testamento
674 1020 764 1085 heres
786 1020 855 1086 fieri
877 1031 992 1103 posset,
1017 1026 1106 1089 cuius
1128 1023 1205 1090 fides
1240 1034 1256 1084 o

86 1138 148 1204 sibi
182 1145 265 1204 esset
298 1139 444 1221 probata3
477 1141 671 1223 rogabatque
705 1160 776 1206 eum
807 1151 895 1206 extra
924 1149 1144 1209 testamentum
1172 1150 1208 1208 ut

87 1258 139 1322 nei
163 1279 284 1326 omnem
311 1259 516 1326 hereditatem
546 1258 598 1325 nel
627 1262 694 1326 eius
723 1267 842 1342 partem
875 1259 925 1326 uel
955 1270 1056 1328 certas
1087 1281 1136 1328 res
1163 1261 1207 1328 ilii
1238 1317 1239 1320 η

88 1381 254 1461 peregrino
276 1381 467 1446 restitueret.
511 1380 673 1462 inscripti
701 1387 807 1446 autern
834 1381 959 1448 heredis
987 1383 1117 1448 arbitrio
1139 1389 1209 1448 erat

91 1508 195 1564 utrum
218 1499 356 1564 solueret
376 1518 483 1578 necne,
507 1519 576 1564 cum
600 1497 718 1564 nullum
742 1507 824 1565 esset
852 1499 931 1564 iuris
954 1502 1208 1584 uinculumque

92 1623 130 1684 ad
152 1620 212 1684 hoc
235 1621 501 1701 adstringeretnr3
523 1625 571 1683 set
592 1617 653 1684 fide
677 1625 797 1684 tantum
820 1627 915 1702 atque
930 1620 1048 1700 pudore
1064 1620 1131 1686 eius
1148 1619 1208 1704 qui
1227 1626 1260 1678 ιο
1343 1684 1347 1698 ,

93 1742 265 1821 rogabatur
284 1738 360 1804 haec
388 1737 637 1804 continebantur.
682 1747 714 1804 et
743 1740 814 1803 ideo
843 1738 1080 1804 fideicommissa
1105 1740 1210 1822 appel·

94 1863 155 1928 lata
176 1867 259 1926 sunt
305 1867 352 1925 set
373 1860 450 1926 haec
471 1860 596 1939 quidem
620 1860 692 1926 olim
716 1860 905 1941 optinebant
954 1869 1065 1943 postea
1090 1861 1209 1943 primns

96 1983 184 2048 diuus
213 1983 374 2062 Augustus
407 1979 502 2046 semol
538 1983 714 2064 iterumque
746 1999 852 2046 eornm
886 1983 989 2062 gratia
1019 1986 1122 2046 motus
1150 1987 1209 2054 est,

98 2103 205 2180 quibus
228 2103 305 2168 talia
326 2109 432 2168 essent
453 2102 576 2181 relicta,
599 2101 680 2168 iorte
702 2103 776 2182 qnia
803 2100 954 2167 eiusmodi
983 2119 1135 2184 personae
1156 2118 1209 2164 no

99 2227 147 2288 tae
167 2224 194 2288 ei
216 2229 322 2301 crant,
349 2227 405 2288 ant
426 2221 507 2288 torte
528 2222 646 2288 honore
668 2222 780 2304 dignae
801 2227 929 2302 propter
959 2221 1130 2286 doctrinam
1160 2219 1210 2285 uel
1230 2231 1278 2282 re·

100 2342 188 2408 alium
210 2344 419 2421 commodum,
443 2343 494 2408 uel
516 2344 591 2425 quia
612 2343 737 2422 saepius
764 2339 891 2423 quidam
920 2359 976 2422 per
1004 2337 1102 2421 ipsius
1129 2338 1211 2404 saln-

101 2469 160 2528 tem
179 2463 324 2528 iurabant
345 2469 378 2528 et
398 2461 614 2528 iusiurandum
637 2462 883 2538 contemnebant
912 2466 967 2525 aut
989 2461 1029 2525 ob
1057 2458 1209 2543 insignem

102 2579 262 2662 perfidiam,
287 2581 385 2648 ueluti
406 2583 434 2648 si
456 2583 527 2663 quis
553 2583 641 2647 dines
664 2588 793 2664 rogatus
822 2587 906 2648 esset
934 2580 1073 2646 defuncti
1103 2578 1210 2646 liberis

104 2705 282 2784 penatibus
304 2713 337 2769 et
365 2703 467 2768 adhoc
495 2702 626 2781 teneris,
655 2703 705 2766 uel
735 2702 821 2766 senio
847 2700 999 2766 coniectis
1027 2699 1210 2782 parentibus

105 2823 277 2899 restituere,
305 2829 336 2888 et
357 2824 385 2887 ie
405 2821 498 2887 fidem
520 2841 583 2886 non
611 2828 764 2887 seruaret
813 2820 921 2903 itaque
950 2821 1042 2886 iussit
1069 2819 1210 2885 eonsules
1228 2812 1262 2863 ²⁰

106 2942 312 3008 uncmritatem
328 2961 416 3008 suam
431 2941 629 3024 interponere
649 2958 791 3025 cumque,
814 2941 867 3023 qui
882 2945 1012 3022 rogatus
1027 2939 1147 3018 inisset,
1170 2939 1210 3003 ad

107 3063 320 3129 restituendum
343 3080 463 3144 cogere.
490 3063 572 3144 qnod
595 3061 671 3145 qnia
696 3063 815 3128 ¹iustum
845 3061 1012 3127 uidebatur
1035 3065 1067 3128 et
1088 3059 1212 3126 omnino
