3092 4702
589 341 800 404 -36...

98 523 262 594 adonim
285 525 475 609 adquiritur.
513 527 542 590 2.
565 527 668 596 Hodie
688 534 794 596 cutem
815 527 910 594 nuliis
931 526 1183 610 hominibusqni
1198 529 1259 596 sub

131 663 263 712 romano
285 645 419 729 imperio
440 653 514 712 eunt
535 646 609 715 licet
630 649 699 714 sine
720 665 817 714 causa
839 647 962 730 iegibus
983 648 1106 729 cognita
1128 665 1257 714 seruum

133 783 226 830 suum
250 763 404 836 occidere,
426 772 476 832 set
497 785 600 850 neque
624 785 720 848 supra
741 767 867 834 modum
889 767 922 832 in
946 785 999 834 eos
1021 765 1155 834 saeuire.
1192 767 1258 835 dini

131 885 216 950 enim
254 887 403 951 Antonini
434 887 656 954 constitutione
690 892 817 953 cautum
846 892 895 952 est
923 893 958 952 ut
985 887 1135 969 quisine
1163 906 1259 956 causa

132 1003 291 1087 probabili
318 1019 446 1072 seruum
479 1025 571 1073 suum
598 1004 750 1074 occiderit
778 1007 824 1073 ita
858 1007 1035 1090 puniendus
1068 1009 1127 1087 sit,
1163 1007 1256 1074 sicuti
1290 1001 1308 1054 ⁶

132 1125 187 1208 qui
209 1123 347 1192 adeuum
369 1124 560 1192 interfecerit
573 1144 702 1194 seruum
720 1126 815 1208 plecti
836 1128 945 1192 soleat
968 1125 1138 1208 probabilis
1160 1145 1257 1196 causa

134 1249 183 1311 est
204 1264 277 1310 cnm
300 1247 372 1328 quis
393 1263 520 1312 seruum
533 1233 635 1313 'suum
656 1263 728 1310 oum
755 1264 854 1312 uxore
880 1264 939 1313 sua
966 1245 999 1312 in
1027 1245 1183 1314 adulterio
1205 1248 1256 1315 de·

133 1365 320 1446 prehendat,
343 1370 401 1430 out
421 1383 492 1430 cum
515 1383 626 1431 sarnus
655 1367 685 1430 si
713 1383 824 1432 manus
850 1365 978 1432 iniciat:
1007 1384 1080 1431 nam
1110 1367 1137 1433 si
1166 1383 1256 1449 prae·

133 1492 264 1552 uertens
286 1483 371 1550 terro
394 1503 464 1550 eum
486 1483 696 1563 interemerit,
725 1486 851 1566 impune
879 1485 993 1551 occisio
1020 1483 1066 1550 fit.
1110 1485 1181 1551 Non
1208 1503 1257 1552 so·

133 1606 199 1672 lum
223 1622 301 1670 uero
329 1603 432 1670 uetuit
460 1602 604 1686 princeps
633 1623 759 1672 sernum
786 1605 855 1671 sine
884 1606 1006 1671 ratione
1032 1604 1180 1687 interfici,
1208 1613 1257 1673 set
1276 1605 1309 1657 1⁰

132 1724 286 1791 maiorem
308 1742 433 1808 quoque
455 1723 649 1790 dominorum
673 1724 874 1807 asperitatem
897 1722 961 1791 alie
982 1727 1122 1794 coercuit
1142 1727 1257 1794 consti·

132 1844 269 1924 tutione,
292 1861 373 1926 quae
399 1863 437 1909 ex
464 1843 615 1909 eiusmodi
643 1841 806 1911 occasione
827 1843 979 1928 originem
1009 1845 1108 1913 duxit
1157 1845 1257 1914 Iulius

131 1963 265 2044 quidam
288 1961 424 2028 Sabinus
445 1962 478 2028 in
499 1981 609 2028 seruos
631 1980 706 2030 suos
727 1981 821 2044 asper
842 1969 920 2038 erat,
942 1965 996 2049 qui
1017 1985 1088 2032 cum
1110 1965 1257 2034 intolera-

132 2083 228 2149 bilem
250 2083 320 2147 sius
341 2081 506 2146 saeuitiam
527 2090 561 2146 et
581 2101 698 2164 poonm
719 2081 803 2150 terre
824 2101 886 2150 non
901 2090 1038 2167 possent,
1061 2084 1186 2151 domino
1208 2103 1257 2152 re·

133 2201 219 2276 licto,
247 2200 303 2266 alii
332 2200 374 2267 td
400 2200 596 2270 uenerabiles
624 2203 751 2281 domos,
779 2202 832 2269 alii
861 2203 903 2269 ad
930 2205 1104 2287 principum
1134 2206 1257 2271 statuas
1277 2213 1308 2265 lu

134 2321 355 2405 confugerunt.
399 2342 532 2405 cumque
553 2322 705 2390 nansiret
727 2323 834 2389 Aelius
856 2321 1034 2390 Marcianus
1059 2321 1146 2390 illius
1168 2342 1256 2407 prce-

136 2461 184 2510 ses
205 2445 399 2527 prouinciae,
422 2444 489 2511 eius
511 2445 740 2510 inuocauerunt
767 2441 927 2508 auxilium.
979 2445 1031 2527 qui
1061 2461 1132 2508 cnm
1161 2443 1258 2510 inter·

137 2571 288 2646 rogasset
312 2582 421 2630 eorum
442 2562 530 2630 nouit
558 2562 772 2630 condicionem
794 2579 982 2644 ausamque
1009 2563 1162 2630 eiusmodi
1191 2563 1256 2628 adi·

136 2685 229 2751 tionis
251 2683 375 2752 didicit.
411 2701 482 2750 cum
505 2701 580 2750 uero
603 2683 652 2748 tex
674 2699 736 2748 non
758 2687 850 2761 meet,
877 2701 940 2765 qua
963 2681 1116 2750 eiusmodi
1137 2684 1257 2766 species

137 2802 345 2880 decideretur,
367 2804 537 2887 principem
559 2801 726 2880 consuluit,
748 2799 900 2882 quidnam
914 2799 984 2868 fieri
999 2807 1169 2884 oporteret,
1192 2819 1257 2868 om·
1274 2817 1310 2869 ao

136 2925 190 2990 nia
209 2923 294 2990 iacta
314 2941 499 3007 proponens
544 2923 690 3004 princeps
713 2941 789 2989 noro
811 2923 852 2987 ed
874 2941 912 2988 eu
934 2927 1106 2990 commotus
1129 2921 1259 3004 rescrip

136 3043 261 3112 sitnon
283 3061 353 3110 εεεε
374 3043 476 3108 seruis
498 3049 615 3108 temere
638 3039 828 3109 credendum
851 3039 891 3108 de
914 3040 1038 3108 domino
1053 3058 1111 3108 suo
1125 3060 1257 3124 queren-

135 3163 239 3244 tibus;
259 3170 374 3230 natura
395 3163 476 3228 enim
499 3180 611 3228 seruus
633 3160 759 3228 domino
781 3161 924 3227 inimicus
946 3169 1011 3240 est;
1038 3167 1088 3226 set
1108 3159 1257 3227 iudicium

136 3283 372 3350 conuocandum
394 3289 427 3348 at
447 3283 693 3349 controuersiam
727 3281 953 3365 explanandam
982 3299 1071 3348 esse:
1099 3286 1132 3346 et
1161 3278 1189 3346 si
1211 3281 1259 3346 ui·

137 3405 266 3470 deretur
285 3403 494 3471 intolerabilis
515 3387 633 3468 domini
654 3402 824 3486 asperitas,
847 3399 1003 3482 cogendos
1025 3417 1095 3468 esse
1117 3401 1257 3468 dominos
1275 3399 1309 3451 2⁵

136 3541 258 3603 seruos,
279 3525 311 3590 in
332 3541 412 3608 qnos
434 3521 619 3602 seeuicdnt,
641 3523 751 3589 bonis
773 3518 1087 3589 condicionibus
1109 3521 1258 3601 uendere,

138 3643 333 3726 pretiumque
347 3643 482 3710 dominis
498 3641 646 3709 dandum.
668 3641 739 3708 ideo
755 3650 861 3708 autem
876 3641 955 3708 dixit
972 3639 1082 3707 »tonis
1104 3637 1259 3707 condicio·
