3092 4702
592 342 803 406 „43-

131 525 212 594 cnim
234 533 359 610 putrem
381 528 497 596 hebere
518 528 752 612 intelleguntur,
772 531 888 614 quippe
910 531 964 613 qui
988 535 1117 612 propter
1142 547 1254 598 coenn

130 646 210 711 tium
234 647 466 713 multitudinem
488 647 628 714 incertus
650 648 701 727 sit,
724 655 774 715 sot
794 648 895 730 spurii
925 650 1032 716 nocsri
1058 650 1173 716 solent:
1201 649 1253 716 uel

130 783 289 848 agraeos
308 785 387 833 noce
408 767 498 848 qussi
520 766 683 854 σποράδην
712 766 854 851 concepti
883 768 934 834 nel
962 766 1052 850 qussi
1074 767 1142 833 sine
1163 773 1254 851 pstre

129 883 195 950 iiiii.
248 885 392 967 seqnitur
420 905 496 968 crgo
524 893 615 953 utet
643 887 795 954 dissoluto
823 887 879 952 tsli
907 887 1006 966 coitu,
1040 905 1142 970 neque
1171 887 1253 954 dotis

130 1006 252 1073 exactio
274 1004 342 1072 ieri
365 1007 472 1088 possit.
516 1007 571 1089 qui
593 1013 699 1074 sutem
721 1005 895 1090 prohibitus
917 1007 1106 1075 contrahunt
1127 1005 1253 1087 nuptias
1287 1015 1305 1068 o

130 1145 192 1192 non
217 1127 317 1192 solum
339 1125 518 1207 praedictos
538 1145 655 1209 poenus
671 1129 845 1209 patiuntur,
868 1131 917 1193 set
931 1127 1010 1192 sliss
1025 1143 1159 1208 quoque,
1173 1144 1255 1208 quac

94 1263 166 1313 loen
188 1244 417 1328 principalibus
439 1245 715 1313 constitutionibus
738 1246 822 1312 nosci
845 1251 986 1328 possunt
1026 1245 1075 1310 13.
1108 1243 1255 1310 Inuenirc

131 1370 239 1430 sutem
266 1365 338 1430 iicet
364 1363 522 1429 interdum
549 1371 587 1430 ut
614 1364 727 1448 uliquis
756 1365 862 1431 etstim
889 1370 927 1431 ιιι
955 1370 1047 1430 natus
1074 1365 1173 1430 sitin
1200 1383 1255 1446 po-

131 1489 248 1549 testate
269 1483 409 1566 parentis
430 1501 493 1548 non
518 1481 591 1563 fist,
618 1489 728 1566 postea
753 1502 831 1550 uero
857 1483 889 1548 in
923 1489 1111 1564 poteststcm
1134 1483 1256 1565 redigu-

131 1609 194 1668 tur.
228 1602 354 1684 etquis
377 1607 426 1667 est
447 1601 621 1668 eiusmodi?
642 1603 724 1669 eoini
747 1620 817 1669 cum
840 1600 970 1669 muliere
993 1603 1137 1684 quadum,
1159 1623 1253 1687 qnam
1274 1628 1306 1678 10

132 1724 199 1788 iore
221 1738 349 1788 uxorem
373 1723 487 1790 ducere
509 1741 571 1788 non
593 1724 789 1804 prohiberem
812 1723 894 1790 coini
916 1729 1021 1788 umen
1043 1741 1104 1789 non
1127 1729 1163 1790 nt
1184 1742 1253 1791 curn

134 1860 239 1919 uxore,
263 1848 313 1908 set
335 1847 372 1907 ut
393 1862 463 1909 cum
485 1843 650 1909 meretrice
671 1842 753 1911 torte
776 1851 832 1909 ont
854 1842 1036 1910 concubino.
1070 1843 1160 1909 liberi
1181 1843 1255 1910 inde

133 1963 196 2027 nuti
219 1968 305 2028 sunt.
328 1981 460 2044 qnorum
483 1962 702 2045 quisquemon
724 1969 773 2029 cst
794 1963 827 2028 in
843 1967 1010 2046 poteststs,
1033 1962 1107 2045 qnis
1127 1962 1255 2044 nuptiae

134 2099 193 2147 non
213 2087 464 2163 praecesserunt,
487 2087 537 2148 set
556 2081 709 2148 nstnrslis
731 2089 781 2148 cst
802 2081 895 2149 filius.
921 2083 1004 2148 hunc
1025 2082 1124 2163 optuli
1145 2087 1255 2164 postes

136 2201 251 2284 cumce3
281 2202 459 2284 queneto,
481 2201 513 2267 in
536 2218 637 2268 meum
658 2201 820 2284 redigetur
846 2207 1045 2284 potestatem.
1094 2201 1176 2268 idem
1206 2207 1256 2268 est
1274 2213 1305 2265 ιιι

137 2318 227 2384 etism
249 2321 278 2385 si
300 2338 371 2385 cnm
392 2319 641 2398 muneremini,
670 2337 732 2386 non
762 2325 866 2385 temen
895 2319 988 2388 sicuti
1017 2338 1130 2398 uxore,
1159 2338 1253 2403 quum

139 2457 260 2508 uxorem
284 2439 400 2507 habere
428 2460 488 2506 non
515 2441 564 2507 ins
594 2447 644 2507 set
672 2440 867 2522 propositum
892 2439 1067 2523 impediret
1115 2441 1142 2504 si
1170 2437 1253 2505 filius

140 2559 206 2626 inde
230 2567 395 2634 noscatur,
424 2579 487 2626 non
514 2561 575 2626 erit
601 2558 634 2626 in
661 2565 826 2642 potestate.
876 2567 925 2626 set
953 2559 981 2624 si
1008 2565 1133 2642 posteo,
1161 2560 1253 2626 sicuti

139 2677 267 2756 piissimi
287 2679 439 2762 principis
461 2679 562 2746 nostri
585 2679 807 2746 constitutione
829 2687 957 2747 cnutum
979 2685 1042 2758 cst,
1070 2679 1187 2744 dotulie
1208 2679 1253 2744 in·

139 2801 309 2864 conmenta
329 2817 400 2865 cum
422 2817 461 2864 cc
481 2804 722 2882 componuntnr,
744 2816 806 2864 non
833 2803 956 2865 tontum
984 2799 1038 2878 qni
1065 2803 1159 2864 antes
1187 2797 1306 2868 natiso

139 2923 214 2982 sunt
242 2924 290 2984 set
317 2921 412 2986 etism
440 2919 467 2984 si
496 2937 575 3002 quos
609 2924 681 3000 post
708 2917 950 2984 instrumentum
981 2917 1141 2984 conditum
1169 2919 1254 2984 nosci

139 3036 310 3119 contigerit,
330 3039 362 3102 in
385 3055 455 3104 mco
477 3037 652 3104 efficientur
673 3041 830 3120 potestate
852 3034 1022 3102 secundum
1044 3054 1083 3101 es
1102 3053 1184 3117 quse
1205 3053 1254 3101 sc-

140 3155 302 3220 cratissimi
322 3156 471 3238 principis
493 3155 595 3224 nostri
617 3155 842 3224 constitutione
864 3155 1073 3222 continentur.
