2926 4708
503 369 737 435 ‚134-

94 557 151 622 rium
167 557 280 640 piures.
325 558 357 622 in
380 557 474 622 nnius
496 555 598 623 lucum
621 573 733 635 nnnm,
763 563 800 624 ut
827 575 913 624 ecce:
943 557 1096 625 Primus
1122 559 1188 626 he-

93 681 249 778 resesto,
279 676 362 743 nisi
384 673 539 741 Primus
570 675 689 742 heres
717 675 805 755 iiut,
836 675 1046 744 Secundus
1073 679 1187 745 heres

92 801 161 860 esto.
197 797 230 862 in
258 797 353 860 unius
382 795 484 862 locum
510 793 633 876 plures,
667 796 726 861 itn:
761 796 918 863 Primus
948 799 1064 864 heres
1090 805 1186 876 esto,

91 914 145 980 nisi
161 915 249 995 iiet,
271 914 477 982 Secundus
499 913 745 998 Tertiusque
767 915 860 982 mibi
876 915 1185 985 beredcssunto.

90 1035 201 1116 pluribus
230 1053 328 1100 unum
357 1033 405 1100 itu
437 1034 673 1101 substituimus:
708 1035 862 1101 Primus
892 1033 1187 1116 secundusque
1221 1039 1238 1090 ὕ

90 1153 152 1219 mibi
175 1154 348 1220 heredes
376 1159 511 1235 sunto,
544 1153 582 1219 ni
610 1153 724 1231 fiunt,
757 1154 918 1220 Tertius
947 1155 1042 1221 mibi
1070 1154 1186 1221 heres

90 1279 157 1339 estu.
200 1272 345 1356 pluribus
367 1273 484 1355 plures,
507 1269 625 1339 uelutis
647 1273 796 1339 Primus
819 1271 1106 1355 secundusque
1126 1275 1187 1341 be·

89 1409 132 1457 res
147 1399 276 1471 sunto,
304 1392 343 1458 ni
373 1391 487 1471 fient,
515 1389 685 1459 Tertius
712 1391 968 1474 Quartusque
993 1393 1091 1459 mibi
1121 1395 1185 1460 he·

90 1511 172 1578 redes
193 1519 322 1578 sunto.
356 1531 522 1594 possumus
545 1518 577 1579 et
599 1512 734 1579 inuicem
756 1513 888 1582 heredes
910 1513 971 1580 sibi
993 1514 1185 1580 substituere

88 1631 127 1696 inc
142 1633 244 1699 modo:
268 1631 420 1697 Primus
442 1634 557 1698 heres
581 1632 672 1697 mihi
695 1638 778 1699 esto
801 1650 845 1699 er
867 1633 1036 1698 semisse
1058 1639 1098 1700 et
1120 1632 1184 1700 Se·
1206 1643 1237 1695 ιο

88 1754 204 1818 enudus
226 1769 272 1816 ex
293 1752 474 1825 semisse;
497 1752 529 1817 si
552 1751 706 1818 Primus
729 1751 845 1818 heres
867 1769 939 1817 nun
961 1750 1046 1824 fist,
1069 1750 1184 1817 heres

88 1875 145 1936 estc
165 1869 368 1936 Secundus
389 1870 426 1936 in
443 1871 530 1936 eius
545 1876 712 1954 purtem;
734 1869 815 1936 uisi
831 1867 1038 1936 Secundus
1054 1869 1182 1947 edent,

61 1994 150 2056 testo
170 1989 318 2057 Primus
339 1991 376 2056 in
400 1989 576 2057 Secundi
598 1995 751 2071 partem
775 1989 1035 2056 substitutus.
1081 1988 1110 2052 2.
1142 1987 1184 2053 nt

87 2109 239 2177 siheredes
263 2129 302 2176 ex
329 2110 506 2193 disparibus
534 2111 677 2192 pertibus
704 2109 856 2191 scriptos,
884 2115 920 2174 ut
949 2125 1020 2174 cccc
1050 2107 1183 2174 alternum

87 2247 112 2293 er
136 2236 299 2314 septunce,
333 2229 467 2296 alterum
505 2249 543 2296 ex
576 2231 773 2313 quincunce,
807 2229 940 2296 inuicem
978 2226 1235 2305 substituerem

87 2347 147 2414 ruiis
176 2351 311 2433 purtium
337 2349 502 2428 ,mentione
532 2349 564 2415 in
597 2348 785 2414 substiticne
811 2347 937 2427 babitu,
971 2353 1019 2412 tut
1051 2345 1184 2429 accipiet

86 2470 166 2536 unius
198 2469 405 2544 substitutus,
435 2474 512 2551 quot
544 2473 730 2548 accepturus
764 2465 877 2534 inisset
910 2467 937 2532 si
965 2465 1096 2533 adiisset
1130 2465 1183 2532 ille

85 2588 119 2652 cui
135 2589 318 2656 substitutus
341 2593 399 2655 est.
448 2605 519 2653 num
547 2587 574 2651 si
599 2585 714 2652 ndierit
741 2586 796 2668 qui
825 2603 863 2652 ex
890 2585 1065 2669 quincunce
1094 2585 1182 2651 insti-

85 2712 150 2774 tutus
173 2715 235 2789 est,
263 2708 460 2774 recusauerit
487 2713 594 2772 nutem
621 2705 676 2790 qui
704 2725 742 2772 ex
775 2712 925 2788 septunce
957 2703 1180 2786 suscriptas,

85 2843 128 2892 nnn
156 2835 200 2894 est
227 2825 392 2896 dicendum
414 2828 618 2907 quincuncem
652 2843 721 2891 esse
743 2822 883 2890 Primum
913 2827 1114 2906 accepturum
1143 2841 1180 2890 er
1199 2843 1234 2895 20

85 2946 289 3028 substitutione,
311 2954 361 3014 set
382 2951 573 3029 septuncem.
609 2953 658 3012 tot
680 2945 762 3012 enim
785 2943 908 3011 unciam
931 2942 1042 3010 fuisset
1065 2941 1182 3010 Secun-

59 3064 129 3132 udns
147 3074 333 3150 accepturus.
386 3066 416 3130 3.
449 3063 606 3131 Heredem
634 3063 705 3145 quis
735 3063 875 3129 Primum
902 3061 1043 3129 instituit
1068 3081 1106 3128 en
1134 3081 1181 3128 se-

85 3183 158 3250 nisse
183 3192 214 3252 et
233 3185 413 3252 Secundum
441 3185 516 3252 item
547 3203 584 3250 er
613 3183 757 3261 semisse,
784 3181 981 3262 eddiditque:
1011 3181 1088 3248 nisi
1116 3180 1179 3248 Se·

83 3307 209 3373 cundns
230 3307 350 3375 heres
371 3305 459 3385 iist,
481 3305 640 3371 Primus
663 3305 780 3370 beree
803 3309 903 3382 esto,
926 3303 1005 3369 nisi
1026 3298 1180 3365 Primus

84 3421 174 3492 beree
192 3425 272 3505 fiet,
294 3426 460 3493 Tertius
482 3431 581 3491 estc.
627 3423 764 3490 Seuerus
791 3428 824 3489 et
846 3421 1025 3488 Antoninus
1046 3419 1179 3502 rescrip·
1197 3447 1232 3499 25
