2920 4750
585 373 825 436 -494-·

112 555 288 630 opossunt.
339 552 368 614 9.
384 548 427 611 lis
451 547 586 613 addatur
602 549 696 612 etiam
720 549 771 612 lex
793 548 872 612 Iulia
895 548 941 613 de
965 547 1157 631 peculatu,
1181 568 1262 628 quae

149 692 204 738 eos
228 673 330 756 punit,
362 674 416 754 qui
439 673 604 757 pecuniam
629 694 719 738 resne
744 673 887 758 publicas
910 674 962 738 uel
987 693 1095 737 sacros
1119 673 1168 736 uel
1192 672 1263 736 reli-

149 798 257 880 giosas
292 799 386 863 iurati
428 799 552 862 fuerint.
610 805 657 863 set
685 800 711 863 si
746 799 949 881 magistratus
985 797 1264 863 administrationis

147 930 289 1006 tempore
313 924 457 1008 publicas
474 926 624 1008 pecunias
647 923 868 1004 subtraxerint,
893 924 996 1007 capite
1013 921 1180 1006 punientur
1204 943 1265 986 una

148 1050 300 1131 cumbis,
325 1051 378 1131 qui
402 1050 608 1115 ministerium
633 1051 678 1114 eis
695 1050 904 1114 adhibuerint.
943 1057 1109 1133 praetcrea
1133 1049 1265 1112 eandem
1302 1061 1318 1110 c

148 1173 304 1238 sustinent
327 1193 462 1258 poenam
490 1175 528 1256 ii,
557 1175 610 1256 qui
639 1175 774 1240 scientes
799 1195 818 1238 a
842 1173 1092 1239 subtractoribus
1120 1194 1171 1237 res
1200 1194 1265 1238 sus·

148 1307 309 1383 ceperunt.
342 1300 368 1364 si
386 1300 455 1380 quis
472 1300 553 1365 alius
569 1307 698 1384 praeter
714 1301 814 1365 dictas
830 1321 984 1383 personas
1008 1298 1040 1362 in
1057 1299 1137 1363 hanc
1161 1298 1265 1379 legem

91 1438 134 1488 10.
145 1423 303 1505 inciderit,
328 1425 539 1509 deportationi
564 1426 757 1508 subiugetur.
796 1429 843 1492 10.
860 1427 944 1489 luter
965 1426 1053 1507 leges
1069 1423 1265 1508 publicorum

145 1547 334 1613 iudiciorum
357 1551 408 1614 lex
433 1571 558 1633 quoque
583 1551 682 1615 Fabia
706 1551 749 1615 de
765 1549 973 1635 plagiariis
988 1549 1183 1614 recensenda
1207 1556 1264 1630 cst,

146 1695 230 1755 quae
254 1676 408 1740 interdum
433 1678 546 1760 capitis
570 1698 704 1762 poenam
729 1698 767 1743 ex
791 1678 1018 1761 principalibus
1041 1675 1265 1741 constitutioni·
1288 1687 1319 1736 10

146 1801 207 1864 bus
242 1801 382 1884 inrogat,
413 1801 567 1868 interdum
598 1803 762 1884 leuiorem,
799 1803 891 1868 sicuti
915 1823 933 1866 e
957 1801 1073 1868 Codice
1103 1808 1198 1884 atque
1227 1821 1266 1865 ex

95 1937 134 1988 ll.
145 1924 431 1992 Constitutionibus
454 1928 595 2010 intellegi
620 1933 733 2012 potest.
775 1933 823 1995 11.
840 1929 920 1994 Sunt
936 1928 1019 1992 eliae
1036 1947 1161 2009 quoque
1177 1927 1265 2007 leges

145 2049 332 2114 iudiciorum
349 2052 559 2135 publicorum:
577 2053 628 2117 lex
643 2053 724 2118 lulia
740 2053 784 2117 de
801 2053 961 2134 ambitu,
986 2073 1068 2134 quae
1090 2072 1145 2117 eos
1160 2071 1266 2135 perse·

145 2173 254 2254 quitur
278 2175 331 2255 qui
354 2177 520 2258 pecuniam
545 2177 703 2258 aliquibus
728 2177 957 2258 distribuerint,
987 2184 1020 2240 ut
1047 2177 1265 2260 magistratum

146 2298 306 2378 quendam
330 2300 381 2363 uel
398 2301 547 2365 honorem
564 2308 837 2383 consequerentur.
874 2307 905 2365 et
921 2301 972 2365 lex
989 2300 1069 2365 lulia
1093 2301 1136 2366 de
1160 2321 1266 2384 repe·
1290 2315 1320 2365 lo

145 2423 291 2502 tundis,
319 2445 401 2504 quae
426 2425 578 2490 aduersus
602 2427 805 2508 magistratus
833 2426 994 2491 iudiccsue
1018 2432 1072 2490 aut
1096 2425 1189 2490 etiam
1213 2425 1267 2490 ad-

145 2567 291 2612 sessores
312 2548 378 2613 lata
398 2557 455 2628 cst,
481 2549 534 2630 qui
556 2551 596 2613 ob
617 2569 682 2614 rem
703 2549 904 2614 iudicandam
925 2550 1076 2633 pecunias
1093 2550 1266 2632 exegerint.

146 2679 181 2736 et
204 2672 257 2736 lex
279 2673 360 2736 lulia
384 2674 427 2737 dc
451 2694 612 2756 annona,
637 2695 718 2756 quae
742 2697 797 2740 cos
814 2676 903 2760 punit
926 2676 978 2757 qui
995 2675 1183 2740 fmmentum
1200 2675 1266 2738 siue

145 2817 306 2862 annonam
331 2799 372 2863 ad
394 2799 515 2882 regiam
539 2803 646 2866 urbem
671 2801 799 2866 missam
828 2802 891 2866 alio
922 2801 1102 2867 auerteriut.
1149 2807 1180 2866 et
1204 2799 1267 2887 [lex

146 2921 243 3008 Iulia]
268 2922 311 2987 de
335 2924 516 3006 residuis,
541 2927 678 3006 quaein
702 2947 772 2991 eum
795 2927 1027 3008 animaduertit,
1052 2927 1191 3007 quicum
1214 2945 1266 2988 res
1286 2939 1320 2989 20

148 3046 294 3131 publicas
322 3047 603 3123 administrauerit,
632 3048 760 3111 residua
788 3067 851 3112 non
879 3047 1021 3111 restituit.
1068 3065 1150 3128 quac
1178 3045 1267 3127 leges

149 3171 246 3236 etde
270 3172 364 3236 certis
388 3171 459 3236 aliis
483 3172 627 3254 capitulis
652 3179 802 3236 tractant:
833 3179 864 3236 ct
892 3172 1018 3252 quidem
1045 3172 1132 3236 nulla
1160 3191 1266 3238 earum

148 3296 276 3360 animae
289 3297 489 3360 amissionem
505 3297 642 3378 inrogat,
666 3316 774 3360 omncs
803 3303 906 3360 autem
931 3303 1053 3360 sontem
1077 3315 1267 3375 suorumque

96 3427 391 3505 lupraeceptorum
416 3426 658 3504 contemptorem
686 3422 757 3485 aliis
786 3423 896 3504 poenis
925 3421 1089 3485 subiciunt.
1141 3424 1190 3488 12.
1214 3419 1268 3484 Set

150 3547 191 3612 de
219 3545 353 3629 publicis
382 3546 506 3612 iudiciis
534 3547 693 3627 bucusque
722 3553 876 3616 tractasse
904 3546 1052 3627 sufficiat,
1084 3552 1118 3609 ut
1147 3544 1269 3629 possint
1287 3561 1320 3617 25
