2960 4704
565 321 778 382 ..17-

109 517 139 577 et
153 511 319 593 opiniones
334 510 427 575 talem
443 525 570 588 praese
586 507 690 574 ierunt
713 507 944 586 auctoritatem,
960 513 997 571 ut
1009 506 1109 572 iudici
1125 525 1186 572 non
1201 507 1237 571 li·

107 635 174 696 ceat
197 629 237 694 ab
262 647 370 694 eorum
394 630 552 711 responsis
576 628 733 706 recedere,
756 627 849 692 sicuti
873 633 906 693 et
927 626 1093 709 principali
1123 627 1238 692 consti·

107 749 229 812 tutione
252 753 393 812 cauetur.
416 754 448 814 et
470 749 503 812 in
526 747 575 813 his
598 749 722 830 quidem
747 748 900 829 scriptum
922 747 971 812 ius
987 747 1139 826 consistit,
1155 765 1238 829 quae

107 865 265 947 apopulo
289 868 523 932 constituuntur
545 865 596 932 uel
619 886 639 932 a
660 867 752 948 plebe
775 865 827 932 uel
851 884 871 930 a
893 870 1005 930 senatu
1027 866 1078 930 uel
1106 883 1126 929 a
1155 863 1236 946 prin-

107 985 175 1065 cipe
198 986 252 1050 uel
275 1005 294 1051 a
316 987 550 1068 magistratibus
573 987 711 1052 romanis
734 1005 876 1052 necnon
899 1004 980 1068 quae
994 1003 1014 1050 e
1028 984 1238 1067 prudentibus
1272 991 1289 1042 t

68 1112 99 1161 m.
107 1104 350 1184 respondentur.
382 1107 430 1169 10.
454 1105 508 1172 Ius
532 1112 637 1173 autem
661 1126 723 1173 non
746 1108 897 1189 scriptum
921 1107 1075 1189 estquod
1098 1106 1239 1171 diuturni

106 1239 210 1289 mores
232 1240 387 1289 consensu
411 1224 565 1290 utentium
590 1225 833 1306 comprobarunt
862 1230 958 1306 atque
979 1224 1011 1288 in
1034 1223 1239 1288 imitationem

68 1341 185 1406 1¹·iuris
209 1342 320 1420 scripti
343 1341 541 1423 redegerunt.
578 1345 627 1404 ll.
662 1341 776 1406 Merito
800 1358 876 1422 ergo
897 1341 968 1422 quis
991 1341 1106 1406 dixerit
1126 1341 1160 1405 in
1182 1341 1240 1405 hos

108 1460 186 1524 duos
211 1459 334 1541 species
356 1461 405 1525 ius
429 1459 520 1524 ciuile
543 1459 671 1536 deduci,
694 1459 727 1523 in
752 1460 802 1524 ius
824 1459 975 1540 scriptum
1006 1463 1039 1524 et
1059 1477 1121 1524 non
1145 1457 1241 1540 scrip

108 1584 183 1641 tum.
232 1595 367 1658 quorum
391 1577 478 1660 origo
501 1597 538 1643 ex
560 1578 693 1642 duarum
716 1577 870 1642 institutis
894 1577 1081 1654 ciuitatium,
1105 1577 1293 1644 Athene-1⁰

109 1714 178 1761 rum
202 1695 327 1760 scilicet
350 1701 382 1760 et
404 1695 646 1760 Lacedaemonis
676 1693 806 1760 fluxisse
834 1694 970 1760 uidetur.
1023 1696 1055 1760 in
1082 1695 1132 1760 his
1160 1697 1242 1762 enim
1334 1743 1336 1746 -

112 1813 299 1878 ciuitatibus
321 1813 354 1877 id
378 1813 428 1894 agi
451 1813 576 1880 solitum
600 1821 669 1880 erat
684 1821 780 1896 atque
803 1816 954 1898 optinere,
977 1821 1014 1880 ut
1035 1815 1243 1882 Lacedaemo-

112 1935 153 1998 nii
174 1933 305 2015 quidem
321 1933 490 1998 memoriae
505 1952 577 1999 suas
594 1936 678 2015 leges
694 1933 890 2010 mandarent,
915 1934 1121 2000 Athenienses
1137 1940 1243 2000 autem

113 2072 158 2130 ea,
182 2071 265 2134 quoe
288 2053 320 2116 in
350 2052 465 2117 litteris
494 2053 612 2133 scripta
639 2057 785 2127 nossent,
815 2052 955 2119 colerent
983 2069 1083 2132 eaque
1111 2052 1244 2118 custodi·

72 2178 190 2238 tarent.
243 2172 294 2234 12.
330 2171 387 2237 Set
407 2172 478 2236 iura
507 2172 647 2252 gentium
679 2174 762 2252 apurl
790 2189 897 2237 omnes
925 2172 1057 2253 populos
1086 2189 1244 2252 peraeque
1263 2186 1296 2238 1⁵

115 2293 335 2358 custodiuntur
358 2292 465 2356 diuina
487 2291 622 2372 quadum
638 2290 837 2370 prouidentia
852 2289 1032 2365 constituto,
1057 2288 1139 2354 unde
1154 2288 1245 2354 firma

119 2415 152 2475 et
171 2410 381 2476 immutabilia
404 2415 486 2474 sunt.
531 2425 613 2491 quae
634 2415 740 2475 autem
763 2409 835 2474 iura
857 2409 962 2474 ciuilia
988 2408 1112 2490 singula
1133 2409 1245 2475 ciuitas

117 2529 178 2594 sibi
200 2531 374 2607 constituit,
398 2532 513 2594 mutari
535 2547 630 2612 saepe
653 2527 756 2595 solent
777 2529 827 2594 uel
850 2528 947 2594 tacito
970 2545 1123 2594 consensu
1137 2529 1247 2614 populi

115 2647 440 2728 wfflfflm

367 3253 415 3320 De
438 3255 507 3320 iure
530 3255 778 3336 personarum.¹)
822 3253 946 3320 Titulus
969 3254 998 3318 3.
1271 3271 1306 3322 au

206 3407 282 3474 Cum
298 3409 452 3473 iustitium
470 3405 691 3484 definierimus,
715 3407 856 3492 iurisque
871 3409 1049 3490 generalem
1066 3409 1249 3478 diuisionem

191 3595 386 3662 primogenio
410 3595 574 3661 procamium
593 3593 673 3648 huius
691 3594 764 3650 tituli
782 3596 952 3664 praecedenti
965 3597 1101 3652 attribuit:
1120 3598 1252 3652 actibus

115 3681 142 3732 ei
171 3678 337 3744 potissimum
357 3677 526 3744 refragatur,
553 3679 597 3744 qui
616 3679 737 3732 sollemni
757 3681 835 3736 modo
853 3680 924 3736 hunc
941 3682 1036 3752 incipit
1058 3683 1175 3750 titulum,
1203 3699 1253 3740 nee

114 3777 231 3832 prorsus
248 3763 315 3819 solet
332 3765 381 3818 tali
400 3763 478 3820 modo
497 3764 604 3818 titulum
622 3763 769 3822 absoluere.
