2920 4750
596 387 835 451 -482-

157 558 233 623 uim
256 560 348 624 iieri
371 531 478 626 neto’.
511 563 584 628 uide
607 563 702 646 igitur
721 563 876 644 quomodo
893 570 924 628 et
939 563 990 627 hic
1006 563 1119 628 dixerit
1135 564 1274 644 utrubi,

119 693 144 742 8.
156 703 222 748 non
246 694 349 750 autem
373 707 489 771 penes
513 695 556 753 te.
602 692 631 756 8.
654 689 703 753 De
731 689 840 754 ordine
868 693 898 753 et
926 690 1009 752 exitu
1040 688 1274 753 interdictorum

158 829 388 893 superuacuum
405 820 454 878 eat
469 813 563 879 hodie
580 813 694 880 dicere.
730 815 761 878 in
778 813 1036 880 extraordinariis
1053 814 1135 880 enim
1151 813 1275 878 indiciis

158 935 281 1020 (qualia
305 944 376 1001 sunt
398 937 491 1004 hodie
517 939 622 1003 omnia
637 939 765 1020 iudicia)
782 960 845 1005 non
861 946 910 1004 est
924 959 1054 1004 necesse
1071 938 1160 1003 reddi
1180 937 1274 1002 inter·

157 1060 286 1144 dietum,
310 1069 359 1126 set
381 1063 449 1126 sine
466 1062 513 1128 hie
529 1063 647 1128 iudicia
665 1069 859 1146 exercentur,
882 1063 950 1128 utili
967 1063 1090 1128 actione
1107 1083 1164 1146 pro
1183 1063 1276 1127 inter·
1312 1076 1328 1126 5

158 1185 244 1250 dicto
282 1187 414 1252 reddita
474 1189 570 1272 igitur
607 1189 653 1254 ita
690 1189 809 1254 intendi
848 1195 993 1272 coeptum
1037 1195 1098 1254 est:
1138 1188 1275 1252 ‘utilem

158 1311 345 1376 actionem
374 1321 553 1394 tanquam
582 1333 625 1378 ex
650 1313 832 1378 Saluiano
861 1313 1065 1379 interdicto
1094 1313 1275 1376 aduersus

156 1442 195 1499 te
220 1436 396 1520 intendo,
421 1439 472 1502 uel
496 1439 628 1502 ‘ueluti
652 1458 696 1502 ex
719 1439 815 1503 unde
839 1439 874 1502 ui
897 1438 1116 1503 interdictc'
1142 1438 1191 1501 uel
1211 1436 1274 1500 alio

157 1560 307 1640 quolibet.

329 2257 378 2320 De
402 2277 505 2340 poena
527 2264 643 2321 temere
668 2255 864 2338 litigantium.
909 2255 1032 2320 Titulus
1059 2259 1107 2322 16.

250 2415 313 2492 Qui
335 2417 409 2481 oiim
431 2417 522 2482 nobis
546 2417 615 2481 iura
634 2416 858 2482 constituerunt
881 2422 913 2481 et
928 2415 1111 2480 iudiciorum
1136 2415 1275 2480 ordinem
1297 2427 1330 2477 lu

160 2541 400 2606 introduxerunt
433 2540 558 2605 facilem
589 2546 620 2604 et
648 2541 845 2604 temerarium
874 2540 915 2603 ed
943 2539 1128 2622 litigandum
1157 2539 1276 2604 aditum

160 2667 324 2732 recludere
353 2667 458 2732 conati
488 2673 567 2730 sunt
613 2666 645 2731 id
676 2666 771 2730 etiam
801 2665 935 2749 principi
965 2671 1071 2731 nostro
1103 2666 1190 2730 cordi
1219 2673 1275 2730 est.

160 2809 388 2872 saepenumero
411 2790 493 2854 enim
521 2790 635 2872 aliquis
663 2790 781 2854 nullam
809 2789 965 2854 actionem
995 2809 1115 2854 mecum
1144 2789 1274 2869 habene,

160 2933 259 2996 agere
281 2914 415 2978 instituit
437 2914 515 2978 talia
538 2933 643 2978 secum
668 2913 823 2995 cogitans:
854 2914 892 2978 ‘si
915 2911 1039 2994 quidem
1067 2912 1162 2976 iudici
1186 2913 1274 2976 obre·

159 3059 268 3122 puero,
297 3038 372 3102 mihi
396 3038 597 3104 aduersarius
621 3037 892 3120 condemnabitur3
922 3039 970 3102 sin
998 3043 1103 3102 autem
1130 3057 1193 3100 non
1221 3035 1274 3100 ad·
1295 3046 1327 3100 lt
