2864 4736
505 415 545 424 ...
592 379 654 443 437
703 415 744 423 ....

75 554 198 619 dimidia
220 575 288 620 sum
304 554 457 638 dominus,
483 563 548 620 ate
564 575 745 639 possessum
762 554 926 636 uindicem,
951 554 1058 619 dicens
1082 560 1179 620 totum

9 680 195 751 confundam
220 687 275 744 aut
298 700 336 743 ex
359 680 481 744 duabus
504 679 646 763 partibus
669 699 772 744 meum
788 698 867 743 esse.
903 680 980 747 33b.
996 681 1179 762 Tempore

74 810 172 868 autem
188 805 259 888 plus
275 811 358 888 pet0,
376 805 402 869 si
414 805 447 868 id
463 803 547 886 quod
562 804 595 869 in
612 805 693 868 diem
710 805 761 868 uel
777 806 835 869 suh
852 803 1033 869 condicione
1049 805 1180 869 debetur

74 929 247 994 antediem
275 930 327 994 uel
350 937 423 995 ante
452 929 645 995 condicionis
674 937 817 996 euentum
846 937 961 1014 petam.
1007 951 1069 1012 qua
1097 929 1179 994 enim

73 1053 189 1118 ratione
213 1055 266 1135 qui
289 1055 418 1137 tardius,
443 1055 525 1120 idest
548 1063 619 1139 post
641 1061 773 1140 tempus,
798 1055 906 1137 sciuit,
930 1055 1031 1120 minus
1055 1055 1179 1120 soluere
1216 1066 1232 1117 a

73 1178 273 1261 intellegitur,
307 1179 418 1244 eadem
450 1181 572 1244 ratione
605 1181 659 1262 qui
690 1181 841 1245 maturius
873 1181 963 1263 petit,
991 1179 1061 1263 plus
1093 1181 1179 1263 petit.

9 1321 57 1372 suo.
74 1307 112 1370 33
121 1323 145 1366 c.
170 1304 269 1368 Loco
292 1303 363 1386 plus
386 1303 497 1387 petitio
521 1304 729 1386 committitur,
756 1305 855 1370 ueluti
877 1305 904 1369 si
927 1305 969 1385 id,
994 1305 1077 1386 quod
1094 1313 1179 1369 certo

73 1428 137 1492 loco
158 1429 235 1494 mihi
262 1431 344 1495 solui
371 1431 473 1514 debet,
498 1432 561 1498 alio
582 1433 653 1497 loco
674 1438 779 1516 petam
800 1433 868 1497 sine
884 1433 1179 1498 commemoratione

71 1554 134 1617 eius
159 1553 231 1635 loci,
256 1574 317 1635 quo
341 1555 479 1638 debitum
501 1557 577 1623 mihi
601 1558 785 1622 soluendum
809 1564 885 1622 erat.
926 1562 960 1620 ut
983 1575 1067 1638 ecce,
1091 1556 1180 1622 uerbi

71 1678 187 1760 gratie,
216 1679 261 1743 ita
285 1701 304 1742 a
327 1686 358 1744 te
391 1701 459 1746 sum
491 1683 672 1766 stipulatus:
702 1683 852 1767 ‘Ephesi
875 1681 900 1746 (i
924 1703 1059 1747 aureos
1090 1682 1180 1747 mihi
1199 1698 1233 1749 10

71 1802 159 1868 dare
184 1805 396 1888 spondes?’;
422 1807 504 1888 quod
526 1807 567 1871 ad
581 1808 630 1873 ius
655 1808 756 1889 ciuile,
781 1828 844 1872 non
867 1829 994 1893 possum
1018 1829 1038 1872 a
1060 1815 1092 1873 te
1115 1807 1178 1872 alic

69 1927 135 1992 loco
159 1935 277 2012 petere,
301 1951 394 2014 quam
418 1932 548 2015 Ephesi:
574 1938 664 1997 extra
686 1933 769 1997 enim
785 1933 942 2017 Ephesum
962 1939 1073 2016 petens
1096 1933 1179 1998 loco

69 2053 136 2136 plus
159 2061 243 2137 peto.
290 2056 318 2120 si
340 2076 416 2138 ergo
444 2059 564 2124 Romae
592 2060 691 2142 degas
719 2066 751 2123 et
777 2078 837 2140 ego
862 2079 882 2122 a
904 2065 935 2122 te
958 2078 1036 2141 pure
1064 2064 1178 2142 petam,

67 2178 147 2242 idest
171 2178 239 2244 sine
262 2181 381 2264 Ephesi
404 2184 712 2265 commemoratione,
741 2184 824 2266 plus
847 2183 988 2266 petitio
1016 2181 1179 2248 inducitur.

68 2310 114 2368 set
137 2325 209 2368 cum
232 2305 277 2369 ita
299 2306 396 2389 fieret,
419 2315 453 2373 ut
473 2328 533 2391 ego
550 2330 570 2373 a
586 2317 616 2374 te
636 2329 794 2390 nunquam
819 2314 926 2391 petere
948 2327 1084 2391 possem,
1109 2326 1178 2373 cum
1199 2318 1231 2371 15

68 2450 225 2513 nunquam
248 2431 365 2515 Ephesi
389 2453 476 2498 esses
506 2435 621 2516 (neque
644 2434 727 2498 enim
750 2434 868 2518 Ephesi
894 2441 1002 2517 petere
1026 2439 1177 2517 poteram,

67 2576 133 2619 cum
158 2556 204 2620 ihi
227 2576 385 2638 nunquam
409 2557 614 2624 inueniendus
638 2579 739 2642 esses,
767 2579 869 2641 neque
897 2564 987 2622 extra
1011 2559 1177 2642 Ephesum,

65 2699 103 2744 ne
126 2679 159 2744 in
183 2681 268 2764 plus
292 2681 512 2764 petitionem
536 2683 728 2764 inciderem),
752 2683 824 2747 ideo
841 2689 970 2766 praetor
983 2684 1064 2747 hanc
1080 2683 1179 2748 inten-

66 2805 180 2870 tionem
204 2806 374 2890 proposuit.
408 2807 590 2873 facultatem
613 2809 695 2872 enim
719 2809 795 2872 mihi
814 2808 901 2873 dedit
917 2815 1006 2872 extra
1020 2808 1179 2892 Ephesum

66 2951 189 3012 quoque
215 2952 235 2996 a
257 2939 288 2996 te
317 2933 458 3016 petendi,
486 2933 781 2998 commemoratione
808 2938 915 2997 tamen
940 2933 1058 3016 Ephesi
1085 2933 1178 3014 facta,
1198 2943 1233 2996 20

64 3063 95 3120 ut
134 3057 181 3121 ita
218 3058 305 3139 plus
348 3057 572 3141 petitionem
611 3059 715 3123 uitem.
783 3059 811 3124 si
850 3059 932 3123 enim
966 3058 1085 3122 Romae
1125 3057 1178 3122 ad-

64 3201 173 3245 uersus
197 3185 228 3245 te
253 3181 298 3245 ita
325 3182 499 3247 intendam:
528 3184 569 3248 ‘si
603 3190 713 3267 paret
747 3183 1011 3248 aduersarium
1039 3182 1179 3266 Ephesi

65 3305 254 3370 Caureos
276 3307 366 3372 mihi
390 3308 479 3373 dare
504 3307 711 3392 oportere':
735 3309 807 3392 plus
833 3314 940 3392 petere
968 3327 1030 3372 non
1058 3305 1177 3371 uideor.

64 3430 110 3494 siu
146 3438 253 3496 autem
280 3452 358 3515 pure
384 3439 507 3516 petam,
542 3433 624 3499 idest
655 3434 812 3498 mentione
842 3433 960 3515 Ephesi
988 3452 1052 3497 non
1080 3431 1176 3513 facta,

64 3557 148 3637 plus
173 3557 310 3641 petitio
332 3559 540 3624 committitur.
588 3559 692 3624 adimo
710 3559 792 3623 enim
812 3558 978 3622 utilitatem
1002 3562 1033 3621 et
1047 3556 1178 3631 luorum,
1196 3565 1230 3617 25

65 3703 156 3762 quam
183 3683 315 3748 heberet
337 3685 510 3766 promissor
525 3685 553 3748 si
568 3684 685 3768 Ephesi
701 3684 846 3748 solueret.
880 3683 960 3747 forte
977 3681 1059 3746 enim
1074 3681 1177 3746 facilis
