2870 4716
515 351 757 415 —361-

93 527 318 593 contentionem
336 513 406 590 esse
423 525 624 608 existimfflit,
649 532 681 589 et
696 526 768 590 ideo
784 525 909 588 inritam
926 543 997 589 esse
1009 525 1196 608 pactionem.

93 653 209 718 Seruius
241 672 317 716 nero
352 651 524 735 Sulpiciae,
558 652 646 716 cuius
674 651 831 715 sententia
862 650 1054 734 praeca-luit,
1089 657 1198 715 contra

91 779 182 858 sentit,
208 797 277 842 cum
290 797 388 860 saepe
402 776 597 858 quorundam
609 776 765 840 sociomm
779 775 823 839 ita
838 776 979 858 pretiosa
995 775 1035 839 sit
1052 795 1150 858 opera
1165 775 1198 839 in

90 903 240 982 societate,
264 908 299 966 ut
321 902 436 966 iustum
460 902 501 966 sit
524 921 580 966 eos
604 901 733 966 meliore
750 900 935 966 condicione
960 901 991 963 in
1013 900 1196 964 societatem

89 1025 201 1091 admitti
229 1047 302 1091 nam
333 1033 364 1090 et
393 1027 439 1090 ita
469 1027 547 1091 coiri
574 1046 668 1110 posse
696 1025 833 1090 societas
860 1045 925 1089 non
953 1024 1128 1104 dubitatur,
1164 1029 1199 1088 nt
1236 1031 1251 1080 5

88 1153 160 1216 aller
181 1151 347 1235 pecuniam
371 1151 528 1233 conferat,
557 1151 637 1216 alter
660 1171 724 1215 non
747 1150 903 1231 conferat,
932 1156 1092 1214 ettamen
1116 1168 1199 1213 oom-

87 1297 170 1340 mune
193 1276 235 1340 sit
262 1276 422 1340 intereos
450 1276 571 1340 lncmm
595 1275 781 1356 quaesitum.
827 1294 925 1358 saepe
954 1275 1036 1371 enim
1065 1273 1198 1337 alicuine

87 1401 157 1464 socii
188 1420 287 1483 opera
314 1421 371 1483 pro
399 1401 554 1484 pecuniae
590 1400 759 1464 collatione
791 1401 886 1464 ualet.
932 1404 964 1463 et
991 1398 1071 1463 adeo
1099 1397 1200 1461 ualuit

87 1523 180 1588 Semii
202 1524 359 1590 sententia
375 1531 483 1590 contra
499 1524 647 1602 Quintum
665 1524 810 1605 lineium,
835 1523 962 1588 utillud
986 1543 1109 1604 quoqne
1126 1542 1198 1588 oon·

86 1649 200 1728 stiterit,
226 1669 320 1732 posse
343 1649 447 1714 socios
470 1649 692 1714 conuenirent
715 1649 785 1729 quis
805 1648 886 1713 lucri
905 1653 1026 1732 partem
1042 1648 1133 1729 ferat,
1159 1647 1198 1711 de
1218 1651 1253 1704 10

85 1773 193 1838 damno
210 1780 316 1838 autem
332 1793 395 1838 non
407 1779 559 1838 teneatur.
594 1774 679 1856 qnod
691 1775 736 1837 ita
751 1773 895 1856 intellegi
907 1779 1041 1857 oportet,
1062 1780 1096 1836 nt
1111 1772 1140 1836 si
1166 1771 1199 1836 in

83 1897 185 1978 aliqua
209 1905 301 1981 parte
325 1898 454 1979 lucrum,
480 1899 512 1962 in
536 1899 644 1979 eliqua
660 1899 807 1962 damnum
831 1898 961 1962 allatum
981 1897 1030 1980 sit,
1055 1916 1199 1980 compen-

84 2022 200 2086 satione
226 2022 320 2104 faeta,
344 2023 445 2087 solnm
470 2023 553 2105 qnod
576 2029 722 2106 superest
737 2023 816 2087 lucri
833 2042 904 2086 esse
920 2022 1131 2104 intellegatur.
1166 2028 1200 2086 nt

83 2165 152 2210 eece
183 2146 313 2228 qnidam
342 2148 569 2231 mancipiorum
603 2154 634 2211 et
665 2147 921 2212 uestimentornm
952 2146 1199 2229 negotiationem

82 2270 231 2336 inierant:
257 2271 290 2334 in
313 2271 528 2353 negotiatione
551 2271 649 2336 uestis
673 2270 820 2336 damnnm
844 2270 868 2334 Ο
892 2291 1058 2335 aureorum
1081 2270 1199 2334 sactum
1220 2273 1252 2326 15

84 2401 136 2474 est,
161 2396 193 2460 in
210 2395 439 2479 mancipiomm
455 2416 531 2461 uero
545 2395 622 2460 CCC
638 2416 804 2460 aureorum
819 2396 939 2460 lnormn
956 2402 1119 2479 acceptum
1137 2401 1197 2459 est:

82 2519 246 2584 demuntur
275 2520 410 2604 primum
434 2528 557 2586 centnm
590 2521 679 2585 aurei
712 2520 766 2602 qni
793 2520 826 2584 in
854 2521 969 2584 damno
1000 2526 1072 2584 sunt
1098 2520 1139 2584 ad
1166 2519 1199 2583 id

80 2644 282 2710 reficiendum
305 2665 345 2710 ex
368 2645 455 2710 lucro
481 2644 558 2709 CCC
582 2665 763 2710 aureorum:
794 2644 845 2709 CC
868 2650 972 2709 antem
1003 2645 1091 2709 aurei
1119 2644 1200 2709 inter

80 2768 183 2833 socios
200 2769 382 2834 diuiduntur
397 2769 568 2834 seeundum
585 2789 625 2835 ea
644 2790 725 2851 quae
742 2775 963 2836 conuenerant.
996 2769 1103 2850 itaque
1126 2768 1199 2834 inde

79 2900 165 2975 patet
189 2894 335 2974 quotiens
358 2894 391 2957 in
415 2893 527 2959 eadem
551 2915 584 2959 re
612 2895 731 2960 lucrum
755 2900 787 2958 et
810 2895 971 2976 damnum,
1000 2895 1052 2958 nel
1079 2894 1200 2958 lucrum
1218 2895 1254 2948 20

78 3017 294 3083 tantummodo
323 3019 467 3084 societati
502 3019 681 3102 contigerit,
713 3019 791 3083 nihil
820 3019 972 3103 prodesse
1005 3019 1092 3083 socio
1127 3037 1200 3082 con·

78 3143 271 3225 mentionem,
303 3164 343 3209 ex
374 3164 437 3225 qua
464 3144 543 3208 lucri
571 3143 605 3207 fit
628 3144 802 3227 particepS‚
834 3164 947 3227 expers
977 3163 1053 3209 uero
1085 3141 1199 3207 damni.

79 3267 226 3346 quotiens
255 3277 361 3332 autem
393 3269 539 3333 damnum
571 3253 783 3333 tantummodo
817 3269 993 3351 contingat,
1024 3275 1097 3332 tnnc
1128 3287 1198 3331 con·
