2884 4728
540 319 782 382 -409—

104 491 188 574 passi
205 499 286 572 sunt,
311 492 390 555 tanti
405 492 584 573 aestimare,
610 493 851 573 quanticumque
875 492 1001 557 uellent.
1040 493 1121 556 forte
1138 493 1220 557 enim

104 615 280 679 dicebatis
305 615 357 696 qui
381 615 525 680 iniuriam
550 636 663 699 passus
686 617 804 680 fuerat:
831 616 1021 681 ‘iniuriam
1050 616 1140 680 mihi
1167 617 1221 681 in·

103 741 217 802 latam
242 739 266 803 C
291 739 420 803 aureis
444 740 624 803 aestimo’.
671 747 702 804 et
730 740 784 820 qui
812 741 850 804 de
880 760 919 804 ea
946 761 980 804 re
1009 742 1222 823 cognoscebat

104 864 195 928 modo
220 864 300 927 tanti
324 863 555 928 condemnabat
579 863 673 948 (idest
696 865 728 927 iu
753 864 777 928 O
801 872 939 949 aureos),
964 864 1057 930 modo
1082 866 1221 947 minoris,

104 994 196 1072 prout
219 988 281 1072 ipsi
309 1008 445 1070 aequum
469 988 638 1053 uideretur.
684 997 732 1054 set
755 1009 872 1073 poena,
897 1009 977 1069 quae
1002 1010 1042 1054 ex
1065 990 1136 1072 lege
1159 991 1222 1054 XII

103 1113 283 1178 tabularum
307 1119 356 1176 est
379 1112 571 1194 introducta,
600 1113 634 1177 iu
657 1113 894 1178 desuetudinem
919 1114 1009 1196 abiit3
1040 1134 1079 1178 ea
1108 1122 1222 1195 autem,

104 1257 199 1318 quam
224 1243 387 1321 praetores
410 1237 659 1319 introduxerunt,
684 1238 716 1301 in
739 1238 864 1302 iudiciis
891 1237 1115 1318 frequentatur.
1150 1259 1222 1302 nam

103 1362 276 1427 secundum
305 1363 436 1444 gradum
466 1362 628 1444 dignitatis
656 1363 804 1444 uitaeque
833 1363 1029 1427 honestatem
1060 1363 1140 1446 eius,
1170 1363 1224 1442 qui

103 1486 252 1550 iniuriam
281 1507 394 1570 passus
427 1493 489 1568 est,
526 1487 619 1551 modo
644 1488 757 1552 crescit
783 1486 877 1552 modo
910 1487 1058 1551 minuitur
1090 1487 1224 1551 iniuriae

103 1611 294 1676 aestimatio.
344 1611 412 1675 fieri
444 1611 527 1675 enim
559 1617 665 1695 potest
696 1617 730 1675 ut
757 1612 869 1676 eadem
897 1612 1013 1675 iniuria
1043 1613 1083 1676 ab
1113 1611 1224 1676 eodem
1245 1625 1279 1676 10

103 1735 261 1800 inferatur
283 1736 441 1800 senatorio
465 1736 549 1817 uiro,
579 1736 633 1800 uel
660 1735 786 1819 plebeio
814 1736 945 1800 honeste
973 1744 1029 1800 aut
1057 1737 1151 1800 etiam
1179 1737 1225 1802 in·

103 1861 237 1925 honeste
253 1860 387 1942 uiuenti;
411 1860 563 1925 senatorii
578 1861 639 1924 uiri
654 1860 769 1924 iniuria
780 1861 998 1925 aestimabitur
1015 1860 1105 1925 uerbi
1121 1861 1226 1943 matie

104 1985 157 2049 CL
183 1985 300 2065 anreiS,
331 1984 451 2067 plebeii
482 1985 613 2049 honeste
646 1983 783 2049 uiuentis
807 1984 845 2066 C,
874 1984 1030 2050 inhonesti
1061 1990 1166 2050 autem
1190 1986 1225 2049 L.

103 2111 137 2175 hi
161 2117 270 2173 autem
294 2109 523 2174 aestimationis
553 2109 671 2192 gradus
695 2108 727 2173 in
750 2110 850 2174 seruis
880 2129 1006 2192 quoque
1034 2109 1149 2174 iniuria
1172 2110 1226 2174 ad·

103 2235 198 2299 fectis
217 2239 396 2316 seruantur;
419 2233 511 2298 aliter
532 2233 615 2298 enim
635 2233 852 2298 aestimabitur
872 2234 987 2299 iniuria
1003 2235 1029 2298 si
1046 2255 1116 2299 eam
1132 2254 1225 2299 seruo
1247 2248 1279 2300 15

104 2358 238 2439 feceriS,
268 2358 319 2421 cui
342 2363 476 2422 totorum
500 2359 653 2422 bonorum
681 2378 821 2422 meorum
849 2359 1077 2424 administratio
1106 2359 1227 2424 credita

103 2483 156 2564 sit,
183 2489 216 2546 et
240 2481 340 2560 aliter,
364 2482 391 2546 si
415 2501 486 2546 emn
511 2502 637 2546 seruum
661 2481 777 2546 iniuria
800 2482 965 2564 adfeceris,
990 2482 1042 2546 cui
1065 2482 1156 2546 nnius
1179 2481 1228 2546 rei

102 2612 229 2672 tantum
253 2626 361 2670 curam
385 2607 604 2687 commiserim,
628 2607 727 2671 ueluti
750 2606 949 2690 praediorum
971 2626 1120 2688 meorum,
1145 2625 1227 2688 quae

102 2730 136 2794 iu
163 2729 303 2813 quadam
326 2731 456 2813 regione
487 2737 572 2812 sunt;
602 2738 633 2796 et
661 2731 753 2795 aliter
781 2731 904 2796 demum
934 2731 966 2794 in
994 2730 1146 2794 uilissimo
1176 2729 1228 2794 uel

67 2865 91 2917 c.
102 2855 289 2939 compedito
313 2875 415 2920 seruo.
451 2858 479 2922 8.
505 2855 560 2919 Set
582 2875 621 2920 ne
645 2855 698 2920 lex
722 2856 847 2936 quidem
873 2855 1019 2920 Cornelia
1043 2855 1082 2919 de
1105 2855 1227 2918 iniuriis
1247 2868 1282 2919 20

102 2987 248 3044 tractare
283 2980 431 3062 neglexit.
477 2980 549 3062 lege
584 2980 665 3044 enim
702 2979 851 3045 Cornelia
885 3000 1009 3062 quoque
1044 2979 1228 3044 iniuriarum

103 3104 195 3170 aetio
219 3104 398 3168 introducta
414 3110 472 3185 est,
497 3123 578 3185 quae
595 3104 753 3187 competit,
779 3104 922 3184 quotiens
939 3105 1021 3169 liber
1035 3105 1128 3169 homo
1145 3104 1230 3167 dicat

103 3249 140 3294 se
192 3229 385 3312 pulsatum
435 3230 756 3311 uerberatumque
803 3229 996 3294 domumue
1043 3249 1146 3293 suam
1192 3228 1229 3291 ui

102 3354 309 3418 introitum
333 3373 425 3419 esse.
460 3353 623 3418 ‘domum’
642 3358 747 3418 autem
764 3354 945 3436 accipimus,
969 3353 1037 3417 siue
1053 3354 1085 3418 in
1100 3351 1229 3436 propria
