2870 4716
525 356 765 420 -556-

87 527 194 608 utique
217 537 323 593 tamen
346 529 501 594 actionem
524 529 557 594 in
573 549 638 595 rem
654 530 696 596 ad
714 551 780 595 rem
800 530 959 596 uenditam
981 531 1202 596 uindicandam

87 659 118 716 et
142 652 369 718 eondictiouem
387 654 520 737 emptori
536 654 648 720 cedere
664 653 808 720 uenditor
824 653 928 736 debet,
954 674 1023 720 cum
1043 653 1113 738 ipse
1128 675 1202 720 uen-

86 775 169 840 ditor
184 776 326 842 dominus
343 777 444 843 adbuc
460 779 510 860 sit,
534 784 641 862 utpote
658 799 692 844 re
708 779 845 844 nondum
860 779 986 844 tradita.
1021 779 1096 844 item
1112 779 1202 844 cedet

85 899 242 966 actionem
257 902 331 966 furti
346 901 379 966 in
394 901 490 985 iures,
515 909 547 968 et
556 901 751 984 aquilianam
767 903 799 968 in
815 923 880 985 eos,
905 903 960 984 qui
983 903 1131 969 uenditae
1155 904 1201 968 rei

57 1037 75 1086 4.
85 1024 233 1089 damnum
258 1025 409 1092 dederint
444 1032 472 1092 4.
488 1027 637 1093 Ueuditio
654 1036 718 1092 tam
733 1047 812 1112 pure
828 1048 921 1109 quem
938 1029 996 1093 aab
1018 1027 1200 1093 condicione
1238 1048 1258 1100 5
1340 1024 1346 1042 '

84 1149 352 1233 contrabipotest
381 1151 441 1216 sub
457 1151 650 1235 condicione,
673 1153 786 1217 ueluti:
804 1151 973 1218 »Stichus
996 1172 1148 1234 seruus,
1169 1153 1201 1217 si

84 1274 185 1338 intra
208 1293 376 1341 mensem
399 1275 473 1340 tibi
495 1277 705 1360 placuerit,
730 1277 779 1342 sit
800 1277 875 1342 tibi
898 1284 1049 1361 emptus
1074 1276 1200 1342 aureis

55 1397 237 1463 udecem«.
283 1403 312 1466 5.
336 1399 399 1464 Res
427 1419 537 1466 sacras
564 1401 615 1466 uel
643 1381 810 1484 religiosas
839 1402 890 1466 uel
918 1399 1075 1485 publicas,
1102 1402 1200 1466 ueluti

83 1521 185 1586 iorum
201 1523 376 1606 basilicam,
400 1525 515 1590 frustra
528 1525 598 1607 quis
614 1525 717 1590 sciens
734 1525 817 1608 emit,
839 1525 922 1590 idest
936 1525 1054 1590 nullam
1069 1524 1201 1590 babebit

83 1646 172 1710 buius
194 1647 315 1730 negotii
342 1668 439 1714 cansa
471 1649 635 1715 actionem.
671 1649 698 1715 si
724 1669 838 1715 nerea
858 1649 1022 1715 uenditore
1048 1649 1197 1732 deceptus
1218 1665 1257 1725 10

82 1769 139 1835 bas
162 1791 225 1853 res,
250 1772 342 1854 qnasi
364 1773 479 1857 priuati
507 1773 584 1839 iuris
610 1774 681 1856 sint,
706 1773 824 1856 emerit,
847 1773 1002 1839 actionem
1031 1779 1198 1857 exempto

82 1893 214 1962 habebit
236 1896 278 1960 ad
300 1896 343 1978 id,
371 1898 455 1979 quod
478 1918 537 1964 sua
559 1899 699 1980 interest,
727 1898 911 1982 petendum,
939 1918 1003 1964 non
1026 1897 1109 1964 enim
1131 1916 1198 1963 rem

82 2019 243 2086 uenditam
265 2020 297 2086 ei
319 2021 381 2088 sibi
403 2021 521 2088 babere
545 2022 626 2088 licet.
676 2022 759 2088 idem
784 2029 887 2088 estet
909 2023 937 2088 si
952 2022 1085 2088 liberum
1101 2021 1199 2088 bomi-

81 2163 150 2209 nem
175 2144 246 2226 quis
268 2165 327 2229 pro
350 2165 443 2212 seruo
467 2147 585 2212 emerit

258 2729 308 2794 De
331 2729 488 2796 locatione
512 2738 544 2796 et
566 2730 779 2796 conductione.
824 2731 947 2796 Titulus
971 2733 1023 2799 24.

170 2890 301 2955 locatio
326 2896 357 2956 et
383 2889 548 2956 conductio
577 2889 687 2956 similis
711 2896 759 2956 est
785 2891 935 2976 emptioni
965 2897 997 2956 et
1023 2891 1251 2966 uenditicni15

82 3020 115 3078 et
137 3013 233 3079 isdem
258 3013 335 3079 iuris
357 3014 477 3097 regulis
500 3014 650 3099 procedit.
696 3035 768 3080 nam
791 3022 826 3080 ut
848 3015 988 3081 uenditio
1011 3015 1058 3083 ita
1077 3023 1196 3082 contra-

81 3137 173 3220 bitur,
195 3138 224 3202 si
246 3139 286 3203 de
309 3138 410 3221 pretio
434 3145 565 3220 utraque
589 3159 664 3223 pars
681 3140 884 3223 consenserit,
907 3139 952 3205 sic
969 3141 1064 3205 etiam
1080 3141 1195 3207 locatio

81 3262 222 3328 contrabi
244 3263 447 3346 intellegitur,
470 3263 499 3329 si
522 3283 642 3329 merces
665 3264 808 3348 partibus
831 3263 994 3348 placuerit.
1037 3271 1069 3330 et
1092 3283 1196 3346 quem-

82 3385 249 3451 admodum
273 3386 338 3452 illic
361 3386 496 3452 diximus
520 3395 638 3453 certum
662 3407 733 3454 esse
756 3396 788 3453 et
814 3388 847 3454 in
873 3395 1039 3453 numerata
1061 3387 1197 3471 pecunia

81 3508 214 3593 pretium
248 3512 421 3577 consistere
453 3512 579 3596 debere,
613 3513 659 3578 sic
694 3513 790 3578 etiam
824 3531 944 3578 merces
980 3517 1067 3578 certa
1099 3517 1132 3576 et
1163 3510 1196 3574 in
1214 3533 1251 3584 20

79 3641 245 3701 numerata
266 3636 402 3721 pecunia
429 3657 499 3703 esse
523 3637 625 3702 debet.
672 3644 704 3704 et
733 3637 881 3722 competit
908 3636 1041 3702 locatori
1070 3636 1196 3718 quidem
