2870 4716
533 325 765 388 -319-

88 512 229 594 cipiantis
251 511 300 589 fit,
329 530 390 576 uon
413 511 480 593 ipse
501 517 607 576 tamen
635 510 759 576 debitor
780 511 991 577 constituitur.
1039 509 1144 575 »Non
1167 511 1203 574 in

88 630 239 696 easdem
268 649 341 710 res,
377 634 435 696 set
463 630 500 695 in
529 630 632 695 alias
665 630 846 695 eiusdem
878 630 1135 696 substantiae
1167 635 1205 694 et

88 750 371 832 quantitatis«,
399 769 438 815 ne
461 751 562 815 mutui
584 750 754 815 utilitatem
776 750 931 816 tollerem:
962 750 1095 832 quisque
1122 749 1205 815 enim

88 875 231 936 mutuum
253 870 367 951 accipit
388 875 424 934 ut
446 889 496 935 res
518 871 550 934 in
573 889 665 935 suum
692 870 889 952 commodum
910 869 1085 952 impendat,
1115 869 1205 934 alias·

87 1008 146 1071 que
167 1008 228 1073 pro
250 990 295 1054 eis
310 990 478 1055 restituere
496 989 612 1072 possin
635 1008 708 1054 nam
732 989 757 1055 si
780 989 906 1055 easdem
928 989 1095 1067 restituere
1117 1000 1239 1070 coge-5

88 1117 190 1187 retur,
224 1129 455 1193 superuacuum
485 1114 568 1176 esset
597 1115 742 1176 mutuum
772 1111 921 1193 accipere.
970 1109 1073 1174 mutui
1099 1114 1205 1174 autem

88 1231 238 1313 obligatio
259 1249 321 1295 non
344 1231 375 1295 in
398 1230 542 1296 omnibus
563 1230 656 1295 rebus
672 1229 824 1308 consistit,
847 1235 897 1294 set
911 1229 943 1293 in
957 1227 1006 1294 his
1028 1246 1110 1309 quae
1131 1237 1207 1309 pon·

89 1351 160 1416 dere
190 1369 323 1416 numero
344 1368 491 1416 mensura
521 1355 679 1416 constant:
707 1348 894 1433 pondere,
923 1349 1023 1414 ueluti
1051 1367 1129 1413 auro
1158 1366 1208 1412 ar-

89 1476 181 1552 gento
216 1470 344 1553 plumbo
374 1489 446 1535 cera
480 1471 568 1552 picea
598 1477 735 1540 stamno:
769 1487 968 1547 mensura,
1000 1469 1097 1533 ueluti
1132 1466 1206 1532 uino

89 1591 155 1655 oleo
178 1589 350 1655 frumento:
381 1609 555 1668 numero,
585 1589 684 1655 ueluti
711 1589 846 1654 nummis
873 1589 980 1672 paruis
1010 1593 1042 1653 et
1064 1587 1207 1652 omnibus
1228 1599 1259 1650 10

89 1710 231 1788 demum,
262 1729 343 1792 quae
370 1710 604 1776 adnumerando
630 1709 682 1774 uel
708 1709 906 1778 admetiendo
925 1709 977 1774 uel
1003 1707 1215 1798 adpendendo

90 1831 202 1898 inhoc
224 1832 345 1909 damna,
369 1837 405 1896 ut
427 1850 465 1898 ea
479 1831 659 1913 accipientis
680 1830 832 1898 faciamus
855 1835 887 1894 et
908 1829 1097 1911 quandoque
1119 1828 1208 1892 nobis

90 1971 150 2016 non
173 1951 302 2018 eaedem
324 1923 375 2017 res
397 1957 445 2016 set
465 1951 546 2018 abiae
560 1952 700 2017 eiusdem
722 1957 855 2016 naturae
878 1956 910 2015 et
931 1951 1118 2033 quantitatis
1140 1949 1209 2014 red·

90 2071 215 2137 dantur.
260 2071 343 2137 unde
365 2073 460 2137 etiam
485 2078 700 2138 »mutuum«
728 2071 920 2155 appellatum
942 2076 999 2148 est,
1023 2070 1208 2153 quinitas

91 2211 138 2256 me
161 2191 220 2256 tibi
240 2191 343 2271 datur,
367 2197 405 2257 ut
429 2211 492 2257 »ex
514 2210 595 2258 meo
619 2198 729 2257 tuum
752 2191 864 2257 siat«.
899 2209 935 2256 ex
958 2208 995 2255 eo
1019 2194 1209 2255 autemcon-
1231 2199 1260 2248 15

57 2331 75 2379 1.
92 2315 197 2375 tractu
220 2309 300 2375 actio
322 2311 476 2390 nascitur,
504 2329 586 2393 quae
609 2310 731 2376 dicitur
746 2309 908 2376 condictio.
957 2313 983 2375 1.
1006 2310 1057 2375 nd
1078 2329 1112 2375 re
1134 2309 1228 2374 obii-¹

91 2431 232 2511 gationes
254 2430 385 2496 indebiti
400 2447 525 2512 quoque
542 2429 657 2495 solutio
671 2431 817 2512 pertinet.
847 2430 874 2496 si
897 2429 979 2494 enim
1001 2425 1080 2494 fabo
1102 2434 1209 2510 putem

92 2569 140 2615 nne
166 2550 224 2615 tibi
252 2554 377 2616 centum
406 2567 519 2614 aureos
549 2548 663 2614 debere
691 2553 724 2614 et
752 2549 810 2614 hos
832 2549 889 2615 tibi
911 2568 969 2632 per
989 2567 1127 2614 errorem
1150 2549 1210 2614 sol-

92 2689 179 2748 uam,
209 2675 240 2735 te
267 2689 376 2735 eorum
405 2669 565 2735 dominum
594 2669 703 2735 efficio.
753 2668 898 2752 deinceps
925 2675 1045 2748 autem,
1076 2670 1211 2735 ueritate

93 2790 226 2871 cognita
253 2807 306 2855 eos
328 2809 386 2872 per
407 2789 632 2856 condictionem
655 2791 793 2872 recipere
814 2809 951 2873 possum.
996 2790 1042 2855 ita
1063 2789 1144 2855 enim
1166 2789 1211 2854 in-
1228 2796 1263 2847 20

93 2907 205 2975 tendo:
235 2910 290 2975 »si
312 2915 424 2991 paret
444 2910 547 2976 buno
570 2910 663 2976 dare
692 2917 919 2992 oporteret:
948 2915 1043 2993 atque
1065 2915 1211 2976 mutuum

94 3032 213 3110 petens
229 3029 276 3092 uti
292 3028 409 3092 dictum
425 3035 483 3107 est,
499 3028 692 3095 condictione
707 3031 850 3111 experior
863 3030 974 3096 iisdem
988 3031 1093 3096 uerbis
1109 3035 1210 3095 utens

95 3152 142 3214 set
162 3148 240 3214 haec
261 3149 388 3231 quidem
410 3149 526 3246 dicitur
547 3149 744 3215 condictio
766 3150 908 3228 mutui;
939 3151 993 3215 illa
1018 3169 1095 3216 uero
1123 3169 1211 3216 con-

96 3269 219 3337 dictio
239 3270 422 3338 indebiti.
456 3290 558 3353 neque
580 3266 612 3336 in
635 3289 671 3336 co
694 3277 818 3337 tantum
839 3271 942 3337 mutui
963 3277 1059 3352 atquc
1080 3268 1212 3334 indebiti

97 3390 304 3456 condictiones
326 3392 408 3456 inter
429 3409 464 3456 se
486 3390 684 3469 conueniunt
707 3390 791 3473 quod
812 3391 845 3455 in
865 3395 1001 3472 utraque
1022 3388 1211 3453 numeratio·
1229 3397 1262 3446 as

97 3509 143 3574 nis
166 3507 283 3576 iactum
305 3510 474 3594 procedere
496 3509 604 3589 debet,
631 3515 680 3575 set
707 3511 802 3575 etiam
824 3510 857 3574 in
880 3528 933 3588 eo,
956 3507 1042 3590 quod
1063 3507 1210 3591 pupillus,
