2898 4712
533 336 763 398 -221-

87 518 235 600 legatarii
261 521 419 586 hominem
446 521 582 604 eligendi
604 521 772 600 licentiam,
794 538 887 601 quem
907 520 1079 600 legatarius
1100 521 1211 586 uiucns

87 657 148 702 non
171 639 341 718 optauerit.
378 639 618 720 diligentissime
639 645 745 705 autem
766 657 836 704 cum
858 637 936 705 haec
958 642 1111 704 tractaret
1131 637 1211 702 illud

88 775 214 836 quoqne
235 776 311 824 sues
333 759 448 823 ediscit
470 759 693 824 constitutioni.
738 777 808 824 cum
831 757 903 823 olim
934 757 1056 824 duobus
1084 757 1212 838 quibus·

89 873 160 939 dnm
183 873 235 940 uel
257 875 401 956 pluribus
423 874 550 956 optione
572 851 700 950 relicta,
722 876 750 940 si
776 875 815 941 de
843 877 969 957 optione
996 893 1058 940 non
1085 891 1212 941 consen·

87 995 194 1072 tirent,
218 1000 268 1059 set
287 1013 370 1060 nnus
392 993 543 1074 Stichum,
566 995 762 1076 Pamphilum
790 995 872 1059 alter
898 993 1042 1075 eligeret,
1070 1012 1108 1059 ex
1135 1009 1211 1072 quo·
1244 1019 1261 1068 5

89 1112 221 1177 tundam
243 1112 442 1195 prudentium
464 1114 622 1178 sententia
645 1131 783 1194 eousque
804 1115 899 1194 legati
925 1111 1037 1196 petitio
1064 1117 1209 1190 cessaret,

89 1229 186 1296 donec
208 1231 427 1309 conuenirent,
451 1250 489 1298 ex
511 1231 644 1298 aliorum
675 1241 779 1298 autem
808 1240 937 1313 propter
965 1231 1210 1298 controuersiam

90 1349 338 1428 extingueretur,
370 1350 403 1414 in
436 1351 546 1415 eadem
579 1351 802 1416 constitutione
834 1352 927 1414 iussit
958 1352 1027 1415 siue
1059 1351 1210 1430 legatario

90 1469 193 1548 plnres
216 1468 377 1533 extiterint
395 1470 537 1550 heredes,
552 1472 606 1553 qui
623 1472 662 1536 de
677 1471 827 1536 electione
842 1468 1039 1542 dissentiant,
1061 1469 1130 1534 siue
1145 1469 1212 1550 plu·

91 1604 137 1650 ras
159 1587 322 1654 extiterint
342 1587 485 1668 legatarii
505 1589 561 1668 qui
583 1588 623 1653 de
643 1588 767 1653 homine
789 1587 931 1669 eligendo
953 1589 1036 1654 inter
1057 1605 1127 1652 sese
1149 1604 1210 1650 non
1230 1617 1262 1668 10

91 1707 286 1784 conueniant,
309 1706 446 1785 legatum
468 1707 593 1788 quidem
609 1726 671 1770 non
693 1707 819 1788 peremi,
844 1707 917 1773 licet
932 1704 1115 1788 plerumque
1137 1725 1209 1788 pru-

92 1825 228 1890 dentium
251 1825 313 1888 alie
334 1824 429 1888 fuerit
447 1827 605 1890 sententia
626 1827 777 1908 aequitati
800 1823 972 1904 contraria;
995 1831 1044 1890 set
1058 1823 1210 1888 eiusmodi

93 1944 247 2024 optionem
269 1944 339 2008 siue
360 1943 543 2009 electionem
570 1944 715 2009 fortunae
742 1944 893 2008 committi
920 1943 1055 2024 indeque
1081 1942 1114 2007 id
1141 1961 1210 2008 esse

94 2060 306 2125 dirimendum.
350 2068 436 2127 sorte
458 2062 540 2126 enirn
561 2062 653 2134 iacta,
677 2061 728 2126 cui
750 2061 782 2126 id
805 2077 873 2127 sors
896 2061 1030 2134 dederit,
1053 2060 1209 2141 optionem

95 2178 157 2242 siue
178 2178 362 2244 electionem
385 2181 529 2259 habebit3
556 2179 652 2260 idque
681 2185 800 2245 ceteros
828 2179 997 2260 legatarios
1025 2180 1093 2243 siue
1122 2178 1261 2268 here-15

96 2296 146 2360 des
165 2297 310 2377 sequitur
330 2299 362 2363 id
387 2297 574 2378 accipientes
600 2297 733 2380 quodie
755 2295 894 2378 elegerit,
917 2295 968 2361 coi
991 2314 1059 2362 sors
1086 2293 1209 2360 fauerit.

52 2416 142 2478 seit.
172 2415 239 2481 Illis
268 2423 390 2480 tuntum
418 2415 524 2498 legare
552 2435 733 2499 possumus,
770 2436 840 2482 cum
873 2418 987 2497 quibus
1019 2415 1211 2479 testamenti·

52 2536 254 2602 miseconem
278 2536 439 2602 habemus.
483 2537 535 2600 25.
572 2533 705 2601 Incertis
733 2535 876 2618 personis
903 2553 1003 2616 neque
1032 2533 1137 2614 legata
1159 2550 1208 2594 ne·

95 2674 153 2736 qne
171 2655 411 2721 fideicommissa
431 2654 608 2735 relinquere
630 2655 712 2722 licet.
758 2673 858 2736 neque
886 2661 1008 2718 tantum
1036 2651 1068 2716 id
1097 2653 1127 2715 in
1156 2669 1211 2732 pa·

95 2791 240 2852 generum
263 2775 459 2840 testamentis
481 2775 616 2855 optinet,
639 2779 689 2839 set
716 2791 817 2854 neque
839 2773 990 2838 militibus
1019 2770 1209 2846 conceditur,
1227 2797 1263 2848 ω

96 2891 140 2954 uti
161 2893 251 2958 diuus
278 2883 459 2958 Hadrianus
488 2892 658 2973 rescripsit.
703 2891 829 2958 Incerta
857 2899 963 2958 cutem
990 2908 1124 2971 persona
1152 2893 1209 2963 est,

96 3027 184 3088 quum
211 3013 332 3077 incerto
358 3014 503 3092 opinione
530 3011 634 3076 animo
660 3029 718 3077 suo
745 3018 876 3077 testator
903 3011 1051 3088 subiecit,
1082 3010 1121 3073 de
1148 3027 1210 3091 qua

95 3129 300 3210 interrogatus
322 3128 401 3194 nihil
421 3130 501 3195 certi
529 3129 641 3196 afferre
667 3139 782 3213 posset
827 3129 927 3196 ueluti
953 3130 981 3194 si
1003 3128 1074 3212 quis
1096 3129 1142 3193 ite
1164 3126 1211 3190 di·

97 3254 159 3311 cet:
186 3250 421 3331 quicumque
448 3248 537 3314 iilic
564 3266 647 3314 meo
676 3247 802 3314 liliam
826 3267 931 3314 suem
955 3247 994 3312 in
1016 3248 1210 3312 matrimo-

97 3364 194 3430 nium
214 3367 480 3434 eollncenerit
508 3386 527 3432 a
554 3386 635 3434 meo
663 3368 812 3434 herede
841 3369 948 3434 illum
971 3367 1129 3435 tuntum
1152 3384 1260 3447 κιο-25

97 3483 226 3562 cipiet
277 3489 330 3554 uel
355 3490 415 3554 ite:
450 3487 601 3571 eisqui
631 3487 749 3570 primi
779 3497 1063 3573 postmortem
1092 3502 1209 3550 meam
