2926 4708
513 343 746 406 -174-

80 535 109 592 et
127 532 248 602 natura,
271 548 342 596 curn
367 549 428 594 nou
451 529 565 595 habeat
586 547 648 612 quo
671 531 798 594 nitatur.
844 549 914 595 cum
945 531 1021 597 haec
1049 531 1105 597 tibi
1127 550 1192 612 per·

80 653 178 726 specta
200 648 274 720 siut,
297 649 370 714 uide
392 649 467 729 quid
490 648 562 714 iude
584 654 742 730 sequatur.
783 649 855 715 dedi
870 649 927 715 tibi
952 668 1078 716 uxorem
1101 650 1194 716 liliam

82 784 186 831 neem:
209 769 332 850 peperit
354 767 466 833 filium:
489 769 520 832 iu
544 776 598 832 tua
620 772 776 850 potestate
799 768 849 834 hio
872 776 956 847 erat,
980 773 1015 834 ut
1037 768 1152 851 liquet:
1176 788 1196 833 a

81 903 123 950 me
143 893 286 968 rogatus,
309 904 379 952 eum
397 887 469 951 mihi
492 887 704 967 adoptandum
735 887 860 956 dedisti.
909 905 1097 968 quaeramus
1124 895 1197 953 uter

82 1010 210 1070 nostrum
234 1011 456 1070 testamentum
480 1004 616 1071 condens
639 1005 707 1070 eius
738 1023 845 1071 curam
875 1025 969 1088 agere
998 1005 1134 1072 debeat?
1163 1015 1196 1072 et
1232 1013 1248 1062 ὃ

81 1125 234 1190 dicendum
259 1133 321 1189 est:
345 1144 401 1207 ego
424 1131 514 1205 pater
536 1124 713 1204 adoptiuus.
751 1143 822 1190 nam
846 1131 973 1206 propter
995 1126 1194 1208 adoptionem

82 1248 106 1308 iu
127 1263 161 1308 ea
181 1253 231 1308 est
254 1244 443 1318 condicione,
466 1260 530 1322 qua
552 1251 626 1308 suut
649 1263 685 1310 ex
708 1245 799 1309 iustis
821 1245 939 1325 nuptiis
962 1243 1037 1308 mihi
1051 1245 1194 1326 quaesiti.

82 1365 176 1442 itaque
204 1363 299 1428 sicuti
327 1364 500 1442 legitimum
530 1361 628 1427 filium
656 1381 724 1428 meo
752 1363 811 1426 iuri
842 1363 1016 1428 subiectum
1044 1363 1194 1428 heredem

83 1481 235 1546 instituere
264 1499 360 1563 cogor
393 1482 443 1546 uel
473 1481 645 1546 secundum
674 1499 756 1562 quae
785 1481 984 1560 exposuimus
1011 1481 1195 1548 exheredem

83 1602 181 1677 lacere,
204 1603 305 1666 itaet
327 1600 519 1681 adoptiuum.
566 1611 599 1664 tu
629 1599 727 1680 igitur
756 1599 909 1664 naturalis
937 1609 1027 1680 pater
1056 1620 1116 1669 nou
1147 1621 1197 1670 co
1219 1619 1248 1669 to

83 1728 154 1802 peris
175 1745 247 1790 eum
270 1725 416 1790 heredem
441 1725 617 1800 instituere,
645 1722 849 1804 nequeenim
873 1723 940 1789 iure
962 1724 1018 1790 tibi
1041 1722 1124 1789 filius
1140 1735 1196 1796 est,

84 1845 230 1909 nonenim
247 1863 318 1909 eum
335 1847 365 1910 in
387 1851 543 1926 potestate
559 1845 665 1920 habes,
688 1862 789 1925 neque
812 1851 933 1918 natura,
957 1861 1026 1907 curn
1050 1863 1107 1924 ego
1129 1846 1196 1926 qui·

86 1964 145 2025 dem
171 1965 237 2028 iure
260 1961 429 2044 adoptiuus
458 1971 547 2045 pater
577 1963 729 2028 naturalis
764 1965 830 2028 eius
860 1970 951 2044 pater
978 1981 1047 2028 esse
1076 1963 1196 2039 uidear,

86 2099 166 2144 nemo
186 2087 291 2146 autem
314 2083 394 2145 duos
417 2080 576 2146 naturales
600 2089 707 2162 patres
730 2081 847 2146 habere
868 2087 980 2162 potest
1020 2083 1067 2146 sin
1091 2091 1196 2148 autern

87 2217 148 2262 eum
169 2201 415 2281 emancipaueru
438 2216 538 2279 neque
561 2202 629 2264 iure
652 2199 751 2274 ciuili,
784 2216 885 2279 neque
913 2199 1015 2265 edicto
1044 2201 1249 2281 praetoriam

87 2322 157 2384 inter
183 2319 297 2385 liberos
327 2320 610 2385 connumerabitur.
662 2320 758 2400 igitur
787 2337 886 2398 neque
915 2338 974 2400 ego
1003 2338 1097 2398 cogor
1125 2337 1198 2384 eun·

87 2440 146 2504 dem
168 2442 312 2508 heredem
336 2440 511 2514 instituere,
534 2457 634 2520 neque
657 2437 810 2502 naturalis
841 2443 930 2519 pater
960 2440 997 2502 ad
1028 2437 1060 2501 id
1085 2437 1195 2502 iacien-

87 2561 150 2623 dum
170 2561 338 2627 tenebitur.
384 2561 413 2623 iu
438 2578 475 2624 ea
496 2558 578 2624 enim
610 2577 704 2623 causa
732 2557 884 2622 eiusmodi
914 2556 996 2622 filius
1024 2575 1095 2624 esse
1124 2558 1197 2621 inci·

87 2679 174 2757 pitin
198 2698 260 2760 qua
275 2687 360 2745 esset
382 2679 508 2743 iuturus
529 2678 556 2742 si
578 2683 644 2742 ate
660 2677 795 2741 naturali
819 2682 909 2756 patre
931 2675 1042 2741 inisset
1064 2681 1196 2742 emanci-

55 2804 177 2878 sputus.
211 2803 240 2864 5.
264 2798 321 2863 Set
344 2800 420 2862 haec
443 2805 585 2863 uetustas
608 2796 842 2874 introducebat3
865 2795 931 2860 lata
954 2801 1002 2860 est
1025 2813 1101 2861 uero
1124 2815 1194 2862 con·
1214 2808 1249 2859 ao

88 2920 197 2983 stitutio
219 2919 367 2998 principis
391 2919 498 2992 nostri,
522 2936 602 2997 quae
626 2915 699 2981 nihil
723 2916 805 2980 inter
829 2914 1035 2981 masculorum
1059 2924 1092 2979 et
1114 2915 1197 2980 lemi-

88 3057 183 3102 uarum
207 3045 396 3103 testamenta
418 3037 570 3100 interesse
593 3035 677 3108 uuit;
700 3037 774 3116 quia
797 3041 930 3120 utraque
951 3052 1084 3115 persona
1106 3034 1138 3098 in
1162 3035 1197 3098 fi-

88 3155 185 3220 liorum
214 3156 432 3237 procreatione
459 3154 605 3218 similiter
634 3151 736 3220 officio
766 3159 897 3219 acturae
926 3151 1077 3234 iungitur.
1123 3152 1194 3218 hinc

87 3292 197 3355 qnoque
219 3285 307 3359 putet
330 3275 446 3340 nullam
469 3293 538 3340 esse
558 3273 642 3339 inter
664 3291 718 3339 eos
741 3272 934 3350 differentia,
957 3272 1041 3354 quod
1065 3271 1113 3337 lex
1136 3269 1198 3335 XII

88 3394 252 3460 tabularum
274 3398 314 3460 ab
338 3397 486 3460 intestato
509 3412 610 3460 mares
632 3392 775 3457 similiter
797 3399 829 3457 et
856 3393 985 3456 leminas
1012 3390 1052 3456 ad
1076 3407 1198 3455 succes·
1214 3409 1248 3461 es

88 3511 178 3578 aiones
201 3515 344 3580 uocabat.
367 3521 400 3578 et
420 3517 547 3594 praetor
570 3512 695 3576 uidetur
715 3510 814 3592 legem
838 3506 900 3574 llll
924 3509 1102 3575 tabularum
1126 3527 1194 3576 esse

89 3639 217 3713 secutus3
240 3635 311 3698 ideo
333 3631 462 3713 simplex
484 3651 521 3697 ac
543 3631 644 3696 simile
665 3631 715 3696 ius
738 3629 913 3696 introduxit
942 3638 974 3695 et
1004 3629 1034 3693 iu
1064 3627 1136 3694 filiis
1164 3638 1197 3694 et

89 3750 115 3812 iu
137 3749 256 3817 filiabus
286 3753 380 3816 etin
414 3751 528 3816 ceteris
560 3750 821 3817 descendentibus
851 3767 906 3830 per
934 3747 1058 3815 uirilem
1088 3765 1196 3814 sexum

90 3874 217 3948 personis
239 3891 299 3939 non
328 3871 428 3937 solum
456 3873 538 3937 netis
565 3881 614 3938 set
641 3873 733 3937 etiam
763 3871 915 3953 postumis
944 3877 977 3936 et
1007 3887 1066 3936 non
1096 3866 1196 3934 solum

90 3985 283 4056 filiisiamilias
317 3996 367 4055 set
396 3991 487 4056 etism
515 3991 726 4071 emancipatis.
779 3999 812 4054 et
841 3989 933 4054 iussit
961 3989 1029 4053 siue
1057 3987 1106 4053 sui
1134 3988 1197 4052 sint
1213 4011 1249 4063 ω
