2920 4750
545 425 584 434 -
632 391 694 454 aar

108 563 213 644 fuerit,
244 564 352 628 iisdem
382 565 447 629 iere
476 566 701 649 optinentibus,
730 572 824 647 atque
849 565 880 629 in
904 566 1096 647 singulorum
1120 585 1222 629 rerum

108 689 266 771 petitione.
300 711 372 754 nam
389 696 421 754 et
436 691 473 771 is,
499 691 551 770 qui
573 691 733 755 malefido
751 691 796 754 rei
813 691 975 782 cuiusdam
992 691 1223 774 possessionem

108 819 216 877 nactus
241 821 302 896 est,
336 815 489 878 rationem
518 815 628 879 reddet
656 835 762 880 eorum
792 835 915 897 quoque
944 815 1113 896 fructuum,
1146 835 1224 898 quos

107 938 227 1002 incuria
250 959 312 1002 non
335 940 519 1023 perceperit.
566 961 621 1005 cur
644 947 749 1005 autem
774 939 874 1005 ‘fere’
900 940 1046 1021 dixerim,
1077 941 1108 1004 in
1136 940 1224 1004 libris

107 1064 150 1126 de
174 1063 332 1128 iudiciis
357 1064 566 1148 dispiciemus.
601 1065 650 1130 sin
674 1069 777 1130 autem
795 1065 955 1130 bonafide
972 1085 1137 1149 possessor
1153 1085 1224 1130 reus
1262 1079 1277 1126 s

107 1193 167 1270 est,
196 1189 314 1252 fructus
342 1189 383 1252 ab
408 1209 444 1254 eo
474 1211 536 1254 non
567 1196 725 1272 petentur,
755 1209 834 1271 quos
865 1195 920 1254 aut
950 1190 1142 1273 consumpsit
1170 1197 1226 1254 aut

106 1313 327 1396 neglegentiae
352 1335 450 1379 causa
473 1335 534 1379 non
552 1315 701 1398 percepit,
723 1314 844 1379 scilicet
860 1320 932 1379 ante
949 1315 1012 1379 litis
1029 1321 1224 1380 contestatae

105 1445 237 1521 tempus.
272 1459 344 1503 nam
368 1449 439 1522 post
463 1441 549 1504 litem
573 1445 780 1504 contestatam
806 1447 837 1504 et
860 1446 1079 1523 perceptorum
1103 1447 1134 1504 et
1152 1461 1223 1506 con·

106 1568 299 1646 sumptorum
334 1566 489 1629 fructuum
515 1565 640 1628 nomine
663 1584 733 1628 eum
761 1565 854 1629 iudex
884 1565 1093 1629 condemnare
1122 1565 1224 1631 debet.

105 1687 219 1752 eadem
254 1689 348 1772 igitur
383 1690 421 1754 de
458 1690 670 1772 singularibus
698 1691 731 1753 in
761 1711 827 1754 rem
856 1689 1033 1754 actionibus
1062 1699 1156 1773 atque
1186 1692 1224 1756 de
1246 1702 1278 1752 to

71 1832 93 1882 a.
104 1815 264 1897 generali,
293 1815 311 1878 i.
341 1835 366 1879 e.
395 1815 578 1879 hereditatis
609 1815 774 1898 petitione,
812 1815 917 1879 dicere
946 1821 1076 1898 oportet
1135 1820 1163 1882 3.
1191 1816 1226 1880 Si

103 1940 151 2004 ad
176 1940 424 2005 exhibendum
449 1945 553 2004 actum
579 1939 682 2018 fuerit,
708 1959 771 2004 non
799 1939 913 2004 sufficit
932 1959 996 2021 reo,
1022 1945 1057 2004 ut
1079 1941 1225 2006 condem-

103 2065 265 2129 nationem
300 2065 389 2145 nitet,
425 2065 452 2129 si
486 2084 551 2128 rem
586 2065 749 2147 exhibeat;
790 2071 839 2129 set
876 2064 971 2129 etiam
1010 2064 1057 2129 rei
1096 2086 1224 2131 causam

102 2196 270 2273 praestare
305 2191 408 2270 debet,
443 2190 526 2254 idest
561 2191 666 2254 omnia
701 2190 799 2254 actori
831 2189 988 2272 exhibere,
1023 2211 1106 2272 quae
1137 2191 1224 2256 habi-

101 2324 196 2381 turus
220 2321 303 2380 esset
318 2315 346 2379 si
361 2335 426 2379 rem
443 2315 543 2380 actori
558 2315 622 2379 litis
643 2319 838 2379 contestatae
863 2322 1003 2399 tempore
1026 2315 1224 2381 restituisset.
1245 2325 1277 2376 to

101 2443 215 2522 itaque
250 2441 276 2504 si
304 2441 384 2504 inter
411 2460 516 2504 moras
545 2440 677 2506 actionis
706 2440 750 2503 ad
781 2439 1032 2504 exhibendum
1059 2461 1131 2506 reus
1159 2462 1224 2507 rem

101 2565 302 2648 usucapere,
334 2564 534 2629 nihilominus
562 2565 831 2647 condemnabitur,
856 2585 957 2646 neque
982 2565 1086 2631 dicere
1110 2567 1226 2649 poterit

100 2696 172 2775 ‘per
210 2691 434 2775 usucapionem
466 2691 608 2755 dominus
636 2691 739 2756 factus
774 2711 856 2772 snm,
887 2710 989 2771 neque
1018 2697 1143 2775 oportet
1175 2713 1225 2756 me

99 2816 308 2881 condemnari
352 2822 383 2879 et
425 2815 457 2879 id
500 2816 679 2898 restituere,
724 2816 807 2896 quod
850 2835 953 2880 meum
996 2815 1113 2883 facturn
1157 2817 1224 2881 est'.

99 2963 173 3006 cum
205 2940 287 3005 enim
316 2940 356 3004 ad
385 2941 593 3006 exhibendum
621 2941 674 3024 agi
707 2948 850 3024 coeptum
879 2947 940 3020 est,
977 2942 1114 3006 nondum
1144 2962 1224 3007 com·
1245 2954 1280 3005 20

98 3067 193 3152 pleta
225 3072 293 3130 erat
322 3067 488 3150 usucapio;
525 3066 668 3147 quamuis
697 3067 844 3149 deinceps
873 3043 954 3132 inter
984 3066 1091 3131 iudicii
1115 3055 1225 3130 ‘moras

99 3193 172 3256 eius
205 3197 328 3273 tempus
359 3191 538 3255 decurrerit.
585 3212 654 3254 cum
687 3191 783 3274 igitur
811 3190 852 3255 ad
879 3190 942 3255 litis
966 3191 1224 3256 contestationem
1300 3221 1304 3231 ·

98 3323 255 3400 oporteat
283 3316 413 3396 reuerti,
450 3322 545 3398 atque
576 3336 626 3380 res
660 3323 733 3381 tnnc
764 3316 901 3380 nondum
936 3317 1030 3380 fuerit
1061 3323 1224 3400 usucapta,

97 3442 219 3507 merito
254 3461 305 3505 res
343 3441 530 3522 restituitur,
569 3441 700 3523 perinde
736 3461 773 3505 ac
808 3441 835 3504 si
869 3461 1028 3521 nunquam
1062 3461 1120 3524 per
1154 3461 1225 3504 usu-

97 3567 275 3650 capionem
309 3566 500 3649 possessoris
535 3565 620 3630 facta
654 3585 724 3630 esse
759 3565 932 3646 uideretur,
970 3565 1009 3628 ad
1046 3564 1108 3628 litis
1144 3565 1224 3629 enim
1246 3576 1278 3625 25

97 3697 304 3759 contestatae
348 3699 470 3778 tempus
514 3691 803 3758 condemnationem
846 3689 1089 3756 retrotrahimus.
1151 3689 1225 3754 item
