2876 4712
508 391 547 404 -
592 357 655 421 278
698 392 744 420 -.

77 565 133 610 rem
153 544 310 622 cornacus
333 543 548 624 inperfectum
575 544 715 627 quidem,
744 551 794 610 set
822 553 926 611 tamen
956 547 1112 629 quoddam
1136 567 1187 614 ex-

78 663 213 744 cogitauit
235 663 422 728 remedium:
445 671 591 746 patruum
615 663 696 730 enim
721 683 758 730 ex
780 672 983 744 cognatorum
1004 667 1112 731 ordine
1134 685 1186 732 no-

75 782 157 861 cauit,
177 802 247 848 cum
270 784 467 862 adgnationis
487 785 555 848 iura
571 777 749 862 deficerent,
766 785 961 850 successione
977 784 1102 850 minime
1119 805 1184 866 per-

76 904 167 968 missa
190 902 407 968 sanctissimus
419 912 523 968 autem
537 907 705 984 imperator
718 913 824 969 noster
835 903 958 969 omnino
970 904 1107 988 perfecta
1119 923 1187 971 esse

76 1026 136 1088 iura
155 1023 294 1102 studens,
318 1023 571 1089 constitutionem
594 1021 680 1100 tulit,
703 1024 734 1088 in
765 1023 889 1106 quade
912 1029 1095 1103 patronatus
1117 1023 1186 1090 iure
1220 1023 1238 1073 5

74 1143 184 1210 locutus
206 1152 264 1221 est,
287 1153 382 1224 atque
403 1144 587 1210 humaniore
608 1145 711 1210 auimo
734 1145 810 1210 haec
832 1145 982 1226 cogitans,
1006 1145 1099 1210 iussit
1121 1163 1187 1210 suc·

76 1262 234 1328 cessionem
264 1265 295 1327 in
329 1262 536 1344 adgnatorum
564 1281 633 1328 esse
660 1263 904 1328 hereditatibus:
938 1262 1070 1328 stultum
1104 1265 1185 1328 euim

76 1399 134 1446 esse
155 1382 256 1445 nisum
280 1382 432 1463 estquod
455 1383 594 1462 cognatis
617 1388 743 1461 praetor
773 1384 927 1447 concessit
954 1385 1016 1464 (est
1044 1384 1125 1448 enim
1155 1385 1185 1448 in

75 1500 107 1565 iis
133 1499 302 1583 successio)
329 1501 387 1566 hoc
416 1503 561 1581 adgnatis
588 1521 649 1568 nou
677 1509 866 1584 competere,
895 1505 1027 1570 maxime
1056 1524 1125 1571 eum
1155 1506 1185 1570 in

77 1620 181 1685 tutelae
203 1639 297 1686 onere
319 1621 474 1686 successio
497 1621 548 1685 sit.
594 1619 626 1685 Si
650 1621 731 1687 euim
759 1625 828 1705 quis
858 1623 1000 1704 impubes
1023 1631 1088 1702 est,
1111 1626 1186 1690 duo
1207 1626 1240 1676 10

75 1759 127 1821 que
147 1747 317 1821 supersunt
337 1740 464 1822 adgnati
489 1742 586 1807 ueluti
609 1743 708 1806 irater
730 1749 762 1807 et
783 1750 925 1826 patruus
951 1743 1049 1808 frater
1065 1752 1101 1809 ut
1116 1763 1186 1826 pro

74 1861 165 1927 rimus
197 1863 239 1926 ad
271 1862 399 1928 tutelam
438 1863 615 1928 uocabitur:
654 1864 680 1926 si
720 1881 796 1928 nero
834 1865 985 1930 moriatur
1021 1871 1115 1946 atque
1148 1885 1186 1930 eu

76 1983 156 2048 modo
178 1984 334 2048 secundus
357 1981 480 2047 deficiat
500 1983 628 2064 gradus,
650 1980 736 2048 locus
758 1981 794 2046 fit
816 1983 1017 2059 successioni,
1042 1997 1187 2064 patruus·

76 2121 127 2182 que
147 2101 304 2185 legitimus
326 2099 380 2167 fiet
402 2105 498 2167 tutor.
531 2102 614 2182 quod
637 2119 712 2183 ergo
734 2100 765 2165 iu
790 2101 908 2167 tutelae
931 2120 1025 2166 onere
1048 2102 1186 2184 uigebat,

46 2227 62 2275 8-
76 2222 234 2287 absurdum
256 2227 326 2287 erat
347 2240 407 2287 nou
427 2222 506 2289 etin
522 2221 608 2319 lucro
623 2222 730 2302 uigere
752 2222 944 2288 hereditatis.
967 2222 997 2286 8.
1019 2221 1067 2287 Ex
1089 2221 1238 2305 tegni-1⁵

78 2361 186 2407 morum
208 2343 359 2408 heredum
381 2342 490 2408 ordine
511 2343 550 2408 ad
581 2341 637 2407 filii
659 2343 741 2407 bonu
769 2341 908 2408 defuncti
937 2349 1026 2422 pater
1054 2343 1184 2407 uocabo-

78 2471 130 2542 tnr‚
152 2464 204 2543 qui
226 2469 387 2530 contracta
413 2463 575 2546 speciatim
605 2461 719 2528 fiducia
749 2460 846 2526 filium
876 2461 1012 2528 filiamue
1041 2467 1184 2544 nepotem

78 2590 229 2662 neptemne
251 2603 288 2649 ac
310 2583 456 2664 deinceps
478 2583 704 2665 emancipabat.
749 2581 842 2648 hodie
864 2601 940 2648 uero
962 2600 1000 2647 ex
1021 2581 1183 2664 imperato·

78 2702 115 2766 ris
136 2705 231 2770 nostri
252 2705 474 2770 constitutione
495 2699 686 2784 superfluum
710 2710 759 2768 est
785 2702 946 2785 speciatim
969 2707 1130 2766 contracta
1151 2696 1186 2762 fi-

79 2823 161 2888 ducia
181 2824 390 2904 emancipare:
412 2823 664 2904 praesumptione
686 2820 767 2886 enim
795 2839 832 2886 ac
859 2819 954 2886 tacite
976 2819 1034 2884 hoc
1056 2819 1186 2885 emanci·
1202 2831 1238 2884 ao

79 2944 241 3021 petionibus
263 2942 366 3008 inesse
388 2941 529 3024 praefata
551 2939 639 3037 iubet
660 2939 853 3006 constitutio.
