2960 4704
677 370 904 414 -XIV-

230 533 268 598 ad
292 551 355 598 rem
380 544 517 600 nostram
541 533 626 600 haud
650 555 759 618 parum
783 536 866 602 iacit.
918 537 956 600 Τό
979 538 1055 601 κατὰ
1084 539 1183 614 πόδας
1204 542 1356 607 coustitu-

230 652 349 717 tionum
373 660 458 718 retro
481 655 671 736 principum,
694 673 775 737 quae
803 658 833 721 iu
856 655 1031 722 Iustiniana
1054 657 1168 726 Codice
1196 662 1355 726 coutinen-

230 783 289 850 tur‚
315 795 375 840 non
399 794 467 840 esse
489 795 508 840 a
531 777 697 842 Thaleiaeo
719 778 891 843 coniectum
920 787 991 860 post
1017 778 1168 844 scholium
1197 779 1355 846 aPitra

229 895 472 960 eminentissimo
502 895 571 960 uiro
595 898 712 961 editum
736 898 817 962 iuter
839 915 946 962 omues
961 908 1094 976 constat,
1118 918 1219 982 neque
1234 908 1283 966 est
1297 919 1355 966 cur

230 1015 437 1080 coniecturam
460 1017 638 1082 Zachariaei
666 1035 684 1081 a
708 1017 894 1100 Lingenthal
921 1037 1124 1100 aspernamus
1147 1020 1354 1086 existimantis

231 1136 404 1200 uersionem
429 1135 505 1198 κατὰ
533 1137 632 1210 πόδας
662 1139 754 1202 trium
780 1136 927 1203 Codicum
951 1139 1157 1203 Theodosiaui
1182 1139 1354 1221 Hernroge-

231 1255 314 1318 niani
337 1263 369 1318 et
390 1255 574 1337 Gregoriaui
597 1259 627 1320 in
651 1257 822 1323 berutiensi
843 1258 948 1323 schola
964 1258 1060 1323 fuisse
1076 1259 1247 1325 confectam
1271 1279 1354 1325 eam·

229 1392 289 1454 que
311 1394 330 1438 a
352 1374 517 1440 Thalelaeo
547 1378 576 1440 in
611 1380 832 1441 commentario
863 1397 919 1442 suo
950 1377 1141 1443 conficiendo
1170 1380 1353 1445 adhibitam.

229 1515 326 1577 quare
354 1495 388 1562 ht
412 1505 447 1562 ut
468 1498 652 1562 'thalelaeus
675 1499 767 1580 longe
790 1495 988 1580 integriorem
1011 1505 1131 1564 textum
1154 1517 1229 1580 prae
1252 1497 1353 1565 oeulis

231 1615 377 1682 habuisse
399 1618 553 1683 uideatur.
564 1617 588 1699 ¹)

315 1733 346 1798 Is
380 1736 476 1816 igitur
508 1735 567 1800 suit
600 1737 648 1819 (ut
679 1737 777 1818 patet)
811 1739 924 1801 aetatis
957 1735 1123 1802 Iustiniani
1155 1738 1353 1819 imperatoris

230 1873 305 1934 mos,
328 1863 364 1920 ut
386 1856 458 1920 libri
482 1876 518 1921 ex
543 1858 711 1922 berutiaosi
735 1857 841 1921 schola
864 1857 1008 1935 proiecti,
1039 1875 1108 1921 cum
1141 1856 1209 1922 heri
1235 1865 1352 1938 posset,

229 1975 267 2038 ad
291 1994 373 2040 noua
395 1977 500 2039 studia
521 1983 714 2056 aptarentur.
767 1995 847 2057 quae
874 1977 1067 2041 cousuetudo
1095 1976 1217 2058 plurimi
1246 1987 1353 2042 nostra

230 2095 342 2173 refert,
371 2113 440 2158 cum
467 2093 513 2158 ita
541 2094 670 2158 traditio
697 2094 873 2159 scholarum
902 2093 969 2159 sine
1002 2095 1229 2160 intermissione
1256 2097 1353 2160 couti-

232 2223 392 2278 nuscetur.

315 2334 460 2399 Ceterum
484 2335 542 2398 hoc
565 2352 659 2414 opus,
683 2341 718 2398 ut
745 2330 781 2395 τὸ
812 2331 889 2394 κατὰ
912 2331 1009 2404 πόδας
1033 2332 1091 2396 Gai
1113 2331 1351 2400 Institutionum

230 2455 270 2517 ad
292 2473 406 2519 uouum
431 2459 548 2517 textum
572 2453 805 2534 exprimendum
835 2453 1053 2529 reduceretur,
1082 2450 1247 2518 Iustiniani
1278 2462 1354 2520 tem-

231 2574 357 2656 poribus
381 2580 559 2654 suscepturu
582 2575 678 2640 fuisse
700 2574 841 2653 pluribus
865 2573 1020 2638 euinoitur
1041 2574 1246 2655 argumentis.
1286 2574 1354 2638 Pri·

230 2713 314 2758 mum
338 2695 417 2759 enim
441 2695 533 2759 huius
557 2694 671 2759 aetatis
700 2695 796 2758 uerba
825 2700 957 2773 usurpat
986 2701 1018 2758 et
1046 2695 1112 2758 eius
1141 2693 1274 2758 indolem
1305 2713 1354 2759 re·

231 2821 426 2894 praesentat,
455 2830 536 2893 qrrae
563 2831 583 2877 a
614 2819 753 2877 ueterum
783 2811 1073 2877 iurisconsultorum
1103 2813 1252 2876 memoria
1279 2831 1354 2876 nou-

231 2937 303 2996 dum
333 2931 536 2996 abhorrebat:
568 2933 755 3012 posteriores
786 2941 890 2998 autem
922 2932 1006 3013 leges
1036 2951 1074 2998 ue
1103 2933 1198 2997 uerbo
1227 2933 1352 3011 quidem

232 3053 375 3134 adtingit,
398 3072 467 3117 cum
490 3052 666 3117 uetustiora
687 3053 759 3116 iura
788 3071 1029 3117 commemorare
1057 3054 1183 3118 minime
1211 3070 1354 3134 superse·

234 3176 316 3238 deat.
341 3175 407 3237 eius
423 3174 519 3237 uerba
531 3192 550 3236 a
563 3169 726 3237 Iustiniani
740 3173 922 3254 aequalibus
938 3173 1130 3237 reseruntur:
1147 3191 1219 3236 uam
1235 3171 1262 3236 si
1278 3173 1353 3252 quid

231 3293 321 3357 uideo
345 3293 424 3357 hanc
445 3291 657 3374 Paraphrasin
682 3295 775 3357 etiam
803 3292 1046 3358 Thalelaeus
1075 3312 1150 3372 prae
1179 3293 1276 3357 oeulis
1300 3293 1356 3356 ha·

231 3408 343 3491 buit’)
388 3431 455 3475 eam
480 3420 563 3476 certe
586 3409 809 3491 Stephanus
833 3411 922 3475 nouit
945 3419 977 3476 et
1005 3413 1082 3476 adeo
1113 3430 1224 3492 magno
1248 3413 1354 3477 studio

238 3603 438 3612 .-..-..-.--.

304 3721 324 3786 ¹)
343 3718 418 3785 Quae
437 3719 525 3787 opinio
540 3720 617 3773 altari
635 3735 698 3772 sane
717 3725 759 3772 cst
776 3717 961 3786 pracferenda,
980 3718 1127 3784 (Kritische
1147 3718 1354 3788 Vierteijahres-

232 3802 325 3856 schrift
346 3807 384 3863 16,
397 3807 444 3856 231
457 3809 506 3870 sq.)
525 3818 559 3855 ex
572 3819 625 3870 qua
638 3802 802 3855 Thalelaeus
816 3803 962 3855 uersionem
978 3803 1076 3870 prioris
1091 3803 1195 3857 Codicis
1213 3804 1355 3858 Iustiniani

232 3895 301 3942 esset
320 3897 435 3942 secutus.
471 3889 539 3942 altor
558 3889 627 3941 enim
646 3889 736 3942 Codex
755 3888 878 3956 aprione
897 3904 949 3941 nou
969 3897 1022 3942 tam
1041 3891 1068 3941 iu
1087 3889 1205 3956 ipsarum
1226 3890 1356 3943 constitu-

232 3977 333 4030 tionum
352 3975 429 4029 modo
457 3981 483 4029 et
507 3974 605 4040 forma,
631 3991 709 4043 quam
733 3974 760 4026 iu
785 3990 894 4029 numero
919 3982 946 4028 et
970 3974 1100 4042 qualitate
1126 3974 1249 4028 diuersus
1272 3975 1355 4030 fuisse

232 4061 346 4116 uidetur.
382 4061 421 4114 Oi.
441 4061 530 4114 Const.
550 4060 688 4114 »Gordiu
709 4063 725 4127 ᾗ
743 4065 768 4114 3.
787 4066 812 4115 4.

299 4147 322 4214 ²)
341 4146 380 4200 Cf.
400 4146 480 4200 schol.
506 4147 600 4200 θαλεό.
625 4147 684 4199 Bas.
704 4146 759 4198 1111
778 4151 812 4200 86
829 4169 861 4193 =
880 4146 999 4214 Theoph.
1018 4151 1042 4211 2,
1066 4151 1104 4209 19,
1123 4150 1148 4202 7.
1170 4145 1232 4201 ibid.
1253 4171 1285 4194 =
1304 4149 1355 4206 Th.
