2898 4712
517 406 558 422 -
603 373 668 438 240
709 409 748 422 -

76 559 184 623 drante
217 557 341 641 quidem
355 557 491 624 „utiliter
520 558 682 638 experitur
709 563 803 639 atque
830 559 1015 625 conuenitur
1041 556 1195 623 iideioom·

74 678 245 756 missariam
263 696 325 758 vpro
347 677 526 760 quadrante
545 671 649 744 autern
674 684 758 744 reato
781 677 849 744 iure
870 675 963 744 heres
985 677 1051 757 agit
1073 683 1104 742 et
1125 695 1197 742 ooo·

74 799 208 864 ueniter.
253 797 328 879 quin
352 797 445 864 etiam
466 796 543 874 lieet
562 799 698 880 scriptus
720 798 812 863 heres
834 797 889 880 qui
910 803 1039 880 rogatus
1062 797 1111 870 sit,
1133 813 1196 860 uua

74 940 104 1012 re
126 919 263 989 deducta
286 921 356 998 [seu
378 921 537 1001 precepta]
560 918 765 984 hereditatem
789 919 968 996 restituere,
996 916 1029 980 io
1052 934 1115 982 una
1144 913 1196 980 illa

75 1032 105 1104 r'e
125 1039 295 1105 maximam
319 1046 441 1122 partem
463 1039 578 1130 habeat
608 1035 792 1102 hereditatis
823 1036 917 1121 (forte
947 1039 1028 1103 enim
1057 1055 1126 1100 eom
1154 1037 1196 1099 sit
1230 1032 1246 1085 5

76 1165 137 1226 tota
157 1160 321 1226 heredites
345 1159 448 1226 0000
471 1181 656 1238 aureorum,
684 1161 800 1226 fundus
826 1177 918 1242 quem
949 1159 1040 1224 heres
1067 1157 1127 1222 sibi
1149 1175 1195 1221 re-

76 1279 171 1348 tinere
192 1282 332 1360 iuuetur,
357 1280 435 1348 oct
458 1282 563 1348 aureis
585 1283 670 1348 ualet
678 1282 701 1364 ,)
729 1299 828 1364 aequa
854 1278 885 1344 in
909 1279 1041 1345 solidum
1064 1277 1197 1344 transfe-

77 1407 186 1467 motor
208 1393 360 1467 actiones
389 1409 421 1467 et
446 1401 735 1466 fideicommissario
763 1408 858 1482 atque
888 1398 919 1463 in
949 1397 1197 1471 fideicommissa·

76 1522 153 1585 rium
173 1523 302 1600 dantur,
325 1521 378 1601 qni
401 1536 505 1586 secum
530 1521 703 1606 deliberare
726 1521 828 1592 debet,
850 1537 890 1583 an
914 1519 1058 1604 expediat
1079 1517 1139 1583 sibi
1162 1517 1196 1581 fl·

52 1615 324 1734 ¹deicommissom
348 1642 499 1724 accipere.
544 1641 652 1708 eadem
676 1642 806 1706 dicimus
834 1645 867 1706 et
897 1641 924 1705 si
948 1641 1026 1706 duas
1048 1639 1195 1721 pluresue
1215 1649 1248 1702 10

76 1781 121 1827 res
144 1762 197 1846 uel
221 1751 316 1828 etiam
340 1769 456 1829 certam
480 1781 631 1827 summam
654 1759 744 1828 heres
760 1763 828 1826 -sibi
849 1761 984 1826 retinere
1007 1761 1141 1836 iubetur,
1165 1767 1196 1824 et

76 1886 115 1950 sin
141 1860 351 1950 hereditatem
379 1884 556 1950 restituere.
607 1901 677 1950 nam
707 1892 753 1962 et
769 1884 799 1946 in
829 1881 979 1946 eiusmodi
1010 1899 1100 1958 casu,
1130 1880 1196 1944 siue

77 1977 280 2084 quadrantem
303 2003 370 2066 siue
385 2002 456 2083 plus
471 2003 647 2084 quadrante
662 2001 693 2066 in
706 2003 804 2068 'oertis
818 2003 911 2068 robus
927 2008 1053 2067 cemaue
1075 2016 1197 2064 summa

77 2127 162 2190 lieres
184 2123 368 2204 retinuerit,
397 2143 434 2189 ex
462 2123 645 2190 trebelliano
673 2125 812 2192 octones
840 2123 871 2186 in
899 2115 1032 2188 solidum
1054 2120 1087 2184 iu
1110 2118 1194 2183 fidei·

78 2246 320 2312 commissarium
338 2224 516 2308 transeunt.
561 2245 647 2322 Quae
676 2244 809 2308 diximus
838 2242 878 2306 de
908 2260 958 2319 eo,
985 2242 1039 2321 qui
1067 2257 1103 2304 ex
1126 2258 1195 2304 asse
1215 2239 1246 2292 1⁶

78 2365 238 2447 institutus
261 2370 310 2429 est
332 2366 427 2445 atque
450 2371 578 2446 rogatus
601 2371 719 2438 certam
734 2377 798 2428 rem
822 2368 964 2428 certasuo
988 2379 1037 2427 res
1061 2361 1195 2426 retinere

78 2493 169 2567 atque
189 2465 398 2550 hereditatem
422 2483 473 2548 alii
497 2481 679 2561 restituere,
710 2481 919 2563 intellegimus
949 2483 1043 2546 etiam
1070 2481 1195 2565 siquis

79 2587 222 2690 eiparte
246 2605 335 2671 heres
358 2605 493 2687 seriptus
516 2610 548 2672 et
568 2610 698 2685 rogatos
721 2609 778 2682 est,
802 2610 888 2667 corta
913 2601 1048 2682 quadam
1074 2619 1109 2664 re
1132 2617 1194 2664 oer-

79 2727 154 2792 tisue
176 2727 274 2792 rebus
297 2726 448 2803 deductis,
471 2739 565 2820 suam*
582 2731 703 2804 partem
726 2722 904 2788 restituere.
954 2737 1024 2788 nam
1048 2721 1141 2786 etiem
1164 2720 1197 2796 iu

79 2845 226 2913 eiusmodi
249 2864 324 2910 casu
346 2847 376 2910 in
398 2842 532 2909 solidum
555 2843 703 2921 actiones,
726 2861 807 2924 quae
829 2843 868 2906 nd
892 2859 959 2906 eam
983 2847 1103 2923 partem
1125 2858 1195 2921 per·
1212 2837 1248 2889 20

42 2979 72 3029 10.
81 2967 184 3044 orent,
208 2965 249 3034 ad
272 2965 591 3063 fideicommissariam
614 2970 789 3028 transeunt.
825 2962 872 3025 lo.
907 2961 976 3026 Non
1000 2960 1098 3024 solnm
1122 2960 1195 3025 sori·

80 3093 159 3164 ptum
182 3075 331 3152 lieredem
354 3103 467 3166 rogare
489 3079 663 3166 possumus,
688 3084 723 3160 ut
753 3091 851 3148 totam
878 3081 1083 3147 hereditatem
1107 3081 1196 3158 resti·

81 3177 156 3286 itiam
171 3179 229 3272 'set'
240 3193 334 3271 etiem
351 3224 420 3272 eum
436 3199 491 3286 qui
508 3206 547 3270 ab
563 3202 710 3269 intestato
726 3196 864 3284 legitimo
880 3203 947 3268 iure
963 3202 1013 3268 uel
1021 3198 1194 3266 'honorario

82 3325 168 3404 (iorte
190 3327 274 3392 euim
297 3331 345 3390 est
368 3297 531 3408 cognatus)
553 3330 692 3390 nostram
714 3329 900 3406 accepturos
916 3329 965 3387 est
979 3321 1194 3399 hereditatem,

82 3445 126 3527 luis
145 3448 416 3536 uerbisffloogn
438 3452 503 3529 te„
522 3446 638 3530 lueres
665 3445 861 3528 legit-ime,
890 3449 946 3510 aut
971 3441 1057 3509 iure
1079 3458 1195 3525 prae·
1213 3443 1247 3496 2⁶
