2884 4728
536 393 777 457 -398-

401 675 450 738 De
475 674 546 757 lege
571 674 698 755 aquilia.
743 675 865 740 Titulus
890 681 918 740 3.

186 835 237 898 De
255 833 368 898 damno
386 833 478 899 alteri
494 835 629 899 iniuriae
653 835 727 900 dato
751 835 803 899 ier
827 835 946 916 aquilia
968 837 1137 920 prospexit,
1163 837 1216 919 qui

90 979 169 1022 eum
193 965 328 1040 coercet,
358 960 411 1039 qui
434 960 467 1023 id
491 959 621 1026 dederit.
672 959 751 1024 baec
775 967 879 1024 autem
904 961 955 1024 lex
978 961 1010 1024 in
1032 963 1094 1025 tria
1110 962 1216 1047 capita

91 1083 255 1147 diuiditur.
302 1085 333 1148 in
357 1084 458 1167 primo
482 1092 587 1150 autem
612 1085 715 1168 capite
739 1083 777 1149 de
801 1085 975 1169 pecudibus
999 1093 1142 1168 cauetur,
1167 1087 1215 1152 bis

93 1207 218 1272 uerbis:
245 1208 297 1272 »si
321 1210 403 1289 quis
428 1209 613 1274 bominem
633 1209 796 1274 alienum
820 1210 1037 1274 alienamue
1054 1211 1214 1291 quadru-

93 1333 265 1415 spedem‚
290 1353 384 1414 quae
401 1334 585 1417 pecudum
602 1356 753 1399 numero
770 1335 832 1414 sit,
853 1335 999 1399 iniuria
1015 1335 1214 1417 occiderit,

92 1457 250 1538 »quanti
289 1456 324 1521 id
363 1458 460 1538 quod
500 1459 666 1522 occisum
703 1459 789 1540 fuit,
833 1459 871 1523 in
910 1479 951 1524 ec
991 1481 1100 1540 cunc,
1141 1480 1213 1541 qno

93 1582 283 1646 »occisum
312 1591 385 1666 est,
415 1583 570 1667 plurimi
592 1584 676 1666 fuit,
707 1591 851 1649 tantum
882 1585 1032 1650 occisor
1064 1583 1213 1649 domino

93 1707 208 1770 »dare
233 1707 454 1772 damnetur«.
501 1709 740 1794 interpretemur
763 1717 866 1774 autem
890 1711 989 1774 uerba
1012 1709 1107 1792 legis,
1132 1730 1214 1791 quae

94 1833 294 1897 subobscura
328 1853 398 1898 esse
434 1834 585 1899 uidentur.
643 1833 727 1914 qnod
759 1843 864 1899 tamen
899 1834 1012 1898 dicitnr
1047 1835 1097 1898 »si
1132 1836 1213 1915 quis

96 1957 283 2021 hominem
308 1957 471 2022 alienum
496 1959 636 2023 iniuria
660 1959 867 2023 ceciderit«
891 1959 986 2042 plane
1009 1959 1042 2022 in
1066 1959 1213 2042 expedito
1235 1972 1267 2024 lc

56 2098 80 2146 1.
97 2089 153 2146 est.
209 2085 235 2147 1.
259 2082 347 2146 Dixit
375 2088 479 2147 autem
504 2083 853 2168 ›quadrupedemue
885 2084 1082 2165 alienam«,
1111 2103 1213 2164 neque

97 2206 146 2269 his
170 2206 278 2270 uerbis
302 2213 451 2272 contenta
473 2207 532 2271 fuit
555 2209 615 2289 lex,
639 2228 741 2288 neque
762 2209 891 2272 confuse
909 2216 1003 2288 atque
1025 2210 1156 2292 abrupte
1173 2209 1213 2272 de

97 2331 155 2394 bcc
181 2338 230 2394 est
253 2331 373 2412 locuta,
398 2339 446 2396 set
470 2332 591 2396 addidit
615 2353 726 2414 »quae
750 2332 930 2416 pecudum
954 2353 1108 2398 numero
1134 2333 1212 2397 sit«.

98 2456 130 2518 id
141 2464 247 2521 autem
261 2477 299 2521 eo
316 2458 458 2542 pertinet,
479 2458 560 2540 quod
575 2459 601 2522 si
614 2459 785 2540 generatim
803 2458 842 2522 de
860 2458 1116 2541 quadrupedibus
1129 2467 1213 2522 esset

95 2582 205 2646 locuta
222 2602 284 2646 non
307 2582 428 2646 addens
445 2604 500 2647 eas
524 2584 676 2666 pecudum
701 2603 830 2648 numero
854 2603 923 2647 esse
940 2583 1066 2663 debere,
1092 2583 1266 2647 intelle-15

94 2707 235 2788 gendum
259 2713 343 2772 esset
365 2707 424 2771 hcc
448 2708 534 2790 prius
558 2715 652 2791 caput
676 2707 713 2771 de
741 2707 816 2772 feris
841 2727 963 2788 quoque
992 2708 1108 2788 bestiis,
1132 2727 1213 2788 quae

92 2831 173 2894 mibi
189 2832 378 2914 pertineant,
403 2833 453 2896 uel
471 2833 613 2908 canibus,
636 2833 663 2896 si
680 2833 749 2912 quis
773 2851 828 2896 eos
853 2832 1011 2897 occiderit.
1044 2837 1092 2896 set
1115 2833 1215 2896 noluit

94 2956 135 3020 de
160 2955 209 3020 bis
234 2956 286 3020 lex
309 2977 437 3038 cauere3
462 2977 534 3020 nam
559 2956 597 3021 de
621 2957 683 3021 iliis
699 2961 819 3020 tantum
843 2953 947 3020 lccu'ta
963 2963 1020 3032 est,
1045 2978 1127 3039 quae
1143 2977 1213 3040 prc-

95 3081 166 3162 prie
197 3088 228 3146 et
252 3081 407 3164 gregatim
431 3083 520 3165 pasci
543 3082 661 3161 solent,
691 3082 799 3162 quales
825 3088 896 3146 sunt
919 3083 992 3163 equi
1014 3083 1090 3145 muli
1114 3083 1213 3145 boues
