2870 4716
527 351 757 415 ..334-

86 541 234 606 aduersus
256 538 366 622 pnpilli
381 536 563 616 debitorem,
586 541 619 602 et
637 536 687 602 hic
703 533 892 618 respondere
906 533 986 599 nolit
999 550 1100 614 neque
1114 531 1201 598 litem

85 661 255 744 suscipere,
284 661 359 743 qnia
385 657 523 723 nondum
553 676 573 722 a
593 660 700 722 tutore
727 654 915 720 satisdatum
938 654 993 734 sit,
1016 672 1087 718 cum
1109 652 1202 717 aliter

85 781 119 846 lis
139 779 312 864 procedere
333 797 396 843 non
417 778 526 861 possit,
554 775 641 842 iubet
663 773 755 840 iudex
776 778 914 838 tutorem
936 773 1046 857 pupilli
1069 771 1202 838 debitori

84 901 159 967 satis
192 901 267 966 dare
297 917 364 966 rem
393 899 504 982 pupilli
532 898 653 962 saluam
681 895 756 962 lore.
806 894 883 960 haec
911 893 1009 976 igitur
1037 891 1202 958 satisdatio

84 1021 256 1086 communis
278 1019 456 1085 inuenietur
477 1016 579 1083 edicto
601 1016 755 1099 praetoris
779 1020 811 1081 et
832 1012 932 1079 officio
954 1012 1075 1078 iudicis.
1115 1010 1202 1076 Idem
1220 1031 1236 1082 5

82 1144 129 1205 est
150 1141 184 1204 in
204 1139 407 1222 stipulatione
432 1136 501 1202 ›de
523 1141 650 1215 rato«;
672 1153 745 1202 nam
761 1153 832 1200 cum
853 1139 982 1216 praetor
1003 1133 1111 1198 iubeat
1131 1149 1203 1196 eum

83 1262 134 1342 qui
157 1260 261 1326 abeno
283 1265 358 1341 agat
379 1259 514 1336 nomine,
542 1275 613 1323 cum
636 1257 816 1338 ambigatur·
837 1273 876 1320 au
899 1271 936 1318 ex
958 1251 1075 1316 domini
1097 1250 1204 1316 voluu-

81 1386 146 1446 tale
158 1378 313 1458 intendat,
326 1378 494 1445 satisdare:
510 1378 538 1444 si
553 1379 624 1461 quis
638 1375 822 1442 mandatum
837 1373 976 1440 absentis
990 1369 1204 1454 praeseferens

82 1519 189 1567 meum
212 1499 291 1566 uelit
304 1519 406 1582 agere,
429 1519 542 1583 meque
565 1500 604 1566 dc
618 1498 768 1565 mandato
783 1498 948 1564 dubitante
962 1495 1110 1560 iudicium
1133 1511 1205 1577 pro·

81 1621 196 1686 cedere
223 1626 376 1703 nequeat,
408 1625 498 1702 coget
524 1619 617 1686 iudex
646 1625 784 1686 actorem
814 1637 926 1684 cauere
955 1619 1102 1680 ‚ratam
1128 1631 1204 1679 rem
1225 1623 1256 1673 10

80 1741 287 1807 dominum
309 1740 575 1805 habiturum«.
616 1739 661 1805 ut
681 1740 727 1805 ita
748 1737 788 1804 ad
807 1740 1007 1821 praesentem
1030 1734 1204 1816 stipulatio·

80 1880 152 1926 nem
168 1861 423 1928 constituendam
438 1865 630 1925 concurrunt
650 1864 717 1924 tam
733 1864 870 1942 praetor,
894 1857 948 1940 qui
970 1853 1132 1920 haedere
1154 1872 1205 1935 ge

79 1983 219 2047 neratim
242 1980 346 2061 edicit,
369 1999 464 2063 quam
486 1980 596 2061 iudex,
618 1981 673 2064 qui
695 1980 771 2046 haec
793 1981 860 2047 fieri
882 1981 1045 2062 procurat,
1069 1980 1106 2041 ut
1126 1973 1205 2040 iudi·

79 2102 165 2167 cium
189 2101 384 2184 expediatur.

265 2717 312 2784 De
334 2715 497 2784 inutilibus
519 2716 784 2801 stipulationibus.
829 2715 953 2782 Titulus
978 2718 1025 2780 19.

169 2870 417 2954 stipulationum
429 2872 584 2955 quaedam
598 2872 691 2938 utiles
707 2875 790 2952 sunt,
806 2871 962 2954 quaedam
977 2889 1053 2936 uero
1067 2870 1202 2936 inutiles.
1226 2884 1256 2936 15

78 2993 132 3054 set
154 2989 251 3056 utiles
273 2988 401 3072 quidem
415 2992 534 3058 multae
548 2997 632 3072 sunt,
648 2993 775 3058 inutiles
791 2997 896 3057 autem
912 3009 1041 3075 paucae.
1072 2990 1206 3073 Oportet

77 3127 158 3191 ergo
182 3109 223 3176 de
245 3111 353 3192 paucis
374 3110 423 3177 his
445 3110 606 3194 dispicere,
629 3110 700 3176 hinc
722 3110 804 3176 enim
826 3111 951 3175 utilium
973 3109 1205 3175 multitudinem

79 3229 280 3295 nouerimus.
317 3231 349 3295 iu
371 3231 481 3314 primis
503 3230 691 3296 admonendi
717 3249 858 3296 summus
881 3248 1004 3296 omnem
1026 3248 1102 3309 rem,
1125 3247 1205 3310 quae

77 3353 194 3415 nostro
217 3349 354 3414 dominio
376 3349 543 3429 subicitur,
571 3355 657 3416 recte
678 3350 711 3415 in
733 3351 967 3433 stipulationem
989 3348 1114 3427 deduci,
1138 3348 1206 3414 siue

38 3491 59 3540 1.
78 3468 210 3535 mobilis
233 3469 276 3534 sit
302 3469 370 3534 siue
391 3468 459 3534 soli.
507 3473 533 3534 1.
553 3471 597 3535 At
616 3469 643 3534 si
665 3469 737 3551 quis
758 3451 839 3550 rem,
867 3487 948 3552 quae
970 3468 1002 3534 in
1023 3485 1130 3534 rerum
1152 3485 1206 3532 na·
1223 3482 1257 3534 ao

78 3593 158 3654 tura
179 3607 244 3654 nou
266 3592 332 3667 est,
354 3607 410 3655 nec
432 3607 501 3655 esse
522 3595 641 3672 potest,
665 3589 726 3656 sibi
746 3589 815 3654 dari
838 3591 1007 3673 stipulatus
1029 3587 1138 3668 fuerit,
1160 3588 1206 3652 in·

78 3707 171 3775 utilis
185 3709 249 3774 erit
263 3708 434 3790 stipulatio.
472 3727 532 3789 res,
548 3729 630 3792 quae
644 3708 677 3775 in
696 3728 802 3776 rerum
817 3713 933 3775 natura
946 3729 1008 3776 non
1024 3714 1081 3790 est,
1105 3713 1154 3775 cst
1175 3709 1207 3774 in

77 3829 227 3913 exemplo
242 3827 436 3896 huiusmodi:
456 3829 813 3915 »Spondesnemibi
828 3830 1002 3896 Stichum
1017 3831 1206 3896 hominem

78 3949 224 4015 darei«
249 3951 303 4032 qui
325 3955 468 4017 mortuus
490 3951 541 4031 sit,
565 3971 636 4018 cum
653 3951 733 4019 falso
747 3971 819 4018 eum
833 3951 943 4016 uiuere
964 3955 1081 4034 putem.
1117 3949 1207 4030 Quod
