2884 4728
550 408 792 471 -365-

111 586 294 650 mandatum
316 583 381 665 fiet,
406 603 635 666 superuacuum
651 581 798 663 estquod
816 588 938 664 gestum
954 587 1012 659 est,
1036 599 1137 660 neque
1158 599 1230 643 con-

80 720 102 771 1.
112 729 209 774 sensu
232 709 394 791 obligatio,
419 727 520 788 neque
544 706 685 770 mandati
709 706 791 771 actio
814 705 964 769 nascitur.
1001 708 1027 770 1.
1051 703 1231 767 Mandantis

110 840 234 899 tantum
257 833 361 916 gratia
384 833 554 897 interuenit
575 832 766 912 mandatum,
790 830 888 894 ueluti
912 830 939 894 si
962 830 1019 892 tibi
1034 827 1182 892 mandem
1197 834 1231 890 ut

109 979 185 1023 mea
209 978 302 1042 geras
325 959 454 1040 negotia
476 929 639 1022 uelillum
663 957 792 1020 tondum
815 955 891 1019 mihi
914 975 1000 1020 emas
1024 954 1076 1018 uel
1100 973 1157 1036 pro
1181 970 1232 1015 me

74 1092 100 1142 2.
111 1083 281 1168 spondeas.
317 1086 345 1149 2.
358 1083 430 1147 Mea
445 1090 562 1162 tuaque
579 1081 683 1164 gratia
697 1080 866 1146 interuenit
880 1079 1071 1160 mandatum,
1088 1077 1232 1159 quotiens
1270 1088 1286 1140 5

110 1209 170 1272 tibi
195 1207 310 1272 mondo
333 1214 367 1271 ut
390 1208 448 1271 snb
471 1207 574 1271 usuris
597 1206 681 1271 Titio
705 1205 827 1286 creden,
852 1204 905 1286 qui
924 1223 994 1268 eam
1010 1203 1177 1286 pecuniam
1200 1202 1232 1266 in

110 1352 179 1397 rem
196 1352 299 1396 meam
316 1333 512 1416 impensurus
529 1331 577 1396 sit.
609 1331 667 1395 tibi
684 1330 766 1394 enim
782 1329 942 1412 negotium
959 1327 1088 1411 prodest
1103 1333 1233 1410 propter

110 1477 280 1521 usurarum
303 1456 554 1540 perceptionem,
579 1455 708 1520 etmihi
732 1473 871 1536 quoque,
900 1453 934 1517 in
957 1453 1045 1517 cuius
1068 1472 1135 1516 rem
1164 1471 1233 1515 ner·

111 1581 211 1646 tenda
238 1587 287 1646 cst
314 1581 457 1665 pecunia.
508 1581 591 1645 idem
619 1586 667 1676 est
694 1580 722 1644 si
750 1600 770 1642 a
796 1585 828 1643 te
856 1578 979 1642 Primus
1007 1577 1048 1642 sit
1075 1584 1233 1641 mutuatus

111 1726 239 1789 egoque
255 1706 316 1770 fide
337 1706 481 1770 iusserim
497 1725 536 1770 ac
553 1705 702 1788 deinceps
716 1705 775 1769 tibi
793 1724 914 1768 mecum
932 1709 1040 1768 acturo
1064 1722 1134 1766 meo
1149 1702 1232 1785 peri·
1254 1712 1288 1762 10

112 1831 186 1895 culo
203 1831 429 1912 mandauerim,
453 1837 486 1895 ut
507 1837 618 1896 contro
634 1849 721 1894 reum
734 1829 940 1913 principalem
957 1827 1095 1892 Primum
1112 1845 1233 1908 ageres.

111 1977 190 2019 nam
218 1962 249 2019 et
277 1955 309 2019 id
334 1955 409 2020 mihi
430 1955 576 2039 prodest,
604 1954 816 2018 imminentem
844 1974 914 2018 cum
941 1952 1038 2017 vitem
1066 1933 1233 2032 actionem,

113 2086 144 2144 et
168 2079 230 2144 tibi
251 2099 389 2161 quoquc:
414 2101 486 2144 nam
511 2079 548 2161 si,
571 2087 738 2162 postquam
763 2098 832 2142 cum
856 2097 910 2142 reo
928 2077 1096 2160 principali
1119 2076 1233 2158 egeris,

113 2204 256 2269 debitum
283 2225 347 2269 non
374 2204 547 2289 receperis,
584 2211 695 2269 contra
721 2224 771 2268 me
799 2203 926 2286 regredi
953 2201 1080 2286 poteris.
1141 2200 1234 2287 [linge

112 2330 198 2393 enim
230 2329 464 2394 fideiussionem
496 2330 612 2394 iactam
641 2349 712 2394 esee
740 2329 807 2392 sine
835 2328 967 2411 pignore
996 2332 1027 2391 et
1053 2326 1235 2390 mandatum
1256 2333 1288 2385 15

112 2473 184 2518 cum
202 2453 345 2537 pignore,
368 2461 403 2518 ut
419 2454 539 2535 aliquid
554 2453 698 2518 utilitatis
714 2453 831 2518 habent
846 2450 1049 2537 mandatnml.
1073 2450 1235 2515 autetiam

112 2598 184 2642 cum
208 2579 269 2643 tibi
291 2587 416 2644 centum
439 2599 553 2643 aureos
571 2579 729 2659 deberem,
753 2577 915 2658 cedesque
931 2597 981 2641 me
997 2577 1030 2640 in
1045 2577 1094 2640 ius
1110 2595 1251 2658 uocare,¹

113 2702 266 2785 delegaui
289 2704 346 2768 tibi
367 2724 469 2768 meum
493 2702 676 2785 debitorem,
698 2702 911 2784 mandantque
933 2701 991 2765 tibi
1006 2721 1077 2765 meo
1094 2701 1234 2784 periculo

113 2828 155 2891 ab
168 2847 208 2892 eo
223 2827 376 2911 stipulari.
412 2829 493 2892 lorte
506 2828 589 2892 enim
601 2827 764 2891 uereborio
776 2847 826 2908 ne,
843 2832 1010 2910 postquam
1026 2845 1132 2890 amco
1149 2825 1235 2889 debi-

112 2958 182 3016 tore
207 2953 306 3017 fneris
330 2953 511 3036 stipulatus,
541 2952 692 3016 creditum
714 2951 879 3035 perderes,
909 2971 978 3015 cum
1005 2970 1107 3032 neque
1131 2950 1172 3014 ab
1196 2971 1235 3015 eo
1255 2956 1290 3006 20

113 3077 238 3158 aliquid
260 3083 391 3161 propter
413 3077 481 3142 eius
504 3077 644 3160 inopiam
668 3077 819 3158 consequi
842 3096 967 3160 posses,
996 3096 1098 3156 neque
1127 3082 1237 3141 contra

112 3222 163 3268 me
188 3203 330 3285 regredi,
360 3222 556 3268 cumensem
583 3203 753 3266 nouatione
776 3201 937 3266 liberatus.
983 3222 1056 3265 nom
1085 3201 1180 3265 etiam
1203 3202 1236 3266 in

113 3327 175 3391 hac
200 3326 308 3410 specie
331 3327 454 3411 utrique
477 3326 660 3391 mandatum
683 3326 827 3410 prodest:
852 3326 928 3390 mihi
951 3325 1086 3406 quidem,
1111 3345 1181 3389 oum
1204 3326 1237 3389 in

113 3472 269 3532 praesens
286 3453 398 3516 saltem
414 3453 482 3517 sine
497 3452 643 3518 molestia
657 3471 812 3533 maneam,
835 3451 894 3515 tibi
909 3470 995 3532 uero,
1019 3470 1089 3514 cum
1105 3457 1137 3513 et
1148 3469 1236 3513 meus

107 3575 244 3641 debitor
267 3597 306 3642 ex
330 3577 480 3661 stipulatu
502 3577 560 3641 tibi
582 3583 740 3658 tenentum
769 3582 801 3641 et
822 3596 944 3640 mecum
971 3573 1113 3639 mandeti
1140 3592 1236 3655 cgere
1256 3577 1290 3630 25
