3092 4702
554 335 763 397 ...47-

112 522 159 588 filii
180 523 235 587 mei
257 540 355 588 nurus
378 520 454 585 mihi
476 540 537 586 non
560 527 610 586 est
630 519 730 599 iacta,
754 539 824 588 cum
851 519 980 602 nuptiae
1006 538 1069 586 non
1098 519 1216 587 tuerint

112 649 235 714 secutae3
263 660 366 724 neque
395 640 494 722 patris
527 640 587 704 mei
616 658 731 722 sponsa
763 658 900 706 nouerca
931 639 1007 705 mihi
1041 638 1125 706 iacta
1157 645 1215 720 est,

112 759 216 840 nuptiis
237 778 300 824 non
323 757 450 835 secutis
473 759 519 823 ita
540 766 577 822 ut
597 759 682 838 quod
704 759 744 824 ed
767 777 817 836 ea,
841 777 922 842 quae
946 759 978 824 in
1001 758 1215 841 superioribus

110 886 175 946 sunt
198 880 372 963 proposita,
400 897 453 944 eas
479 897 592 945 uxores
619 879 734 945 ducere
760 880 887 962 possim.
937 886 986 946 set
1012 881 1062 946 hic
1092 899 1216 964 quoque

109 1001 268 1067 honestetis
289 1019 364 1083 ergo
386 1000 533 1066 hortatur
553 1019 610 1064 nos
632 999 772 1066 Iulianus
795 1001 947 1067 eiusmodi
974 1001 1091 1083 nuptiis
1120 1003 1216 1070 absti·
1250 999 1267 1050 ⁵

78 1139 184 1190 unere.
232 1121 280 1183 10.
320 1124 367 1185 An
396 1119 451 1185 ilia
480 1139 604 1203 quoque
630 1121 788 1202 cognatio,
817 1139 899 1202 quae
926 1119 959 1186 in
985 1121 1141 1188 seruitute
1168 1130 1218 1188 est

108 1245 269 1318 conuecta,
298 1239 417 1322 nuptiis
445 1239 668 1320 impedimento
694 1239 763 1306 est?
792 1246 829 1305 nt
856 1259 928 1306 ecce
954 1241 1025 1323 quis
1053 1260 1123 1307 cum
1153 1241 1218 1326 tilia

107 1379 158 1424 suc
177 1359 228 1426 uel
248 1377 307 1424 sue
327 1376 435 1425 sorore
457 1359 667 1424 manumissus
689 1364 750 1424 est:
775 1359 938 1426 uideamus
959 1379 1000 1425 an
1022 1361 1150 1443 nuptias
1171 1361 1218 1426 in-

107 1487 149 1544 ter
172 1499 224 1545 eos
245 1478 314 1544 fieri
336 1479 549 1560 permittatur.
597 1487 630 1545 et
655 1479 738 1561 quod
761 1480 803 1546 ad
824 1481 902 1544 iuris
925 1479 1132 1561 suptilitatem
1155 1499 1218 1547 non

106 1598 289 1680 intellegitur
310 1599 374 1663 ulla
396 1617 466 1663 esse
488 1598 571 1664 inter
593 1617 646 1664 eos
666 1600 826 1682 cognatio,
854 1605 903 1665 set
924 1603 1054 1682 propter
1074 1601 1125 1666 ius
1147 1620 1218 1667 san·
1238 1613 1269 1664 10

73 1718 200 1800 llguinis
221 1717 398 1783 coniunctio
420 1715 614 1799 prohibetur.
661 1722 709 1782 ll.
743 1717 826 1784 Sunt
854 1718 935 1784 elice
961 1737 1086 1802 quoque
1112 1738 1219 1802 perso·

107 1855 155 1902 nae
179 1854 257 1916 quas
287 1843 416 1916 propter
444 1838 588 1903 diuersas
621 1836 759 1903 rationes
792 1857 913 1924 nequeo
947 1857 1061 1905 uxores
1093 1841 1217 1920 ducere,

106 1977 174 2040 qaas
200 1957 231 2020 in
255 1957 393 2039 Digestis
415 1975 471 2023 seu
492 1957 660 2024 Pendectis
682 1977 719 2023 er
748 1958 856 2024 multis
885 1959 1045 2025 ueteribus
1072 1960 1218 2028 collectas

70 2080 310 2145 rasanctissimus
341 2079 485 2160 princeps
515 2085 624 2144 noster
646 2080 822 2146 enumerari
843 2080 994 2162 permisit.
1025 2081 1074 2144 12.
1097 2079 1132 2145 Si
1147 2080 1219 2163 quis

107 2199 249 2264 aduersus
269 2217 309 2264 ee
331 2217 411 2282 quae
433 2197 568 2263 dixinms
590 2199 747 2280 quandem
774 2199 938 2266 mulierem
966 2217 1094 2266 uxorem
1124 2201 1220 2266 dume·
1239 2192 1270 2243 ¹⁵

107 2319 149 2392 rit,
169 2335 270 2398 neque
296 2323 462 2399 parentum
489 2318 540 2383 uel
562 2315 731 2383 liberorum
759 2318 974 2401 cognationem
1003 2319 1138 2396 ueritus,
1167 2338 1220 2385 ne·

107 2456 160 2516 que
178 2457 262 2516 eam,
285 2456 367 2518 quae
391 2457 428 2504 ex
456 2443 639 2504 transuerso
668 2443 733 2516 est,
761 2456 863 2518 neque
891 2435 1064 2504 adfinitatis
1089 2435 1220 2522 impedi-

106 2565 232 2623 mentum
263 2561 432 2640 reputnns,
467 2557 519 2622 uel
551 2557 645 2622 etiam
678 2557 786 2624 seruili
815 2557 1000 2640 cognatione
1028 2557 1218 2640 posthabita,

106 2695 196 2758 neque
215 2679 284 2760 ipse
306 2679 365 2756 uir,
388 2694 490 2760 neque
511 2675 566 2743 ilia
588 2697 666 2744 uxor
693 2678 875 2756 uocabitur,
903 2698 1004 2762 neque
1031 2680 1160 2762 nuptiae
1186 2679 1219 2745 id

105 2798 180 2875 qnod
200 2798 320 2864 iactum
343 2805 524 2879 estusque
547 2798 614 2877 dos,
636 2799 720 2882 quod
742 2800 852 2865 datum
874 2805 933 2864 est.
977 2805 1027 2864 set
1048 2815 1119 2864 cum
1141 2799 1219 2864 haec
1236 2806 1272 2857 no

105 2916 141 2979 ad
159 2918 318 2984 hominum
339 2915 567 3000 flagitiosorum
582 2917 742 2983 libidinem
757 2919 958 2985 coercendam
975 2937 1036 2984 non
1052 2915 1219 2996 sufficiant,

105 3037 245 3106 maiorem
266 3039 425 3119 quendem
452 3056 585 3120 poenum
611 3037 662 3104 lex
688 3037 857 3121 inrogauit.
905 3045 1031 3104 cautum
1060 3044 1110 3104 est
1138 3037 1221 3103 enim

104 3173 141 3220 ne
159 3157 212 3238 qui
234 3177 272 3224 ex
294 3157 448 3224 eiusmodi
470 3158 555 3224 coitu
576 3164 750 3224 nascantur
775 3161 807 3224 in
829 3165 985 3240 potestate
1011 3157 1113 3241 petris
1141 3158 1221 3232 sint3

106 3279 137 3338 et
155 3292 231 3355 quos
253 3285 367 3344 natura
390 3279 536 3358 donauit,
566 3279 616 3344 ius
638 3278 773 3362 ignoret,
795 3285 905 3363 utpote
930 3279 985 3362 qui
1014 3283 1124 3346 contre
1152 3275 1221 3343 eim

106 3390 214 3470 placite
235 3399 300 3464 neti
326 3399 401 3464 sint.
451 3399 506 3465 sed
536 3399 620 3481 quod
646 3397 687 3464 ad
716 3399 856 3481 parentis
882 3401 1071 3482 potestatem
1097 3396 1219 3475 attinet,
1237 3399 1272 3450 25

108 3511 180 3579 tales
201 3513 235 3580 hi
256 3518 421 3599 habeatur,
442 3518 550 3598 quates
573 3519 627 3600 qni
650 3519 745 3600 uulgo
768 3516 910 3600 concepti
931 3525 1014 3584 sunt.
1042 3533 1145 3600 neque
1167 3513 1220 3580 isti
