2898 4712
535 365 767 430 -231-

105 552 198 618 Titio
228 550 424 619 aureosc
457 552 546 634 logo
577 553 611 617 ai
643 570 725 619 curn
758 551 873 618 illins
906 571 1023 620 uxore
1054 555 1214 622 adulto-

105 671 194 736 rium
225 671 386 752 iscorit3
419 671 457 735 ni
482 671 634 737 fecerit
669 668 798 737 Primo
831 671 983 738 eosdem
1014 671 1114 754 logo.
1163 675 1214 740 hio

105 791 175 857 onim
197 807 324 874 quoqne
345 790 447 856 Titius
470 792 610 873 accipiet.
655 790 706 858 uel
726 793 774 858 ita
796 793 911 858 dicam:
940 790 1051 859 Titio
1073 811 1213 862 anroos

104 909 236 994 elego
257 910 291 976 si
312 917 475 976 matrem
502 929 605 976 suam
636 911 944 990 uerberausrit‚
972 912 1051 978 nisi
1078 913 1213 980 Titius

104 1039 260 1098 matrem
282 1049 388 1096 suam
408 1031 701 1108 uerberauorit‚
732 1029 757 1094 Ο
787 1048 929 1097 aureos
956 1029 1087 1097 Primo
1113 1034 1211 1116 lego.
1246 1041 1264 1092 t

104 1152 146 1218 nol
166 1153 263 1217 etim
284 1148 420 1216 adimam
442 1151 501 1216 hoc
523 1151 631 1216 modo:
653 1151 731 1217 nisi
758 1151 795 1216 in
820 1147 971 1218 coelum
998 1151 1213 1221 adsconda-

103 1271 165 1350 rit,
190 1291 263 1338 noc
290 1269 404 1337 illins
431 1288 587 1337 uxorem
617 1271 846 1337 moechatus
881 1270 1011 1336 fuerit
1043 1289 1112 1338 noo
1137 1291 1213 1338 ma·

104 1401 191 1457 trem
213 1408 320 1457 snam
340 1389 636 1464 norboraoerit‚
658 1391 695 1454 ai
717 1407 859 1455 auroos
881 1387 907 1455 G
929 1407 1003 1455 non
1025 1390 1123 1473 lego.
1167 1391 1211 1457 in·

105 1513 181 1580 utilis
208 1513 293 1580 enirn
320 1514 477 1594 ademptio
504 1519 553 1576 est
579 1510 674 1578 ocuti
704 1512 735 1576 in
758 1507 919 1592 superiore
941 1529 1015 1576 casu
1037 1511 1212 1578 translatio.

104 1632 146 1697 sin
165 1641 271 1698 antem
292 1651 393 1715 nequo
414 1631 617 1713 impossibilia
638 1638 712 1696 sunt
738 1649 820 1713 quaa
841 1629 993 1712 legatario
1015 1631 1212 1708 mandantur,
1233 1630 1265 1682 1⁰

105 1768 195 1832 nequa
217 1750 339 1834 iegibus
360 1751 535 1828 interdicta,
558 1767 658 1831 nequo
680 1750 845 1828 iniurioso,
873 1767 954 1831 qnae
981 1752 1134 1833 probrosa
1159 1768 1214 1816 uo

106 1871 163 1938 tati
189 1871 309 1951 solent,
335 1877 410 1936 tuno
430 1887 550 1950 posnam
571 1868 696 1935 nomino
717 1868 803 1934 tanta
829 1867 916 1934 datio
943 1876 976 1938 et
1001 1869 1159 1953 ademptio
1180 1875 1213 1936 ot

107 1991 258 2058 translatio
279 1992 374 2057 nnlat

298 2603 345 2670 Do
367 2604 565 2685 ademptione
585 2603 769 2686 legatorum.
810 2601 934 2668 iitnlns
957 2603 1007 2666 21.

182 2787 300 2872 Legata
326 2787 466 2856 adimere
494 2789 561 2856 siue
589 2789 713 2872 inipso
741 2796 945 2866 testamento,
975 2786 1043 2854 siue
1069 2788 1101 2852 in
1129 2787 1211 2854 oodi·

109 2907 177 2975 tiliis
196 2927 371 2992 possumus,
394 2927 495 2992 nequo
515 2909 648 2974 interest
669 2915 774 2974 utrum
795 2907 961 2974 contrariis
984 2907 1089 2973 uerbis
1108 2908 1212 2973 adem·
1231 2923 1261 2974 tn

108 3029 165 3109 otio
192 3026 263 3109 fiat,
293 3047 333 3094 on
363 3029 431 3094 aliis
459 3029 714 3112 quibuscumque.
766 3045 839 3092 nam
865 3027 893 3092 si
922 3025 1068 3094 dixerim:
1105 3024 1211 3092 Titio

108 3164 241 3214 aureos
261 3145 286 3212 O
308 3148 354 3214 do
375 3148 483 3232 logo,
520 3147 634 3212 (inodo
660 3147 692 3212 in
718 3147 787 3228 ipso
816 3153 1005 3214 momento
1035 3143 1086 3210 nal
1107 3143 1139 3210 in
1161 3161 1211 3210 oo·
