2870 4716
93 517 161 582 olim
176 517 302 600 quidem
321 517 364 583 ad
378 519 624 600 quinquennium
639 539 740 602 nsque
754 517 944 602 procedebat
959 538 994 584 ac
1009 523 1120 601 postea
1140 536 1203 584 non

91 643 215 722 poterat
228 659 303 705 non
317 645 546 707 numeratae
560 641 744 724 pecuniae
762 639 901 722 exceptio
913 639 1027 722 opponi
1040 643 1095 704 aut
1106 637 1205 704 uredi-

91 759 149 824 tori
165 759 239 824 diei:
262 760 362 843 proba
383 765 416 826 te
434 780 628 826 numerasse:
650 760 710 825 hoc
724 761 806 825 enim
824 760 967 843 pluribus
982 759 1204 841 principalibus

91 880 365 946 constitutionibus
385 886 513 947 cautum
529 885 585 948 est.
621 900 691 946 cnm
710 882 770 946 hoc
785 885 890 946 autem
906 879 1112 946 creditoribus
1128 876 1206 943 diffi-

90 1000 146 1066 oile
159 1005 254 1080 esset,
274 1001 446 1083 imperator
460 1007 575 1080 noster,
591 1020 640 1079 ne,
660 1003 753 1082 longo
768 1000 940 1083 praeterito
956 1005 1095 1081 tempore
1111 997 1206 1082 (idest
1222 1002 1239 1052 5

90 1118 225 1184 triennio
247 1120 298 1185 uel
320 1120 553 1204 quadriennio),
580 1119 751 1186 creditores
777 1120 911 1202 probare
938 1119 1017 1184 iussi
1037 1137 1116 1183 uera
1136 1136 1206 1183 esse

90 1257 170 1320 qnae
192 1244 299 1306 essent
325 1239 499 1323 adscripta,
526 1245 656 1324 propter
681 1239 906 1322 longitudinem
936 1237 1033 1320 elapsi
1055 1238 1205 1320 temporis

88 1357 119 1422 in
141 1357 360 1426 difficultatem
386 1360 606 1443 probationum
627 1359 816 1438 inciderent,
847 1363 943 1440 atque
968 1356 1041 1422 inde
1066 1357 1132 1423 suis
1154 1376 1207 1439 pe-
1294 1331 1299 1340 ’

89 1477 189 1544 cuniis
213 1477 485 1558 defraudarentur,
509 1479 763 1545 constitutionem
781 1479 915 1560 scripsit
938 1496 1020 1560 quae
1035 1477 1208 1559 quinquen·

87 1599 175 1663 nium
199 1599 232 1664 in
258 1599 416 1666 biennium
443 1590 612 1678 coartant,
640 1599 747 1681 itaque
774 1599 859 1664 intra
886 1598 944 1663 hoc
972 1603 1095 1679 tempus
1122 1603 1207 1663 recte
1226 1608 1258 1659 ro

87 1717 245 1782 eiusmodi
265 1723 442 1802 opponetur
463 1718 617 1801 excepti03
639 1721 712 1801 post
726 1717 886 1783 biennium
909 1734 993 1797 uero,
1016 1717 1204 1783 nullomodo.

550 2011 753 2020 ——n—

309 2332 357 2397 De
378 2349 531 2398 consensu
553 2332 751 2414 obligatione.
797 2332 920 2398 Titulus
942 2335 995 2400 22.

99 2519 103 2528 ·
175 2484 257 2550 Cum
282 2485 344 2550 iam
373 2485 616 2568 obligationibus
643 2487 812 2552 uerborum
838 2493 871 2553 et
891 2487 1069 2552 litterarum
1097 2487 1209 2552 dixeri·

86 2625 178 2684 mus,
211 2624 293 2671 nunc
320 2607 359 2672 de
386 2607 447 2672 illis
476 2625 557 2688 quae
584 2625 736 2674 consensu
765 2607 853 2673 fiunt.
903 2608 1106 2675 constituitur
1131 2607 1209 2673 haec

85 2725 244 2808 obligatio
265 2727 298 2791 in
318 2727 404 2792 hisce
425 2727 652 2793 contractibus:
681 2729 837 2810 emptione
859 2733 892 2795 et
910 2728 1090 2794 uenditione
1111 2732 1144 2794 et
1164 2728 1209 2793 lo·

46 2859 65 2908 r.
86 2846 216 2912 catione
238 2849 271 2911 et
292 2847 441 2912 societate
467 2853 500 2912 et
520 2847 680 2912 mandatu.
729 2851 754 2912 l.
778 2848 853 2914 Ideo
880 2853 986 2914 autem
1012 2849 1080 2914 istis
1108 2847 1208 2913 modis
1230 2861 1264 2940 ru·

87 2985 280 3033 consensu
308 2967 423 3033 dicitnr
449 2968 597 3050 obligatio
629 2968 785 3047 contrahi,
815 2971 890 3051 quia
915 2989 1017 3051 neque
1042 2969 1208 3051 scriptura,

86 3090 127 3149 ut
153 3086 184 3150 in
199 3086 376 3152 litterarum
392 3087 591 3169 obligatione,
614 3106 715 3169 neque
734 3089 920 3170 praesentia,
944 3095 980 3154 nt
994 3089 1026 3153 in
1042 3089 1209 3154 uerborum

86 3205 293 3287 obligatione,
315 3205 493 3270 omnimodo
510 3225 588 3288 opus
607 3211 670 3286 est3
693 3225 729 3271 ac
751 3225 790 3271 ne
812 3206 879 3271 dan'
895 3207 1066 3288 quidquam
1088 3212 1137 3271 est
1158 3226 1210 3272 ne·

86 3344 190 3404 cesse,
209 3325 312 3391 ueluti
334 3326 365 3391 in
387 3345 422 3391 re
437 3326 636 3408 obligatione,
659 3333 696 3392 ut
710 3327 862 3392 consistat
876 3345 1028 3392 consensu
1044 3327 1209 3409 obligatio:

40 3475 66 3526 2,
85 3444 210 3510 sufficit
230 3446 312 3510 enim
335 3464 387 3511 eos
407 3447 583 3512 consentire
605 3447 660 3528 qni
680 3448 727 3511 ita
748 3447 944 3511 contrahunt.
990 3450 1017 3511 2.
1042 3447 1132 3512 Tales
1154 3445 1210 3527 igi·
1227 3461 1261 3513 ao

86 3569 149 3628 tur
179 3570 359 3630 contractus
392 3572 425 3631 et
457 3565 539 3632 inter
574 3567 719 3633 absentes
753 3566 858 3632 aalide
889 3564 983 3646 fiunt,
1018 3567 1117 3631 ueluti
1152 3584 1210 3648 per

41 3711 65 3761 3-¹
86 3684 261 3766 epistulam
288 3685 339 3750 uel
368 3705 425 3768 per
454 3687 607 3751 nuntium.
653 3689 682 3750 3.
711 3688 819 3770 Neque
848 3688 881 3752 in
908 3687 966 3752 hoc
992 3685 1209 3751 tantummodo
