2960 4704
457 363 784 448 ...ra-

110 553 230 615 eantur.
276 544 330 614 uel
351 549 436 630 quod
458 547 597 615 omnium
621 547 834 624 nouissimum,
863 549 937 628 quio
958 546 989 610 iu
1013 551 1154 626 tempore
1176 542 1240 608 dis·

111 667 264 733 sensionis
286 665 382 732 sicuti
404 667 488 746 apud
511 667 661 746 patricios
684 663 793 731 consul
820 672 890 730 erat
916 663 972 746 qui
993 665 1043 728 ius
1066 663 1185 728 diceret
1207 669 1240 726 et

111 786 343 852 controuersias
366 786 536 863 dirimeret,
559 787 605 851 ita
626 787 710 868 apud
733 786 871 866 plebeios
893 803 1019 867 quoque
1042 784 1167 864 quidum
1190 787 1240 846 est

111 910 247 984 oreatus
268 906 324 986 qui
346 905 387 970 ab
408 904 449 968 iis
472 905 628 983 adiretur,
655 907 709 988 qui
732 925 791 987 ope
820 903 926 986 aliqua
955 907 1093 984 egerent.
1144 909 1177 968 et
1199 904 1239 966 ab

111 1024 291 1090 aditione
320 1023 447 1089 adilis
476 1031 528 1088 est
551 1030 697 1102 uoentuS,
725 1025 807 1090 idest
828 1025 869 1090 ab
890 1023 1082 1088 adeundo.
1127 1027 1239 1102 posteo
1275 1037 1291 1086 ι

109 1149 241 1224 propter
262 1141 436 1208 molliorem
458 1161 570 1209 sonum
595 1164 613 1208 e
635 1143 743 1208 littera
764 1143 873 1208 addita
903 1153 968 1221 est,
997 1150 1030 1208 et
1052 1143 1167 1208 tactum
1191 1149 1240 1208 est

112 1262 276 1328 »aedilis«.
310 1261 434 1327 curules
457 1268 562 1327 autem
588 1262 669 1338 ideo,
692 1263 767 1342 quia
788 1261 945 1328 consulari
967 1261 1044 1327 selle
1067 1267 1238 1328 uterentur.

108 1382 225 1446 horum
246 1385 352 1445 autem
375 1379 479 1445 edicte
504 1379 537 1444 in
566 1381 737 1460 prouinciis
763 1399 888 1464 quoque
914 1382 1185 1464 proponebantur,
1209 1389 1241 1446 et

108 1500 288 1565 uocabatur
309 1517 417 1564 eorum
440 1501 489 1565 ins
511 1501 781 1580 honorarium,
810 1522 880 1568 oum
909 1504 940 1568 in
967 1503 1053 1568 illius
1076 1503 1240 1583 magistra·

108 1625 166 1684 tus
186 1619 347 1697 honorem,
369 1622 424 1700 qui
447 1621 675 1701 proposuisset,
699 1622 856 1702 optineret
885 1628 982 1704 atque
1008 1627 1168 1703 receptum
1191 1638 1238 1685 es·
1259 1637 1291 1686 ιο

108 1743 171 1803 set.
194 1746 226 1803 et
249 1738 367 1804 aediles
389 1740 486 1821 igitur
509 1742 549 1806 de
571 1741 758 1820 quibusdem
782 1743 907 1808 casibus
923 1745 972 1808 ius
995 1741 1238 1820 constituebant,

107 1875 285 1938 eorumque
315 1858 449 1924 edictum
476 1878 550 1943 pers
578 1860 673 1928 edicti
701 1860 867 1944 utriusque
896 1865 1050 1944 praetoris
1073 1861 1185 1928 urbani
1206 1866 1239 1926 et

65 1982 90 2031 9·
108 1978 274 2062 peregrini
295 1977 411 2044 lactum
434 1983 492 2055 est,
516 1977 609 2058 eique
630 1979 784 2044 adhaesit.
823 1982 852 2044 9.
887 1979 982 2047 Sexto
1004 1981 1072 2047 loeo
1094 1983 1143 2046 ius
1166 1997 1238 2044 eon-

109 2099 192 2164 dnnt
214 2098 395 2180 prudentes.
440 2098 612 2179 prudentes
635 2103 741 2163 autem
765 2117 818 2164 eos
841 2117 935 2176 uoco,
957 2100 1071 2182 quibus
1093 2100 1144 2164 ius
1167 2117 1238 2164 eon-

110 2219 188 2284 dere
211 2221 269 2282 aut
289 2217 424 2298 populus
445 2223 503 2281 eut
523 2223 653 2282 senatus
675 2224 731 2282 aut
752 2217 899 2301 princeps
920 2221 1117 2287 concesserit.
1155 2221 1237 2301 qnod
1259 2236 1290 2286 ιι

106 2343 217 2402 antem
240 2336 283 2401 ab
305 2335 349 2400 eis
376 2337 425 2400 ius
454 2337 658 2401 constituitur
684 2335 826 2417 generali
854 2339 1062 2421 appellatione
1095 2357 1237 2420 nrespon·

106 2473 181 2521 sum
196 2454 418 2537 prudentium«
442 2461 588 2521 uocatum
613 2460 671 2534 est,
694 2473 764 2522 cnm
786 2475 846 2538 per
866 2457 1041 2524 consultum
1065 2465 1098 2523 et
1112 2477 1241 2541 respon-

106 2591 182 2638 sum
203 2573 275 2638 inre
296 2573 476 2639 conderent
510 2590 606 2656 porro
628 2591 814 2656 responsum
829 2575 984 2643 diuiditur
1005 2578 1037 2642 in
1052 2579 1239 2644 seutentiam

103 2697 142 2757 et
167 2693 353 2774 opinionem.
397 2693 528 2774 etquid
550 2703 600 2760 est
621 2693 800 2760 sententia?
828 2695 921 2778 pleno
949 2703 1045 2776 atque
1066 2702 1155 2762 certa
1176 2715 1241 2762 res·

100 2812 235 2894 pondo,
267 2811 380 2879 ueluti:
410 2813 508 2879 lieet
537 2814 576 2879 id
598 2811 749 2892 faeere,
782 2831 858 2878 non
890 2815 989 2881 lieet
1021 2813 1061 2879 id
1093 2813 1293 2882 lacerem

99 2930 216 3014 opinio
239 2950 316 2998 uero
338 2938 387 2997 est
408 2949 562 3015 suspensa
584 2951 621 2999 ae
643 2931 825 3000 dubitanter
846 2932 971 3014 prolata
991 2933 1165 3016 responsio,
1188 2951 1240 2998 ue·

97 3051 184 3116 luti:
206 3056 301 3132 puto
323 3050 363 3115 id
385 3049 483 3118 lieri
504 3069 632 3133 posse,
654 3059 750 3133 puto
771 3050 915 3118 idfieri
930 3069 1004 3118 non
1023 3067 1148 3133 posse.
1171 3069 1241 3132 per·

96 3171 296 3236 mittebatur
318 3176 424 3236 antem
447 3171 492 3237 eis
516 3171 640 3252 publice
662 3173 861 3256 respondere,
884 3173 968 3238 idest
987 3172 1074 3255 leges
1088 3171 1240 3252 iuterpre-

94 3290 190 3368 επις
214 3293 246 3354 et
259 3289 472 3357 inriseonsulti
492 3293 742 3374 appellabantur,
765 3293 848 3360 idest
869 3294 922 3376 qui
946 3293 985 3358 de
1007 3293 1076 3358 iure
1098 3290 1239 3356 eonsule-

92 3411 234 3472 rentur.
275 3409 438 3476 oonsulere
465 3411 547 3476 enim
570 3415 619 3476 est
645 3409 849 3494 interrogare.
900 3429 1035 3494 quorum
1064 3411 1239 3478 sententiae
1256 3425 1290 3478 25

146 4248 272 4301 ‘theoph
283 4250 390 4293 Antecess-
404 4263 446 4293 rec·
460 4249 549 4293 Ferriui.
