2936 4704
550 335 785 402 -151-

107 535 191 600 ouen
212 518 297 586 bonu
317 516 382 586 dds
402 519 562 600 possideo,
583 521 654 586 siue
674 519 757 588 iiber
781 521 827 588 uit
854 519 1074 588 mussitem
1099 537 1224 588 rerum.

108 653 173 702 usn
197 643 231 704 st
258 637 320 721 ipsi
348 655 388 704 ex
409 637 509 704 mdem
530 637 655 704 omnus
682 639 785 706 musis
812 637 903 706 notis
929 636 1117 721 erpuinum,
1142 637 1226 706 sem

108 763 154 820 eet
172 773 216 820 ex
237 774 281 821 re
299 759 443 821 nostre
471 755 535 822 nel
561 773 605 822 ex
631 755 765 838 operis
792 753 891 822 suis.
940 755 1092 840 quidquid
1119 761 1225 824 entem

109 879 188 939 uun
208 872 304 940 husee
330 872 410 939 dnus
433 891 545 939 ouusus
566 873 632 940 sint
652 873 820 956 persecuti,
842 873 869 939 si
885 871 1012 958 quidem
1027 873 1107 952 liber
1120 871 1224 954 nomo,

108 1010 192 1073 quem
213 992 298 1058 bono
318 989 380 1058 fide
401 991 563 1074 possideo,
593 993 626 1058 id
651 993 721 1058 iure
751 991 781 1058 si
809 991 987 1076 quaeritur,
1015 997 1065 1058 set
1092 993 1125 1058 in
1146 989 1224 1060 illud
1258 1003 1277 1055 s

106 1117 223 1192 unpos
246 1115 438 1186 reseruntur,
460 1126 523 1192 quo
544 1114 662 1178 stutum
684 1127 776 1176 suum
798 1109 939 1190 nouerit3
959 1110 1009 1176 sin
1030 1115 1138 1176 sutem
1159 1128 1225 1180 ser·

106 1245 161 1294 uns
179 1226 303 1295 siieuus
324 1228 377 1307 sit,
399 1243 492 1312 quem
514 1245 574 1311 ego
603 1228 687 1296 bonu
707 1226 770 1294 fids
799 1227 993 1308 possidssm,
1021 1245 1099 1296 uem
1118 1229 1150 1295 ei
1170 1228 1224 1298 du

105 1345 183 1412 mino
203 1347 396 1430 adquiritur,
418 1346 504 1430 quod
525 1363 619 1412 seruo
640 1343 771 1412 obuenit
791 1350 882 1412 extru
903 1346 983 1412 dues
1004 1362 1126 1412 causus
1169 1346 1225 1429 qs

104 1463 180 1530 bons
206 1461 272 1530 fide
301 1481 429 1530 sernum
456 1463 593 1530 alienum
620 1463 761 1546 possidet
789 1482 827 1530 eo
857 1479 957 1546 usque
990 1483 1029 1530 ex
1056 1463 1226 1546 pruediotis

103 1581 201 1648 censu
224 1587 349 1647 tuntum
371 1581 637 1666 udquisidonibus
662 1582 780 1647 fruitur
808 1581 906 1646 donee
936 1580 1107 1646 triennium
1133 1599 1223 1665 pree
1245 1593 1277 1646 lu

103 1701 231 1766 tenerit
277 1701 337 1766 hoo
359 1699 441 1766 enim
463 1701 587 1784 elapso,
616 1719 744 1766 seruum
773 1699 877 1780 ipsum
906 1699 1053 1781 usuonpit
1081 1705 1116 1766 et
1141 1718 1225 1783 quus

102 1839 138 1886 er
157 1818 301 1903 quuiibet
322 1837 418 1886 osusu
438 1837 532 1886 senno
552 1819 724 1886 obueniunt
749 1817 779 1885 ei
806 1824 1011 1902 quaeruntur.
1041 1817 1096 1904 qui
1117 1825 1224 1888 sutem

102 1937 233 2004 liberum
254 1936 411 2004 hominem
435 1937 516 2004 bonu
537 1935 599 2002 dds
620 1937 781 2018 possident
801 1954 863 2002 non
879 1937 1033 2020 usuoupit,
1054 1943 1092 2004 ut
1107 1937 1225 2006 dietum

103 2061 158 2121 est.
200 2057 312 2137 etqui
334 2055 567 2122 usumfructum
588 2055 697 2134 nabet,
725 2071 898 2137 usueupere
926 2073 988 2122 non
1016 2063 1134 2136 potest:
1162 2057 1227 2140 pri·

103 2191 184 2240 mum
205 2174 284 2256 quis
303 2191 367 2239 non
388 2174 548 2256 possidet3
570 2173 638 2240 sine
659 2189 737 2238 uero
762 2171 961 2254 possessione
994 2191 1058 2240 non
1084 2175 1228 2259 procedit
1246 2188 1278 2240 no

105 2292 273 2376 usuoupio:
306 2299 385 2358 tuno
406 2292 488 2356 enim
515 2289 586 2374 quis
616 2288 809 2372 intellegitur
836 2289 997 2372 possidere
1022 2309 1092 2358 oum
1122 2291 1227 2360 animo

106 2411 289 2478 dommuntis
322 2430 391 2478 rem
423 2414 545 2476 tonost:
587 2406 840 2476 usufmotuurius
878 2413 983 2476 sutum
1017 2407 1067 2474 ius
1101 2416 1226 2476 tuntum

106 2531 209 2598 utendi
230 2531 419 2616 fruendique
446 2531 551 2599 nubet.
601 2531 630 2598 si
659 2537 764 2598 tumen
791 2530 863 2615 quis
889 2531 967 2598 iuris
994 2531 1138 2600 notiones
1163 2551 1226 2602 nou

107 2659 228 2718 secutus
249 2656 301 2720 set
322 2651 428 2735 speeie
449 2653 600 2734 deeeptus
622 2650 706 2718 dicut
727 2650 995 2718 usuiruotuurium
1010 2667 1136 2734 quoque
1156 2669 1226 2734 poe

107 2768 220 2849 sidus,
249 2770 315 2838 ulie
347 2771 470 2852 potiore
501 2771 625 2836 rodone
657 2767 807 2852 osuoepio
839 2768 1043 2852 impedietur,
1075 2787 1114 2836 eo
1137 2771 1226 2854 qued
1243 2794 1279 2848 m

107 2907 211 2971 nempe
232 2891 317 2955 mule
338 2888 402 2956 fide
422 2889 676 2957 nmiruotunrius
697 2889 871 2972 possideat,
900 2887 991 2955 nouit
1016 2885 1100 2954 enim
1128 2887 1228 2954 honoi-

107 3023 175 3072 nem
195 3026 264 3074 esse
288 3007 436 3078 nlienum.
480 3027 538 3075 nec
559 3009 661 3075 solum
683 3008 860 3090 proprietas
888 3024 945 3089 per
970 3005 1029 3072 hos
1051 3025 1170 3086 seruos,
1193 3008 1227 3074 in

107 3126 215 3204 quibus
237 3126 468 3194 usumfructum
491 3127 591 3195 nabeo
614 3125 666 3193 uel
686 3142 768 3209 quos
794 3125 876 3193 bonu
902 3121 965 3190 dds
987 3125 1148 3208 possideo,
1175 3123 1229 3192 uel

107 3261 162 3324 por
181 3245 314 3314 liberum
337 3247 503 3322 hominem,
525 3265 619 3333 quem
635 3246 718 3314 boue
731 3243 794 3312 fide
809 3245 963 3326 possideo,
986 3249 1102 3326 putans
1125 3259 1228 3312 meum
1286 3305 1290 3316 ,

109 3379 176 3430 sese
193 3381 331 3444 seruum
353 3370 404 3431 eet
425 3365 521 3432 etium
543 3366 700 3448 possessio
721 3363 813 3432 nobis
826 3363 1017 3448 adquiritur,
1039 3363 1158 3430 seilicet
1179 3379 1228 3428 se·
1244 3380 1279 3434 so

110 3483 237 3548 nundum
259 3501 341 3566 quoe
369 3501 471 3566 nuper
495 3484 715 3567 proposuimus
744 3503 782 3550 ex
811 3481 934 3549 duabus
962 3487 1087 3550 tentum
1114 3481 1228 3560 cousin,

111 3615 310 3668 erremus
331 3601 384 3680 uei
406 3621 451 3668 es
472 3603 608 3686 operis
634 3603 726 3668 suis.
771 3601 909 3669 sienim
938 3617 1005 3667 rem
1033 3600 1167 3667 alienum
1190 3619 1229 3667 ex

110 3713 227 3786 duabus
252 3721 337 3796 hisce
366 3721 470 3788 oensis
495 3721 537 3788 ub
565 3739 602 3788 eo
633 3721 790 3804 occipiunt
816 3721 871 3805 qui
899 3735 961 3786 non
992 3727 1042 3788 est
1071 3720 1226 3798 dominus,

75 3856 96 3906 s.
110 3850 166 3913 per
184 3835 215 3901 id
236 3840 394 3921 temporis,
417 3856 479 3922 quo
501 3857 567 3904 rem
590 3839 742 3915 detinent,
763 3840 912 3922 usuoupio
934 3839 1092 3923 prooedet.
1126 3839 1156 3904 t.
1179 3837 1228 3906 Er
