2864 4736
516 395 754 457 —450—

85 567 254 630 autetiam
283 574 372 631 sexta
399 588 472 650 pars
501 567 624 650 peculii.
670 589 771 648 neque
798 568 885 631 illam
914 567 1039 647 quidem
1068 575 1188 630 sextam

85 698 202 773 partem
235 692 350 774 peculii
385 692 518 755 solidam
551 693 751 773 consequitur
786 700 886 770 actor,
922 693 953 754 in
982 712 1044 771 qua
1079 712 1187 754 seruus

84 815 266 897 negotietur,
291 815 317 879 si
329 816 496 880 tributoria
511 824 639 897 agatur3
664 823 711 880 set
726 817 757 879 id
774 822 903 896 tantum,
928 815 1010 896 quod
1027 836 1047 879 a
1063 816 1187 878 domino

83 940 112 1002 in
136 939 284 1003 mercium
308 939 525 1004 distributione
553 941 692 1004 ablatum
720 949 775 1004 est.
821 939 919 1022 partis
946 940 1041 1020 igitur
1068 947 1188 1022 partem

83 1070 170 1126 actor
198 1065 406 1145 consequitur.
463 1065 602 1144 reliquae
632 1073 736 1128 autem
764 1064 878 1147 peculii
906 1064 1016 1147 partis,
1047 1084 1128 1144 qnae
1157 1064 1188 1126 iu
1225 1075 1240 1124 5

82 1187 218 1270 praediis
243 1195 274 1252 et
296 1188 459 1271 mancipiis
483 1195 539 1266 est,
564 1189 701 1263 eteius,
728 1188 811 1270 quod
834 1208 926 1252 seruo
950 1189 990 1251 ab
1015 1188 1085 1251 aliis
1108 1187 1188 1252 forte

82 1331 119 1374 ex
143 1317 249 1375 mutuo
274 1312 415 1394 debetur,
439 1313 519 1376 ratio
543 1333 604 1376 non
628 1314 768 1376 habetur.
815 1317 938 1395 oportet
965 1312 1061 1394 igitur
1084 1332 1188 1391 quem-

81 1457 174 1517 quam
197 1436 283 1518 prius
307 1436 381 1516 quid
404 1436 466 1500 sibi
488 1437 635 1520 expediat
657 1436 855 1500 considerare
880 1442 911 1499 et
927 1435 1074 1519 deinceps
1093 1436 1188 1498 tribu·

81 1561 193 1624 toriam
216 1561 370 1624 actionem
393 1561 444 1624 uel
461 1561 500 1625 de
516 1561 638 1644 peculio
655 1561 781 1643 eligere.
824 1567 907 1624 certe
924 1561 951 1624 si
968 1561 1036 1640 quis
1053 1561 1187 1642 probare

79 1691 184 1767 potest
200 1704 238 1748 ea
255 1704 334 1764 quae
351 1693 456 1748 mutuo
474 1685 559 1748 dedit
574 1686 606 1749 in
622 1705 686 1748 rem
703 1686 820 1749 domini
831 1706 924 1749 uersa
936 1705 1015 1764 esse,
1034 1686 1188 1748 actionem
1209 1693 1242 1743 lo

79 1809 116 1871 de
143 1809 267 1891 peculio
284 1809 401 1890 eligere
418 1810 520 1889 debet,
546 1817 579 1872 ut
595 1831 633 1872 ex
654 1810 757 1892 capite
782 1809 824 1872 de
849 1828 905 1888 eo,
932 1810 1029 1888 quod
1052 1809 1090 1872 iu
1113 1829 1186 1872 rem

45 1949 228 1998 euersum
252 1941 322 2014 est,
347 1934 562 1998 condemnatio
586 1935 648 1998 liat.
695 1939 723 2000 6.
748 1932 838 2009 Quae
867 1933 1001 1996 diximus
1029 1933 1067 1996 de
1097 1953 1187 1996 seruo

77 2064 108 2120 et
133 2057 273 2140 domino,
301 2058 412 2122 eadem
439 2059 649 2140 intellegimus
673 2067 703 2122 et
727 2058 765 2121 de
789 2057 851 2121 filio
876 2065 906 2121 et
929 2057 994 2121 lilia
1018 2065 1048 2121 et
1074 2064 1186 2140 nepote

43 2186 66 2235 t.
76 2191 107 2244 et
123 2188 220 2264 nepte
236 2189 267 2246 et
283 2182 321 2245 de
338 2188 428 2264 patre
445 2190 475 2246 et
491 2202 562 2262 auo,
579 2183 757 2263 inquorum
775 2188 930 2265 potestate
947 2189 1025 2245 sunt.
1062 2186 1090 2246 7.
1107 2181 1187 2244 Illud

76 2312 183 2369 autem
202 2306 328 2388 proprie
344 2312 489 2370 seruatur
504 2307 535 2369 in
551 2306 720 2370 liberorum
744 2326 888 2390 persona,
914 2305 966 2386 qui
984 2306 1016 2369 in
1032 2310 1186 2388 potestate
1208 2317 1239 2364 ts

76 2436 164 2510 sunt,
200 2429 283 2510 qnod
312 2431 616 2494 senatusconsultum
649 2430 957 2494 Macedonianum
993 2428 1186 2511 exceptionis

74 2554 170 2617 modo
196 2553 235 2617 iis
259 2555 434 2637 opponitur,
458 2554 511 2634 qui
534 2561 671 2617 mutuum
694 2553 893 2618 filiofamilias
918 2553 1067 2616 dederint.
1113 2553 1186 2632 quid

74 2687 185 2742 autem
216 2679 274 2742 hoc
304 2679 365 2742 sibi
392 2679 469 2742 uelit
498 2679 601 2742 dicere
635 2685 763 2761 oportet.
820 2677 878 2740 fuit
908 2678 1026 2741 Romae
1060 2677 1186 2757 quidam

74 2802 204 2866 nomine
219 2801 360 2882 Macedo,
386 2801 438 2882 qui
454 2822 524 2866 oum
536 2803 568 2866 in
580 2803 629 2866 sui
641 2803 739 2885 patris
756 2807 910 2884 potestate
931 2808 1023 2882 esset,
1048 2808 1186 2864 mutuam

72 2926 245 3009 pecuniam
269 2926 447 3006 aquodam
472 2927 594 3009 accepit
617 2947 746 3009 sperans
771 2926 909 3008 parentis
933 2926 980 2988 sni
1003 2932 1102 2989 morte
1131 2945 1186 2987 aes
1205 2933 1240 2984 20

72 3050 214 3114 alienum
229 3050 352 3114 soluere
368 3070 469 3133 posse.
493 3051 587 3132 longo
600 3057 739 3132 tempore
752 3051 871 3132 elapso,
886 3050 1040 3131 urguebat
1052 3048 1186 3112 creditor

71 3175 246 3256 pecuniam
268 3183 421 3258 repetens.
468 3175 599 3238 Macedo
623 3194 685 3238 non
708 3175 828 3238 habens
853 3173 933 3236 unde
957 3173 1055 3253 daret,
1080 3179 1185 3254 utpote

70 3300 127 3380 qui
145 3299 367 3364 filiusfamilias
384 3305 476 3378 esset,
500 3305 621 3383 patrem
644 3319 732 3362 suum
756 3299 876 3362 oceidit.
913 3317 964 3362 res
989 3297 1026 3360 ad
1045 3305 1184 3359 senatum

69 3424 180 3488 relata
208 3431 265 3487 est.
322 3430 353 3487 et
380 3413 433 3486 ille
461 3423 584 3504 quidem
611 3422 770 3506 parricidii
799 3442 916 3504 poenas
947 3421 1016 3502 luit,
1046 3426 1181 3483 senatus·

69 3547 255 3612 consultum
279 3555 382 3610 autem
405 3548 717 3612 Macedonianum
745 3548 860 3608 laetum
884 3552 945 3624 est,
974 3563 1035 3625 quo
1060 3551 1184 3607 cautum
1204 3552 1237 3602 25

68 3680 130 3752 est,
172 3678 207 3734 ut
234 3691 334 3752 nemo,
362 3672 415 3751 qui
439 3671 640 3735 filiofamilias
668 3670 849 3744 crediderit,
877 3675 1014 3732 mutuum
1042 3674 1184 3750 repetere

67 3797 191 3879 possit3
216 3803 251 3860 ut
274 3797 318 3860 ita
342 3796 472 3876 quisque
490 3795 590 3859 sciens
607 3815 676 3858 sese
693 3801 831 3857 mutuum
846 3802 988 3877 repetere
1005 3812 1066 3856 non
1083 3811 1184 3874 posse,
