<?xml version="1.0" encoding="UTF-8"?>
<!DOCTYPE html PUBLIC "-//W3C//DTD XHTML 1.0 Transitional//EN"
    "http://www.w3.org/TR/xhtml1/DTD/xhtml1-transitional.dtd">
<html xmlns="http://www.w3.org/1999/xhtml" xml:lang="en" lang="en">
 <head>
  <title>
</title>
<meta http-equiv="Content-Type" content="text/html;charset=utf-8" />
  <meta name='ocr-system' content='tesseract 3.04.00' />
  <meta name='ocr-capabilities' content='ocr_page ocr_carea ocr_par ocr_line ocrx_word'/>
</head>
<body>
  <div class='ocr_page' id='page_1' title='image "./institutionumgr02linggoog_0456.png"; bbox 0 0 2926 4708; ppageno 0'>
   <div class='ocr_carea' id='block_1_1' title="bbox 544 374 776 437">
    <p class='ocr_par' dir='ltr' id='par_1_1' title="bbox 544 374 776 437">
     <span class='ocr_line' id='line_1_1' title="bbox 544 374 776 437; baseline 0.004 -1"><span class='ocrx_word' id='word_1_1' title='bbox 544 374 776 437; x_wconf 75' lang='lat'>-211-</span> 
     </span>
    </p>
   </div>
   <div class='ocr_carea' id='block_1_2' title="bbox 68 558 1281 3502">
    <p class='ocr_par' dir='ltr' id='par_1_2' title="bbox 68 558 1281 3502">
     <span class='ocr_line' id='line_1_2' title="bbox 102 558 1226 650; baseline 0.001 -27"><span class='ocrx_word' id='word_1_2' title='bbox 102 560 222 624; x_wconf 87' lang='lat' dir='ltr'>luntate</span> <span class='ocrx_word' id='word_1_3' title='bbox 244 565 300 626; x_wconf 87' lang='lat' dir='ltr'>aut</span> <span class='ocrx_word' id='word_1_4' title='bbox 321 577 397 626; x_wconf 88' lang='lat' dir='ltr'>casn</span> <span class='ocrx_word' id='word_1_5' title='bbox 416 561 594 644; x_wconf 87' lang='lat' dir='ltr'>(uoluntate</span> <span class='ocrx_word' id='word_1_6' title='bbox 616 560 741 644; x_wconf 82' lang='lat' dir='ltr'>quidem</span> <span class='ocrx_word' id='word_1_7' title='bbox 764 562 791 625; x_wconf 92' lang='lat' dir='ltr'>si</span> <span class='ocrx_word' id='word_1_8' title='bbox 813 561 951 642; x_wconf 80' lang='lat' dir='ltr'>legatum</span> <span class='ocrx_word' id='word_1_9' title='bbox 974 561 1140 643; x_wconf 87' lang='lat' dir='ltr'>spreuerit,</span> <span class='ocrx_word' id='word_1_10' title='bbox 1163 558 1226 650; x_wconf 88' lang='lat' dir='ltr'>inr-</span> 
     </span>
     <span class='ocr_line' id='line_1_3' title="bbox 103 677 1226 759; baseline -0.001 -16"><span class='ocrx_word' id='word_1_11' title='bbox 103 679 184 743; x_wconf 89' lang='lat' dir='ltr'>mitu</span> <span class='ocrx_word' id='word_1_12' title='bbox 206 685 312 744; x_wconf 89' lang='lat' dir='ltr'>antem</span> <span class='ocrx_word' id='word_1_13' title='bbox 342 679 370 744; x_wconf 92' lang='lat' dir='ltr'>si</span> <span class='ocrx_word' id='word_1_14' title='bbox 399 677 475 745; x_wconf 93' lang='lat' dir='ltr'>uiuo</span> <span class='ocrx_word' id='word_1_15' title='bbox 504 685 658 746; x_wconf 74' lang='lat' dir='ltr'>testatore</span> <span class='ocrx_word' id='word_1_16' title='bbox 685 679 871 753; x_wconf 79' lang='lat' dir='ltr'>decesserit,</span> <span class='ocrx_word' id='word_1_17' title='bbox 904 685 960 744; x_wconf 86' lang='lat' dir='ltr'>ant</span> <span class='ocrx_word' id='word_1_18' title='bbox 992 679 1055 746; x_wconf 93' lang='lat' dir='ltr'>alio</span> <span class='ocrx_word' id='word_1_19' title='bbox 1087 678 1226 759; x_wconf 88' lang='lat' dir='ltr'>quolibet</span> 
     </span>
     <span class='ocr_line' id='line_1_4' title="bbox 102 797 1226 882; baseline 0 -20"><span class='ocrx_word' id='word_1_20' title='bbox 102 799 193 863; x_wconf 91' lang='lat' dir='ltr'>modo</span> <span class='ocrx_word' id='word_1_21' title='bbox 216 797 375 876; x_wconf 90' lang='lat' dir='ltr'>defecerit,</span> <span class='ocrx_word' id='word_1_22' title='bbox 397 801 497 865; x_wconf 90' lang='lat' dir='ltr'>ueluti</span> <span class='ocrx_word' id='word_1_23' title='bbox 520 800 546 864; x_wconf 93' lang='lat' dir='ltr'>si</span> <span class='ocrx_word' id='word_1_24' title='bbox 569 801 730 866; x_wconf 82' lang='lat' dir='ltr'>ciuitatem</span> <span class='ocrx_word' id='word_1_25' title='bbox 757 799 927 882; x_wconf 88' lang='lat' dir='ltr'>amiserit),</span> <span class='ocrx_word' id='word_1_26' title='bbox 956 804 1032 866; x_wconf 91' lang='lat' dir='ltr'>tunc</span> <span class='ocrx_word' id='word_1_27' title='bbox 1060 804 1161 863; x_wconf 90' lang='lat' dir='ltr'>totum</span> <span class='ocrx_word' id='word_1_28' title='bbox 1183 797 1226 862; x_wconf 90' lang='lat' dir='ltr'>le·</span> 
     </span>
     <span class='ocr_line' id='line_1_5' title="bbox 102 918 1226 1000; baseline 0.001 -19"><span class='ocrx_word' id='word_1_29' title='bbox 102 923 208 998; x_wconf 83' lang='lat' dir='ltr'>gatnm</span> <span class='ocrx_word' id='word_1_30' title='bbox 231 919 271 982; x_wconf 90' lang='lat' dir='ltr'>ad</span> <span class='ocrx_word' id='word_1_31' title='bbox 293 919 539 998; x_wconf 86' lang='lat' dir='ltr'>conlegatarinm</span> <span class='ocrx_word' id='word_1_32' title='bbox 561 919 707 1000; x_wconf 90' lang='lat' dir='ltr'>pertinet.</span> <span class='ocrx_word' id='word_1_33' title='bbox 741 927 774 985; x_wconf 92' lang='lat' dir='ltr'>et</span> <span class='ocrx_word' id='word_1_34' title='bbox 800 919 990 984; x_wconf 89' lang='lat' dir='ltr'>coniunctim</span> <span class='ocrx_word' id='word_1_35' title='bbox 1014 918 1151 999; x_wconf 85' lang='lat' dir='ltr'>legatur,</span> <span class='ocrx_word' id='word_1_36' title='bbox 1173 935 1226 982; x_wconf 89' lang='lat' dir='ltr'>ne·</span> 
     </span>
     <span class='ocr_line' id='line_1_6' title="bbox 103 1035 1278 1105; baseline -0.003 -6"><span class='ocrx_word' id='word_1_37' title='bbox 103 1036 155 1101; x_wconf 84' lang='lat' dir='ltr'>luti</span> <span class='ocrx_word' id='word_1_38' title='bbox 182 1035 278 1102; x_wconf 85' lang='lat' dir='ltr'>siite</span> <span class='ocrx_word' id='word_1_39' title='bbox 299 1037 416 1102; x_wconf 88' lang='lat' dir='ltr'>dicam:</span> <span class='ocrx_word' id='word_1_40' title='bbox 443 1035 548 1104; x_wconf 89' lang='lat' dir='ltr'>Titio</span> <span class='ocrx_word' id='word_1_41' title='bbox 575 1043 616 1103; x_wconf 92' lang='lat' dir='ltr'>et</span> <span class='ocrx_word' id='word_1_42' title='bbox 637 1035 723 1104; x_wconf 90' lang='lat' dir='ltr'>Seio</span> <span class='ocrx_word' id='word_1_43' title='bbox 750 1037 930 1105; x_wconf 85' lang='lat' dir='ltr'>Stichum</span> <span class='ocrx_word' id='word_1_44' title='bbox 957 1038 1151 1103; x_wconf 89' lang='lat' dir='ltr'>hominem</span> <span class='ocrx_word' id='word_1_45' title='bbox 1179 1036 1225 1102; x_wconf 94' lang='lat' dir='ltr'>do</span> <span class='ocrx_word' id='word_1_46' title='bbox 1261 1043 1278 1095; x_wconf 83' lang='lat' dir='ltr'>o</span> 
     </span>
     <span class='ocr_line' id='line_1_7' title="bbox 103 1153 1226 1236; baseline -0.001 -17"><span class='ocrx_word' id='word_1_47' title='bbox 103 1157 204 1236; x_wconf 81' lang='lat' dir='ltr'>lego:</span> <span class='ocrx_word' id='word_1_48' title='bbox 229 1156 409 1222; x_wconf 91' lang='lat' dir='ltr'>disiunctim</span> <span class='ocrx_word' id='word_1_49' title='bbox 431 1159 490 1223; x_wconf 88' lang='lat' dir='ltr'>ita:</span> <span class='ocrx_word' id='word_1_50' title='bbox 514 1155 618 1223; x_wconf 86' lang='lat' dir='ltr'>Titio</span> <span class='ocrx_word' id='word_1_51' title='bbox 641 1157 821 1224; x_wconf 85' lang='lat' dir='ltr'>Stichum</span> <span class='ocrx_word' id='word_1_52' title='bbox 844 1157 1037 1222; x_wconf 87' lang='lat' dir='ltr'>hominem</span> <span class='ocrx_word' id='word_1_53' title='bbox 1060 1156 1108 1221; x_wconf 93' lang='lat' dir='ltr'>dn</span> <span class='ocrx_word' id='word_1_54' title='bbox 1129 1153 1226 1236; x_wconf 79' lang='lat' dir='ltr'>lego,</span> 
     </span>
     <span class='ocr_line' id='line_1_8' title="bbox 105 1271 1227 1357; baseline -0.003 -17"><span class='ocrx_word' id='word_1_55' title='bbox 105 1273 188 1340; x_wconf 89' lang='lat' dir='ltr'>Seio</span> <span class='ocrx_word' id='word_1_56' title='bbox 212 1273 391 1342; x_wconf 78' lang='lat' dir='ltr'>Stichum</span> <span class='ocrx_word' id='word_1_57' title='bbox 414 1275 607 1342; x_wconf 83' lang='lat' dir='ltr'>hominem</span> <span class='ocrx_word' id='word_1_58' title='bbox 630 1275 678 1343; x_wconf 93' lang='lat' dir='ltr'>dn</span> <span class='ocrx_word' id='word_1_59' title='bbox 699 1275 797 1357; x_wconf 80' lang='lat' dir='ltr'>lego.</span> <span class='ocrx_word' id='word_1_60' title='bbox 842 1280 875 1341; x_wconf 89' lang='lat' dir='ltr'>et</span> <span class='ocrx_word' id='word_1_61' title='bbox 896 1275 924 1340; x_wconf 90' lang='lat' dir='ltr'>si</span> <span class='ocrx_word' id='word_1_62' title='bbox 947 1273 1112 1339; x_wconf 87' lang='lat' dir='ltr'>addidero:</span> <span class='ocrx_word' id='word_1_63' title='bbox 1142 1271 1227 1338; x_wconf 89' lang='lat' dir='ltr'>Seio</span> 
     </span>
     <span class='ocr_line' id='line_1_9' title="bbox 104 1391 1227 1478; baseline -0.003 -20"><span class='ocrx_word' id='word_1_64' title='bbox 104 1396 269 1461; x_wconf 88' lang='lat' dir='ltr'>eundem</span> <span class='ocrx_word' id='word_1_65' title='bbox 302 1395 494 1462; x_wconf 91' lang='lat' dir='ltr'>hominem</span> <span class='ocrx_word' id='word_1_66' title='bbox 527 1398 648 1478; x_wconf 86' lang='lat' dir='ltr'>puriter</span> <span class='ocrx_word' id='word_1_67' title='bbox 680 1395 859 1463; x_wconf 90' lang='lat' dir='ltr'>disiunctim</span> <span class='ocrx_word' id='word_1_68' title='bbox 891 1395 1030 1476; x_wconf 80' lang='lat' dir='ltr'>legatum</span> <span class='ocrx_word' id='word_1_69' title='bbox 1067 1397 1130 1471; x_wconf 90' lang='lat' dir='ltr'>est;</span> <span class='ocrx_word' id='word_1_70' title='bbox 1162 1391 1227 1456; x_wconf 81' lang='lat' dir='ltr'>dixi</span> 
     </span>
     <span class='ocr_line' id='line_1_10' title="bbox 105 1510 1228 1597; baseline -0.004 -19"><span class='ocrx_word' id='word_1_71' title='bbox 105 1514 182 1579; x_wconf 90' lang='lat' dir='ltr'>enim</span> <span class='ocrx_word' id='word_1_72' title='bbox 205 1515 313 1581; x_wconf 85' lang='lat' dir='ltr'>Titio</span> <span class='ocrx_word' id='word_1_73' title='bbox 336 1515 511 1582; x_wconf 88' lang='lat' dir='ltr'>Stichum</span> <span class='ocrx_word' id='word_1_74' title='bbox 534 1517 723 1582; x_wconf 90' lang='lat' dir='ltr'>hominem</span> <span class='ocrx_word' id='word_1_75' title='bbox 745 1512 845 1597; x_wconf 82' lang='lat' dir='ltr'>lego,</span> <span class='ocrx_word' id='word_1_76' title='bbox 868 1511 961 1579; x_wconf 91' lang='lat' dir='ltr'>Seio</span> <span class='ocrx_word' id='word_1_77' title='bbox 984 1511 1145 1576; x_wconf 87' lang='lat' dir='ltr'>eundem</span> <span class='ocrx_word' id='word_1_78' title='bbox 1167 1510 1228 1574; x_wconf 89' lang='lat' dir='ltr'>ho-</span> 
     </span>
     <span class='ocr_line' id='line_1_11' title="bbox 106 1628 1279 1718; baseline -0.008 -21"><span class='ocrx_word' id='word_1_79' title='bbox 106 1634 237 1700; x_wconf 90' lang='lat' dir='ltr'>minem</span> <span class='ocrx_word' id='word_1_80' title='bbox 259 1634 358 1716; x_wconf 81' lang='lat' dir='ltr'>lego.</span> <span class='ocrx_word' id='word_1_81' title='bbox 403 1636 510 1718; x_wconf 85' lang='lat' dir='ltr'>itaque</span> <span class='ocrx_word' id='word_1_82' title='bbox 532 1634 712 1701; x_wconf 83' lang='lat' dir='ltr'>coniunctio</span> <span class='ocrx_word' id='word_1_83' title='bbox 738 1641 825 1699; x_wconf 76' lang='lat' dir='ltr'>»et«</span> <span class='ocrx_word' id='word_1_84' title='bbox 855 1633 881 1697; x_wconf 90' lang='lat' dir='ltr'>si</span> <span class='ocrx_word' id='word_1_85' title='bbox 909 1632 1006 1710; x_wconf 86' lang='lat' dir='ltr'>adsit,</span> <span class='ocrx_word' id='word_1_86' title='bbox 1036 1628 1226 1696; x_wconf 90' lang='lat' dir='ltr'>coniunctim</span> <span class='ocrx_word' id='word_1_87' title='bbox 1248 1637 1279 1689; x_wconf 92' lang='lat'>10</span> 
     </span>
     <span class='ocr_line' id='line_1_12' title="bbox 68 1751 1226 1834; baseline -0.002 -18"><span class='ocrx_word' id='word_1_88' title='bbox 68 1779 89 1829; x_wconf 71' lang='lat'>9,</span> <span class='ocrx_word' id='word_1_89' title='bbox 104 1753 240 1834; x_wconf 63' lang='lat' dir='ltr'>legatum</span> <span class='ocrx_word' id='word_1_90' title='bbox 274 1754 322 1818; x_wconf 95' lang='lat' dir='ltr'>sin</span> <span class='ocrx_word' id='word_1_91' title='bbox 351 1759 456 1820; x_wconf 89' lang='lat' dir='ltr'>antem</span> <span class='ocrx_word' id='word_1_92' title='bbox 486 1753 584 1831; x_wconf 88' lang='lat' dir='ltr'>desit,</span> <span class='ocrx_word' id='word_1_93' title='bbox 618 1752 807 1820; x_wconf 89' lang='lat' dir='ltr'>disiunctim.</span> <span class='ocrx_word' id='word_1_94' title='bbox 857 1752 887 1815; x_wconf 85' lang='lat'>9.</span> <span class='ocrx_word' id='word_1_95' title='bbox 922 1751 997 1816; x_wconf 90' lang='lat' dir='ltr'>Titii</span> <span class='ocrx_word' id='word_1_96' title='bbox 1024 1768 1136 1832; x_wconf 82' lang='lat' dir='ltr'>agrum</span> <span class='ocrx_word' id='word_1_97' title='bbox 1163 1766 1226 1814; x_wconf 94' lang='lat' dir='ltr'>mo-</span> 
     </span>
     <span class='ocr_line' id='line_1_13' title="bbox 106 1867 1228 1954; baseline -0.003 -18"><span class='ocrx_word' id='word_1_98' title='bbox 106 1870 187 1936; x_wconf 86' lang='lat' dir='ltr'>riens</span> <span class='ocrx_word' id='word_1_99' title='bbox 210 1871 288 1937; x_wconf 90' lang='lat' dir='ltr'>mihi</span> <span class='ocrx_word' id='word_1_100' title='bbox 314 1872 437 1954; x_wconf 81' lang='lat' dir='ltr'>legasti.</span> <span class='ocrx_word' id='word_1_101' title='bbox 489 1878 522 1937; x_wconf 90' lang='lat' dir='ltr'>te</span> <span class='ocrx_word' id='word_1_102' title='bbox 549 1872 652 1937; x_wconf 90' lang='lat' dir='ltr'>adhuc</span> <span class='ocrx_word' id='word_1_103' title='bbox 681 1873 770 1948; x_wconf 91' lang='lat' dir='ltr'>uiuo,</span> <span class='ocrx_word' id='word_1_104' title='bbox 799 1870 933 1937; x_wconf 90' lang='lat' dir='ltr'>eundem</span> <span class='ocrx_word' id='word_1_105' title='bbox 962 1887 1073 1950; x_wconf 82' lang='lat' dir='ltr'>agrum</span> <span class='ocrx_word' id='word_1_106' title='bbox 1103 1867 1228 1933; x_wconf 88' lang='lat' dir='ltr'>aTitio</span> 
     </span>
     <span class='ocr_line' id='line_1_14' title="bbox 107 1989 1226 2072; baseline -0.003 -18"><span class='ocrx_word' id='word_1_107' title='bbox 107 1990 172 2070; x_wconf 87' lang='lat' dir='ltr'>emi,</span> <span class='ocrx_word' id='word_1_108' title='bbox 182 1992 325 2057; x_wconf 88' lang='lat' dir='ltr'>detracto</span> <span class='ocrx_word' id='word_1_109' title='bbox 340 1992 514 2067; x_wconf 87' lang='lat' dir='ltr'>usufructu,</span> <span class='ocrx_word' id='word_1_110' title='bbox 527 1991 610 2056; x_wconf 89' lang='lat' dir='ltr'>idest</span> <span class='ocrx_word' id='word_1_111' title='bbox 624 1991 739 2057; x_wconf 87' lang='lat' dir='ltr'>nudam</span> <span class='ocrx_word' id='word_1_112' title='bbox 755 1990 897 2072; x_wconf 86' lang='lat' dir='ltr'>quaesiui</span> <span class='ocrx_word' id='word_1_113' title='bbox 912 1989 1144 2070; x_wconf 76' lang='lat' dir='ltr'>proprietatem,</span> <span class='ocrx_word' id='word_1_114' title='bbox 1156 2005 1226 2052; x_wconf 93' lang='lat' dir='ltr'>cum</span> 
     </span>
     <span class='ocr_line' id='line_1_15' title="bbox 107 2107 1229 2193; baseline -0.004 -20"><span class='ocrx_word' id='word_1_115' title='bbox 107 2110 302 2176; x_wconf 81' lang='lat' dir='ltr'>ususfructus</span> <span class='ocrx_word' id='word_1_116' title='bbox 325 2113 408 2193; x_wconf 88' lang='lat' dir='ltr'>apud</span> <span class='ocrx_word' id='word_1_117' title='bbox 430 2109 546 2176; x_wconf 88' lang='lat' dir='ltr'>Titium</span> <span class='ocrx_word' id='word_1_118' title='bbox 570 2115 720 2176; x_wconf 86' lang='lat' dir='ltr'>muneret.</span> <span class='ocrx_word' id='word_1_119' title='bbox 764 2107 870 2189; x_wconf 89' lang='lat' dir='ltr'>paullo</span> <span class='ocrx_word' id='word_1_120' title='bbox 897 2114 984 2190; x_wconf 89' lang='lat' dir='ltr'>post,</span> <span class='ocrx_word' id='word_1_121' title='bbox 1014 2112 1157 2172; x_wconf 88' lang='lat' dir='ltr'>mortuus</span> <span class='ocrx_word' id='word_1_122' title='bbox 1180 2110 1229 2170; x_wconf 91' lang='lat' dir='ltr'>est</span> 
     </span>
     <span class='ocr_line' id='line_1_16' title="bbox 108 2226 1279 2312; baseline -0.005 -20"><span class='ocrx_word' id='word_1_123' title='bbox 108 2227 204 2294; x_wconf 83' lang='lat' dir='ltr'>Titius</span> <span class='ocrx_word' id='word_1_124' title='bbox 227 2229 358 2312; x_wconf 90' lang='lat' dir='ltr'>eiusque</span> <span class='ocrx_word' id='word_1_125' title='bbox 381 2231 470 2296; x_wconf 91' lang='lat' dir='ltr'>obitu</span> <span class='ocrx_word' id='word_1_126' title='bbox 492 2232 649 2296; x_wconf 90' lang='lat' dir='ltr'>extinctus</span> <span class='ocrx_word' id='word_1_127' title='bbox 671 2227 871 2294; x_wconf 80' lang='lat' dir='ltr'>ususfructus</span> <span class='ocrx_word' id='word_1_128' title='bbox 893 2244 984 2307; x_wconf 87' lang='lat' dir='ltr'>quem</span> <span class='ocrx_word' id='word_1_129' title='bbox 1010 2227 1078 2306; x_wconf 92' lang='lat' dir='ltr'>ipse</span> <span class='ocrx_word' id='word_1_130' title='bbox 1093 2226 1227 2290; x_wconf 89' lang='lat' dir='ltr'>retinue·</span> <span class='ocrx_word' id='word_1_131' title='bbox 1249 2237 1279 2287; x_wconf 85' lang='lat' dir='ltr'>ro</span> 
     </span>
     <span class='ocr_line' id='line_1_17' title="bbox 109 2348 1226 2426; baseline -0.004 -14"><span class='ocrx_word' id='word_1_132' title='bbox 109 2355 165 2426; x_wconf 90' lang='lat' dir='ltr'>rat,</span> <span class='ocrx_word' id='word_1_133' title='bbox 187 2350 227 2414; x_wconf 87' lang='lat' dir='ltr'>ad</span> <span class='ocrx_word' id='word_1_134' title='bbox 250 2349 421 2415; x_wconf 91' lang='lat' dir='ltr'>dominium</span> <span class='ocrx_word' id='word_1_135' title='bbox 444 2355 493 2416; x_wconf 91' lang='lat' dir='ltr'>est</span> <span class='ocrx_word' id='word_1_136' title='bbox 509 2361 670 2415; x_wconf 81' lang='lat' dir='ltr'>reuersus.</span> <span class='ocrx_word' id='word_1_137' title='bbox 717 2367 788 2415; x_wconf 92' lang='lat' dir='ltr'>cnm</span> <span class='ocrx_word' id='word_1_138' title='bbox 810 2355 846 2414; x_wconf 89' lang='lat' dir='ltr'>tn</span> <span class='ocrx_word' id='word_1_139' title='bbox 868 2348 1050 2424; x_wconf 87' lang='lat' dir='ltr'>decesseris,</span> <span class='ocrx_word' id='word_1_140' title='bbox 1074 2365 1111 2410; x_wconf 90' lang='lat' dir='ltr'>ex</span> <span class='ocrx_word' id='word_1_141' title='bbox 1133 2350 1226 2410; x_wconf 87' lang='lat' dir='ltr'>testa-</span> 
     </span>
     <span class='ocr_line' id='line_1_18' title="bbox 108 2465 1229 2549; baseline -0.004 -17"><span class='ocrx_word' id='word_1_142' title='bbox 108 2473 208 2533; x_wconf 90' lang='lat' dir='ltr'>mento</span> <span class='ocrx_word' id='word_1_143' title='bbox 230 2487 301 2535; x_wconf 92' lang='lat' dir='ltr'>cnm</span> <span class='ocrx_word' id='word_1_144' title='bbox 322 2467 439 2534; x_wconf 86' lang='lat' dir='ltr'>herede</span> <span class='ocrx_word' id='word_1_145' title='bbox 460 2474 516 2533; x_wconf 92' lang='lat' dir='ltr'>tuo</span> <span class='ocrx_word' id='word_1_146' title='bbox 537 2487 631 2549; x_wconf 84' lang='lat' dir='ltr'>agere</span> <span class='ocrx_word' id='word_1_147' title='bbox 654 2469 736 2535; x_wconf 92' lang='lat' dir='ltr'>uolo.</span> <span class='ocrx_word' id='word_1_148' title='bbox 758 2466 872 2532; x_wconf 91' lang='lat' dir='ltr'>Iuliani</span> <span class='ocrx_word' id='word_1_149' title='bbox 895 2465 1052 2532; x_wconf 85' lang='lat' dir='ltr'>sententie</span> <span class='ocrx_word' id='word_1_150' title='bbox 1073 2471 1123 2530; x_wconf 90' lang='lat' dir='ltr'>est</span> <span class='ocrx_word' id='word_1_151' title='bbox 1143 2469 1229 2529; x_wconf 90' lang='lat' dir='ltr'>recte</span> 
     </span>
     <span class='ocr_line' id='line_1_19' title="bbox 111 2583 1228 2669; baseline -0.002 -19"><span class='ocrx_word' id='word_1_152' title='bbox 111 2604 158 2652; x_wconf 90' lang='lat' dir='ltr'>me</span> <span class='ocrx_word' id='word_1_153' title='bbox 183 2593 291 2668; x_wconf 89' lang='lat' dir='ltr'>petere</span> <span class='ocrx_word' id='word_1_154' title='bbox 316 2605 374 2668; x_wconf 89' lang='lat' dir='ltr'>per</span> <span class='ocrx_word' id='word_1_155' title='bbox 402 2589 433 2653; x_wconf 92' lang='lat' dir='ltr'>in</span> <span class='ocrx_word' id='word_1_156' title='bbox 468 2605 632 2669; x_wconf 82' lang='lat' dir='ltr'>personam</span> <span class='ocrx_word' id='word_1_157' title='bbox 662 2588 816 2653; x_wconf 75' lang='lat' dir='ltr'>uodonem</span> <span class='ocrx_word' id='word_1_158' title='bbox 846 2586 1096 2652; x_wconf 89' lang='lat' dir='ltr'>aestimationem</span> <span class='ocrx_word' id='word_1_159' title='bbox 1125 2583 1228 2650; x_wconf 90' lang='lat' dir='ltr'>nudae</span> 
     </span>
     <span class='ocr_line' id='line_1_20' title="bbox 110 2703 1229 2786; baseline -0.002 -15"><span class='ocrx_word' id='word_1_160' title='bbox 110 2706 308 2786; x_wconf 88' lang='lat' dir='ltr'>proprietatis</span> <span class='ocrx_word' id='word_1_161' title='bbox 346 2707 445 2772; x_wconf 91' lang='lat' dir='ltr'>fundi.</span> <span class='ocrx_word' id='word_1_162' title='bbox 513 2724 584 2772; x_wconf 87' lang='lat' dir='ltr'>nam</span> <span class='ocrx_word' id='word_1_163' title='bbox 626 2707 825 2772; x_wconf 85' lang='lat' dir='ltr'>ususfructus</span> <span class='ocrx_word' id='word_1_164' title='bbox 863 2705 914 2770; x_wconf 93' lang='lat' dir='ltr'>hic</span> <span class='ocrx_word' id='word_1_165' title='bbox 953 2705 1054 2771; x_wconf 90' lang='lat' dir='ltr'>locum</span> <span class='ocrx_word' id='word_1_166' title='bbox 1094 2703 1229 2770; x_wconf 89' lang='lat' dir='ltr'>seruitu-</span> 
     </span>
     <span class='ocr_line' id='line_1_21' title="bbox 110 2824 1281 2906; baseline 0 -18"><span class='ocrx_word' id='word_1_167' title='bbox 110 2825 150 2890; x_wconf 89' lang='lat' dir='ltr'>tis</span> <span class='ocrx_word' id='word_1_168' title='bbox 182 2825 319 2906; x_wconf 89' lang='lat' dir='ltr'>optinet,</span> <span class='ocrx_word' id='word_1_169' title='bbox 351 2825 489 2894; x_wconf 85' lang='lat' dir='ltr'>officium</span> <span class='ocrx_word' id='word_1_170' title='bbox 518 2833 623 2891; x_wconf 89' lang='lat' dir='ltr'>antem</span> <span class='ocrx_word' id='word_1_171' title='bbox 647 2831 697 2891; x_wconf 91' lang='lat' dir='ltr'>est</span> <span class='ocrx_word' id='word_1_172' title='bbox 723 2824 836 2892; x_wconf 90' lang='lat' dir='ltr'>iudicis</span> <span class='ocrx_word' id='word_1_173' title='bbox 858 2825 984 2898; x_wconf 90' lang='lat' dir='ltr'>iubere,</span> <span class='ocrx_word' id='word_1_174' title='bbox 1012 2829 1063 2901; x_wconf 89' lang='lat' dir='ltr'>ut,</span> <span class='ocrx_word' id='word_1_175' title='bbox 1093 2824 1227 2889; x_wconf 91' lang='lat' dir='ltr'>deducto</span> <span class='ocrx_word' id='word_1_176' title='bbox 1246 2849 1281 2900; x_wconf 68' lang='lat'>20</span> 
     </span>
     <span class='ocr_line' id='line_1_22' title="bbox 110 2942 1228 3026; baseline 0 -19"><span class='ocrx_word' id='word_1_177' title='bbox 110 2943 280 3024; x_wconf 87' lang='lat' dir='ltr'>usufructu,</span> <span class='ocrx_word' id='word_1_178' title='bbox 303 2945 394 3010; x_wconf 88' lang='lat' dir='ltr'>heres</span> <span class='ocrx_word' id='word_1_179' title='bbox 415 2944 490 3009; x_wconf 91' lang='lat' dir='ltr'>mihi</span> <span class='ocrx_word' id='word_1_180' title='bbox 512 2943 761 3010; x_wconf 83' lang='lat' dir='ltr'>aestimationem</span> <span class='ocrx_word' id='word_1_181' title='bbox 783 2948 932 3026; x_wconf 87' lang='lat' dir='ltr'>praestet.</span> <span class='ocrx_word' id='word_1_182' title='bbox 962 2949 998 3008; x_wconf 91' lang='lat' dir='ltr'>ut</span> <span class='ocrx_word' id='word_1_183' title='bbox 1021 2962 1091 3010; x_wconf 90' lang='lat' dir='ltr'>ecce</span> <span class='ocrx_word' id='word_1_184' title='bbox 1113 2942 1228 3008; x_wconf 90' lang='lat' dir='ltr'>fundus</span> 
     </span>
     <span class='ocr_line' id='line_1_23' title="bbox 111 3059 1229 3142; baseline -0.002 -14"><span class='ocrx_word' id='word_1_185' title='bbox 111 3081 179 3128; x_wconf 89' lang='lat' dir='ltr'>cum</span> <span class='ocrx_word' id='word_1_186' title='bbox 200 3064 364 3128; x_wconf 88' lang='lat' dir='ltr'>usufructu</span> <span class='ocrx_word' id='word_1_187' title='bbox 380 3059 432 3128; x_wconf 88' lang='lat' dir='ltr'>OL</span> <span class='ocrx_word' id='word_1_188' title='bbox 454 3065 558 3129; x_wconf 88' lang='lat' dir='ltr'>aureis</span> <span class='ocrx_word' id='word_1_189' title='bbox 580 3065 683 3142; x_wconf 79' lang='lat' dir='ltr'>ualet3</span> <span class='ocrx_word' id='word_1_190' title='bbox 706 3064 849 3129; x_wconf 90' lang='lat' dir='ltr'>detracto</span> <span class='ocrx_word' id='word_1_191' title='bbox 872 3065 976 3129; x_wconf 89' lang='lat' dir='ltr'>autem</span> <span class='ocrx_word' id='word_1_192' title='bbox 1000 3061 1166 3130; x_wconf 90' lang='lat' dir='ltr'>usufructu</span> <span class='ocrx_word' id='word_1_193' title='bbox 1188 3061 1229 3140; x_wconf 86' lang='lat' dir='ltr'>O;</span> 
     </span>
     <span class='ocr_line' id='line_1_24' title="bbox 112 3183 1230 3269; baseline -0.007 -17"><span class='ocrx_word' id='word_1_194' title='bbox 112 3184 161 3252; x_wconf 78' lang='lat' dir='ltr'>GL</span> <span class='ocrx_word' id='word_1_195' title='bbox 183 3205 293 3252; x_wconf 86' lang='lat' dir='ltr'>aurens</span> <span class='ocrx_word' id='word_1_196' title='bbox 316 3187 441 3269; x_wconf 90' lang='lat' dir='ltr'>quidem</span> <span class='ocrx_word' id='word_1_197' title='bbox 461 3206 519 3269; x_wconf 81' lang='lat' dir='ltr'>ego</span> <span class='ocrx_word' id='word_1_198' title='bbox 534 3193 649 3269; x_wconf 88' lang='lat' dir='ltr'>petam,</span> <span class='ocrx_word' id='word_1_199' title='bbox 672 3192 722 3252; x_wconf 89' lang='lat' dir='ltr'>set</span> <span class='ocrx_word' id='word_1_200' title='bbox 744 3185 845 3251; x_wconf 89' lang='lat' dir='ltr'>officio</span> <span class='ocrx_word' id='word_1_201' title='bbox 868 3185 979 3251; x_wconf 90' lang='lat' dir='ltr'>iudicis</span> <span class='ocrx_word' id='word_1_202' title='bbox 1002 3183 1179 3248; x_wconf 88' lang='lat' dir='ltr'>continetur</span> <span class='ocrx_word' id='word_1_203' title='bbox 1193 3184 1230 3245; x_wconf 92' lang='lat' dir='ltr'>ut</span> 
     </span>
     <span class='ocr_line' id='line_1_25' title="bbox 110 3297 1228 3388; baseline -0.007 -18"><span class='ocrx_word' id='word_1_204' title='bbox 110 3303 204 3370; x_wconf 91' lang='lat' dir='ltr'>soiius</span> <span class='ocrx_word' id='word_1_205' title='bbox 225 3307 426 3388; x_wconf 84' lang='lat' dir='ltr'>proprietatis</span> <span class='ocrx_word' id='word_1_206' title='bbox 448 3305 625 3371; x_wconf 89' lang='lat' dir='ltr'>aestimatio</span> <span class='ocrx_word' id='word_1_207' title='bbox 648 3304 724 3370; x_wconf 89' lang='lat' dir='ltr'>mihi</span> <span class='ocrx_word' id='word_1_208' title='bbox 750 3309 942 3387; x_wconf 87' lang='lat' dir='ltr'>praestetur,</span> <span class='ocrx_word' id='word_1_209' title='bbox 966 3302 1049 3367; x_wconf 86' lang='lat' dir='ltr'>idest</span> <span class='ocrx_word' id='word_1_210' title='bbox 1076 3299 1164 3364; x_wconf 88' lang='lat' dir='ltr'>aurei</span> <span class='ocrx_word' id='word_1_211' title='bbox 1192 3297 1228 3363; x_wconf 86' lang='grc' dir='ltr'>Ο.</span> 
     </span>
     <span class='ocr_line' id='line_1_26' title="bbox 111 3415 1280 3502; baseline -0.003 -12"><span class='ocrx_word' id='word_1_212' title='bbox 111 3425 355 3491; x_wconf 84' lang='lat' dir='ltr'>aestimationem</span> <span class='ocrx_word' id='word_1_213' title='bbox 377 3431 483 3490; x_wconf 88' lang='lat' dir='ltr'>autem</span> <span class='ocrx_word' id='word_1_214' title='bbox 506 3424 705 3490; x_wconf 89' lang='lat' dir='ltr'>ususfructus</span> <span class='ocrx_word' id='word_1_215' title='bbox 727 3443 777 3489; x_wconf 92' lang='lat' dir='ltr'>me</span> <span class='ocrx_word' id='word_1_216' title='bbox 807 3415 958 3502; x_wconf 84' lang='lat' dir='ltr'>accipere</span> <span class='ocrx_word' id='word_1_217' title='bbox 977 3419 1146 3487; x_wconf 88' lang='lat' dir='ltr'>absurdum</span> <span class='ocrx_word' id='word_1_218' title='bbox 1171 3421 1228 3496; x_wconf 82' lang='lat' dir='ltr'>est,</span> <span class='ocrx_word' id='word_1_219' title='bbox 1246 3435 1280 3486; x_wconf 81' lang='lat' dir='ltr'>as</span> 
     </span>
    </p>
   </div>
   <div class='ocr_carea' id='block_1_3' title="bbox 0 0 1482 4708">
    <p class='ocr_par' dir='ltr' id='par_1_3' title="bbox 0 0 1482 4708">
     <span class='ocr_line' id='line_1_27' title="bbox 0 0 1482 4708; baseline 0 0"><span class='ocrx_word' id='word_1_220' title='bbox 0 0 1482 4708; x_wconf 95' lang='lat' dir='ltr'> </span> 
     </span>
    </p>
   </div>
  </div>
 </body>
</html>
