2936 4704
434 349 769 420 1-149-

90 533 340 617 mantuanam
358 535 544 618 maguam.
563 541 602 602 ut
621 553 694 604 ecca
715 535 800 604 buna
819 541 964 604 matam
983 539 1018 602 et
1037 532 1127 602 lucra
1139 551 1218 617 uap-

90 651 200 733 tialia,
228 655 298 722 luta
324 661 379 722 est
396 657 579 722 consutum
611 675 650 722 ex
682 672 746 736 qua
766 656 880 724 licebat
911 657 1004 737 patri,
1033 655 1087 738 qui
1118 653 1216 718 filium

92 772 335 854 emadpaaast,
357 775 483 840 tertiam
505 781 625 856 partem
649 775 799 842 bonorum
827 793 889 842 nan
912 775 1126 858 quaesiturum
1148 791 1218 856 pru·

92 889 239 972 prietatis
272 893 397 958 nomine
423 891 575 971 retinere,
608 893 698 973 quasi
731 911 789 975 pro
823 893 1079 976 emancipationis
1106 891 1216 974 pretio.

94 1015 125 1076 et
144 1009 352 1076 inhumanum
374 1009 450 1093 quid
472 1007 633 1077 accidebat
655 1017 690 1075 ut
712 1007 918 1094 emancipatio
940 1028 1022 1093 quae
1043 1007 1107 1075 filiu
1122 1009 1218 1076 hunu-
1249 1005 1268 1057 ὅ

95 1129 136 1193 ris
158 1147 261 1194 cansa
282 1129 491 1206 tribuebatur,
514 1137 624 1212 utpote
644 1146 726 1210 quac
750 1149 825 1194 eum
853 1129 902 1196 sui
924 1130 1001 1196 iuria
1023 1127 1157 1204 iaceret,
1185 1129 1216 1196 in

94 1247 218 1314 ineius
245 1245 417 1330 perniciem
443 1253 694 1328 conuerteretur3
725 1249 820 1314 rebus
847 1249 929 1316 anim
958 1248 1025 1314 auis
1053 1245 1218 1317 defrauda-

95 1367 198 1444 hatur,
221 1385 295 1432 cum
316 1367 388 1434 eiua
407 1369 624 1450 patrimonium
647 1366 851 1433 minneretur.
895 1365 995 1449 igitur
1016 1369 1120 1432 sanxit
1145 1367 1215 1448 piis

96 1485 193 1551 rimus
222 1487 370 1568 princeps
396 1492 504 1551 nester
531 1483 677 1568 deinceps
699 1502 761 1551 nan
784 1487 897 1551 tertiae
917 1487 1018 1567 pertis
1047 1483 1217 1552 dominium

97 1623 198 1670 rernm
220 1603 280 1670 filii
295 1603 356 1670 sibi
376 1623 437 1671 non
452 1607 665 1686 quaesitarum
689 1611 809 1687 patrem
831 1603 976 1683 retinere,
999 1611 1049 1669 set
1071 1601 1218 1670 dimidiae
1237 1602 1270 1655 1⁰

98 1725 193 1806 partis
217 1723 458 1789 usumfructum.
496 1724 540 1789 ita
563 1723 645 1790 enim
668 1729 701 1791 et
723 1723 888 1790 imminuta
909 1721 964 1788 filii
986 1723 1068 1789 bana
1091 1731 1219 1789 manent

99 1842 178 1926 apud
199 1841 302 1908 filium
324 1849 358 1908 et
378 1843 525 1910 dimidiae
547 1845 646 1927 partis
669 1843 897 1910 usumfructum
920 1849 1011 1926 pater
1033 1849 1218 1909 consecutus

99 1969 185 2042 parte
198 1947 330 2028 'maiore
351 1962 524 2028 honoratus
545 1962 712 2043 gaudebit3
740 1981 798 2045 pru
826 1962 922 2028 tertia
948 1962 1031 2026 enirn
1058 1960 1217 2028 dimidiam

63 2101 83 2152 a,
101 2079 228 2161 accipiet
257 2084 391 2161 partem.
447 2079 478 2142 3.
518 2080 585 2148 Nec
612 2087 736 2146 matam
765 2079 856 2147 tiberi
884 2083 915 2145 in
943 2083 1101 2162 potestate
1129 2078 1219 2144 uubis

102 2197 269 2280 adquirunt
284 2204 334 2263 set
355 2197 451 2263 etiam
473 2199 557 2264 serni
580 2199 688 2278 nostri,
711 2199 782 2266 sine
803 2217 841 2266 ex
855 2199 1025 2264 traditione
1047 2198 1121 2278 quid
1144 2215 1219 2262 nan·
1239 2209 1269 2260 lu

104 2318 265 2394 uincantur,
289 2318 357 2382 siue
378 2315 568 2399 stipulentur
588 2318 657 2383 siue
683 2336 721 2383 en
743 2318 807 2384 atia
832 2316 975 2400 qualibet
997 2333 1091 2382 causa
1113 2315 1220 2398 adqui·

105 2441 180 2500 rant.
222 2434 254 2499 id
278 2437 360 2500 enim
383 2443 415 2500 et
435 2436 668 2518 ignorantibus,
698 2438 792 2502 immo
821 2443 854 2504 et
881 2435 989 2502 inuitis
1011 2433 1145 2501 dominis
1167 2433 1220 2499 un

104 2555 200 2620 uenit:
222 2573 336 2622 seruus
358 2556 446 2636 enim
464 2563 573 2640 utpute
594 2560 648 2637 qui
672 2555 768 2624 alieni
788 2559 866 2624 iuris
888 2560 930 2624 sit
957 2553 1036 2624 nihil
1056 2553 1218 2638 pmprium

101 2674 214 2740 habere
236 2680 352 2758 potest
390 2676 497 2758 excipe
519 2674 742 2742 hereditatem:
765 2677 793 2742 ai
816 2676 901 2743 enirn
922 2693 1034 2742 seruus
1057 2691 1145 2740 meus
1166 2672 1218 2738 he-

102 2809 153 2858 res
174 2793 213 2858 ab
233 2794 341 2875 aliqua
369 2794 535 2860 institutus
556 2796 607 2872 sit,
636 2813 698 2861 nun
728 2793 821 2860 aliter
850 2793 884 2860 id
910 2795 1078 2878 adquirere
1104 2797 1218 2876 potest,
1236 2809 1271 2862 au

101 2915 242 2990 quamsi
263 2915 352 2979 innan
373 2931 442 2980 mec
464 2913 573 2993 adeat3
595 2912 662 2980 fieri
685 2915 769 2980 enim
790 2919 895 2997 puteat
917 2919 953 2980 ut
973 2913 1103 2980 latentia
1124 2927 1220 2978 onera

101 3033 324 3114 apparentibus
357 3033 452 3101 lucris
485 3035 550 3101 sint
579 3034 737 3116 grauiore
793 3033 964 3100 absurdum
997 3039 1101 3098 autem
1136 3035 1220 3098 esset

102 3169 159 3215 nus
181 3151 360 3234 ignorantes
382 3172 438 3219 seu
460 3153 556 3219 etiam
582 3152 701 3219 inuitus
731 3153 912 3219 damnosam
938 3153 1103 3238 adquirere
1132 3151 1221 3218 here·

104 3271 239 3336 ditatam
294 3271 429 3354 ideoque
462 3275 494 3338 in
530 3274 682 3340 eiusmodi
715 3273 927 3358 adquisitione
956 3273 1076 3339 iussum
1104 3269 1220 3337 domini
