2936 4704
678 370 909 433 ..162-
1435 416 1441 485 Ι

228 558 310 644 χειρί
339 558 373 620 τὸ
403 559 458 620 τοῦ
488 555 682 643 κληρονόμου
705 553 817 638 ὄνομα,
849 557 869 640 v>
900 555 1005 620 αύτών
1032 554 1169 643 ἔρρωται
1194 557 1343 643 βούλησις.
1437 632 1442 651 Ι

233 659 436 748 ήσχολημένοι
459 661 520 742 γὰρ
548 660 619 741 περὶ
649 658 701 742 τήν
730 657 895 742 στρατείαν
922 657 1051 735 εἰκότως
1079 659 1244 741 ἀγνοοῦσιν
1273 661 1344 744 ἀτρι·
1439 672 1445 713 τ

230 763 325 844 βείας
347 765 470 848 ἀπάσης
493 761 717 848 παρατήρησιν.
762 759 839 824 ἀλλὰ
860 763 953 825 πάλαι
979 762 1037 842 μὲν
1064 763 1264 847 ὁπουδήποτε
1291 763 1344 826 διά·
1440 750 1446 879 i

232 888 339 945 γοντες
371 869 597 950 στρατιωτικῶς
629 863 780 950 ἠδύναντο
816 863 1027 928 διατίθεσθαι·
1063 862 1201 940 διάταξις
1236 865 1274 928 δὲ
1299 867 1344 928 τοῦ
1446 912 1447 916 ,

198 967 386 1052 οήμετέρου
407 967 566 1050 βασιλέως
596 967 665 1029 τότε
694 967 916 1052 συνεχώρησεν
948 966 1051 1040 αὐτοῖς
1076 970 1168 1030 τοῦτο
1198 969 1345 1049 πράττειν,

232 1069 318 1154 ήνίκα
341 1065 374 1130 ἐν
397 1069 538 1149 κάστροις
552 1066 618 1153 ἤτοι
627 1069 651 1148 ¹)
667 1068 700 1129 έν
715 1073 761 1151 τῷ
776 1065 935 1151 εττρθάίίφ
958 1067 1124 1150 διάγωσιν·
1149 1068 1345 1154 δπωςδήποτε

231 1171 292 1256 γὰρ
314 1172 334 1256 ή
355 1169 503 1255 βούλησις
525 1169 627 1232 αύτών
656 1169 826 1254 ἐγγράφως
853 1168 873 1254 ή
902 1169 1058 1254 ἀγράφως
1089 1169 1345 1250 διατυπωθεῖοαέ)

233 1272 266 1335 τδ
286 1272 415 1360 ἰσχυρόν
438 1269 534 1357 έχέτω
557 1270 590 1332 έν
612 1268 716 1356 ἑαυτη.
761 1270 795 1333 έν
817 1270 863 1345 οἷς
886 1270 922 1333 δὲ
939 1271 1066 1357 χρόνοις
1088 1270 1121 1334 έν
1148 1273 1270 1356 ἑτέροις
1292 1275 1347 1336 δια-

231 1373 362 1457 τριβωσι
389 1373 494 1446 τόποις
524 1370 544 1456 ή
571 1372 605 1434 έν
631 1375 695 1446 τοῖς
720 1372 897 1454 λεγομένοις
931 1372 1033 1435 αὐτῶν
1066 1372 1257 1458 εεάὁίοίεθ),
1293 1381 1346 1439 τῶν

182 1479 214 1530 10
232 1479 458 1559 στρατιωτικῶν
481 1473 514 1536 έν
545 1475 589 1557 τῷ
618 1473 813 1538 διατίθεσθαι
843 1479 1022 1556 προνομιῶν
1051 1477 1105 1540 ούτ
1133 1477 1346 1542 ἀπολαύσουσι.

151 1589 155 1596 ’
231 1579 280 1640 καί
301 1575 475 1648 όπεξούσιοι
497 1574 533 1637 δὲ
555 1573 644 1651 ὄντες
665 1576 832 1652 ἀκωλύτως
853 1577 1043 1644 διατίθενται
1070 1582 1225 1666 πανταχοῦ
1247 1580 1346 1662 μέντοι

231 1680 286 1764 τὴν
309 1679 467 1762 ἀκρίβειαν
490 1679 784 1762 παραφυλάττοντες
806 1681 840 1743 ἐν
863 1680 891 1766 ᾧ
913 1687 976 1744 τῶν
1000 1687 1143 1767 κάστρων
1166 1684 1238 1746 είσὶν
1255 1682 1347 1755 έκτός.

234 1785 261 1845 l.
299 1780 358 1844 θάκ
380 1779 494 1844 ἄτοπον
517 1780 554 1844 δὲ
577 1783 620 1858 είς
640 1783 736 1862 μέσον
759 1785 884 1864 ἀγαγεῖν
911 1789 961 1849 καί
983 1787 1036 1870 ἃ4)
1059 1784 1204 1868 Ττείύττῳ
1226 1787 1274 1868 τῷ
1295 1785 1347 1865 βα·
1365 1801 1381 1849 1.

233 1885 340 1964 affl)
364 1885 433 1968 περὶ
455 1888 676 1970 στρατιωτικῆς
698 1883 815 1970 εήυηται
837 1885 990 1975 διαθήκης
1012 1888 1060 1951 έπί
1088 1887 1225 1968 θέματος
1256 1886 1348 1950 τοιού-

182 2007 212 2056 ιῡ
231 2010 294 2050 του.
345 1989 539 2072 στρατιώτης
574 2008 617 2060 τις
649 1990 920 2073 συγκαλεσάμενός
954 2013 1037 2066 τινας
1073 1990 1121 2052 ἐπί
1153 1989 1255 2051 αύτδνν
1284 1987 1347 2051 elne

231 2087 319 2152 τόνδε
327 2088 352 2168 ⁸)
374 2087 548 2168 βούλεσθαι
569 2089 760 2175 κληρονόμον
783 2091 907 2169 αύτοῦί)
931 2093 1077 2172 γενέσθαι
1098 2092 1151 2154 τόν
1173 2091 1209 2154 δὲ
1231 2092 1348 2176 οἰκέτην

230 2191 357 2271 αὐτοῦ’)
387 2188 651 2278 ἐλεοθερωθήναι.
701 2193 855 2277 ἀγράφως
883 2193 919 2258 δὲ
951 2199 1045 2258 ταῦτα
1075 2191 1254 2276 ἐπράττετο.
1300 2192 1347 2276 ζή-

230 2316 317 2379 τησις
337 2293 417 2372 μετὰ
440 2295 492 2377 τήν
515 2293 609 2355 αὐτοῦ
632 2294 776 2379 τελευτήν
805 2295 923 2375 μεταξὺ
954 2295 1014 2359 τών
1043 2296 1079 2369 ἐξ
1106 2295 1275 2360 ἀδιαθέτου
1303 2295 1350 2356 καί

231 2391 285 2456 τοῦ
308 2393 537 2474 ὀνομασθέντος
558 2397 752 2481 κληρονόμου
775 2399 904 2484 ἀνεφόη.
953 2402 1000 2462 καί
1027 2401 1054 2464 οί
1081 2399 1138 2482 μὲν
1168 2398 1204 2469 ἐξ
1225 2396 1349 2460 ἀδιαθέ-

177 2512 212 2564 νο
230 2518 284 2558 τοο
306 2495 410 2575 ἔλεγον
434 2498 470 2559 τὰ
499 2497 582 2580 παρὰ
610 2502 666 2561 τοῦ
695 2501 936 2586 τελευτήσαντος
965 2502 1114 2587 εἰρημένα
1147 2501 1201 2587 ούχ
1231 2501 1276 2573 ὡς
1304 2499 1351 2561 ἐπὶ

230 2597 332 2680 ἐννοίᾳ
355 2595 505 2684 διαθήκης
528 2599 688 2684 εἷρήσθαι,
716 2604 734 2663 ό
765 2601 800 2665 δὲ
830 2603 1019 2688 κληρονόμος
1042 2600 1285 2687 προεβάλλετοθ)
1313 2597 1348 2661 τὸ

229 2697 447 2780 στρατιωτικὸν
469 2703 637 2785 προνόμιον
660 2702 779 2766 ἐκεῖθεν
804 2705 855 2789 τήν
878 2704 1032 2791 διαθήκην
1053 2707 1205 2789 βεβαιῶν.
1241 2701 1348 2766 Στατί·

229 2801 337 2880 λιοςῑθ)
360 2799 396 2864 δὲ
418 2799 567 2888 Σεβήρος
597 2808 651 2890 τῆς
680 2806 822 2892 τοιαύτης
852 2806 1054 2891 ἀκροώμενος
1082 2806 1274 2890 ἀμφιβολίας
1300 2804 1350 2866 ἐπὶ

230 2901 390 2967 Traianbn
413 2904 549 2990 ἀνήγαγε
576 2904 631 2968 τὸν
655 2905 824 2971 θειότατον.
872 2909 948 2971 όδὲ
977 2909 1152 2994 ἀντέγραφε
1181 2911 1291 2972 ταῦτα·
1316 2909 1349 2968 τδ
1453 2903 1454 2914 ’

178 3019 211 3070 2⁶
231 3003 450 3090 στρατιωτικὸν
484 3008 651 3090 προνόμιον
685 3007 720 3072 τὸ
754 3010 843 3091 λέγον
870 3010 926 3087 τὰς
958 3011 1161 3096 όπωςδήποτε
1189 3008 1351 3093 γινομένας

230 3105 290 3170 ύπδ
312 3106 375 3170 τῶν
403 3108 603 3192 στρατιωτῶν
632 3110 787 3196 διαθήκας
813 3111 952 3194 βεβαίας
981 3111 1057 3176 εἶναι
1084 3112 1185 3186 οὕτως
1214 3109 1350 3176 νοεῖσθαι

225 3210 303 3296 χρή,
332 3209 411 3286 ὥςτε
445 3211 521 3273 κατὰ
551 3212 708 3297 προτέραν
742 3215 825 3286 τάξιν
858 3214 1014 3301 πρόδηλον
1047 3213 1124 3278 εἶναι
1158 3213 1192 3277 τὸ
1225 3216 1351 3296 γεγενή-

230 3310 304 3374 σθαι
314 3314 352 3396 ¹¹)
374 3312 542 3400 διαθήκην,
564 3313 626 3378 εἴτε
656 3315 814 3400 ἔγγραφον
842 3315 905 3380 εἴτε
935 3315 1087 3400 ἄγραφον.
1133 3319 1150 3379 ό
1178 3317 1273 3378 τοίνυν
1301 3337 1348 3376 τε·

229 3413 383 3501 λευτήσας
404 3416 606 3501 στρατιώτης,
630 3415 667 3479 ού
691 3415 769 3499 ύιτερ
794 3421 846 3502 τής
869 3415 974 3493 ούσίας
996 3418 1146 3504 κεκίνηται
1155 3417 1193 3498 ¹¹)
1216 3418 1350 3503 ζήτησις,

203 3727 223 3736 ν
300 3697 470 3766 1)nvi.ss.
586 3694 837 3771 mmm.
958 3703 981 3770 ³)
999 3703 1093 3770 scripsi
1112 3718 1146 3757 ει
1164 3703 1203 3758 Μ.
1219 3703 1267 3758 Ιιῑ.
1283 3701 1348 3756 Βία

227 3779 383 3836 Besohreib.
401 3781 419 3836 f.
438 3785 485 3836 δε.
560 3785 582 3849 ⁴)
600 3784 633 3837 τά
650 3784 688 3838 Μ.
706 3784 757 3839 Ιιῑ.
776 3785 824 3840 Ιθ.
841 3786 903 3840 L⁶.:
924 3791 1093 3857 παραγαγεῖν
1113 3788 1204 3857 paullo
1221 3795 1280 3843 ante
1295 3787 1348 3840 [ιθ.

227 3869 251 3934 ὅ)
269 3867 312 3920 εδ.
332 3865 372 3921 Vl.
391 3865 586 3936 Β,τελρημίνα
603 3883 666 3922 mox
683 3868 733 3924 12⁸.
835 3871 1168 3940 emtauoemm
1256 3871 1348 3939 ML:

229 3955 302 4020 -τςδ
320 3950 797 4022 L1.L¹.F.:1aqp.szva1vi.ss„
903 3956 928 4022 ⁸)
945 3955 970 4012 d.
988 3954 1038 4013 11⁸.
1056 3955 1097 4013 vi.
1115 3957 1148 4012 B.
1263 3954 1349 4022 ⁹)1ta

229 4033 303 4091 libri:
322 4034 363 4088 ed.
384 4035 473 4090 -λ-.
645 4039 680 4104 ¹⁰)
698 4038 841 4109 οτατήλιος
858 4039 896 4093 Μ.
1029 4042 1064 4108 1¹)
1081 4043 1213 4110 γενέσθω
1230 4043 1276 4096 hl.
1292 4039 1346 4093 [τ’.

227 4117 264 4185 ¹²)
280 4121 393 4172 κινείτω
410 4119 453 4173 vi.
471 4119 503 4174 R.
