2932 4704
710 311 920 376 ..90-

254 499 329 564 καθ’
351 499 463 564 ἑαυτὸν
486 498 683 584 ἀντέγραψαν
691 499 732 581 1)·
754 498 835 574 ῶςτε
864 494 919 561 οὖν
950 497 1034 562 ἐστιν
1063 497 1169 580 εὑρεῖν
1196 497 1244 560 καὶ
1273 495 1368 560 πενίαν

254 601 406 688 ἐποφελή.
464 604 493 665 7.
533 600 605 665 Ἐάν
631 621 678 676 τις
707 599 862 687 κληθείς’)
892 599 937 678 εἰς
962 600 1132 686 ἐπιτροπήν
1162 596 1366 686 ἀνεπιτήδειον
1381 600 1401 650 7.
1447 607 1448 672 j

254 704 365 768 ἑαυτὸν
386 706 435 768 καί
463 704 520 768 οάκ
544 701 771 790 ἐξαρκοῦνταθ)
799 705 879 788 πρὸς
908 705 962 792 τὴν
990 704 1133 790 διοίκησιν
1163 701 1326 788 ἀποδείξῃ,
1351 699 1367 784 ἢ
1447 779 1448 794 η

253 808 304 870 καί
327 805 415 870 νόσον
443 806 531 890 αύτῷ
559 809 719 888 προσεῖναι
746 805 1014 893 δικαιολογήσηται
1022 807 1052 888 ⁴)
1076 806 1120 892 μή
1150 805 1368 892 συγγωροῠσαν

220 907 343 993 εαύτῷ
361 906 444 994 μηδὲ
467 910 528 971 τῶν
550 905 670 970 αλκείων
692 905 914 988 ἀντιλαβέσθαι
936 907 1137 992 πραγμάτων,
1153 903 1367 993 δεγθήσεταιλ)
1447 903 1448 958 f

254 1009 366 1073 ἑαυτὸν
395 1007 617 1074 εκυυεαίείιωυ
643 1013 701 1094 τῆς
725 1007 905 1095 ἐπιτροπῆς.
958 1009 988 1074 8.
1017 1008 1051 1071 ‘0
1079 1009 1287 1091 ἀγράμματος
1313 1005 1369 1094 ἔχει
1382 1013 1402 1064 8.

255 1111 437 1198 παραίτησιν
460 1111 654 1196 κηδεμονίας,
677 1115 731 1175 τοῦ
753 1111 917 1176 θειοτάτου
933 1112 991 1178 Piu
1012 1109 1105 1176 τοῦτο
1121 1108 1370 1188 θεσπίσαντοςΰ),
1447 1097 1448 1166 ζ

257 1211 357 1277 ελκαὶ
380 1213 417 1276 τά
435 1213 571 1298 μάλιστα
592 1214 642 1276 καί
668 1214 696 1276 o!
724 1211 911 1295 ἀγνοοῦντες
936 1215 1109 1299 γράμματά
1135 1208 1219 1277 ἐστιν
1248 1213 1302 1276 ὅτε
1326 1209 1371 1273 δύ·

257 1338 362 1380 νανται
383 1316 548 1401 ἀλλοτρίας
569 1315 692 1380 διοικεῖν
715 1316 904 1400 περιουσίας.
955 1318 986 1380 9.
1015 1312 1085 1380 Ἐάν
1111 1335 1157 1390 τις
1185 1317 1239 1378 τὸν
1268 1314 1370 1377 οἰκεῖον
1385 1319 1403 1368 9.

207 1421 239 1473 10
256 1416 373 1506 ε’γθρδν
396 1416 564 1503 καταλείψη
587 1415 851 1482 δυείαῑηθυλύτίοη
877 1416 1047 1500 ἐπίτροπον
1076 1418 1123 1500 τῷ
1150 1415 1254 1500 ολκείτρ
1284 1413 1372 1491 παιδί,

255 1517 588 1607 θπυιιεαίθυθήσεταιλ)
611 1519 629 1580 δ
651 1517 766 1596 δοθεὶς,
789 1517 895 1603 ὥςπερ
924 1518 972 1581 καὶ
999 1515 1038 1582 ἐκ
1065 1515 1120 1580 τοῦ
1148 1515 1295 1581 ἐναντίου
1322 1516 1372 1579 ούκ

255 1619 526 1703 exeusatefietw)
548 1621 659 1702 ύςτιςθ)
683 1621 775 1694 ζῶντι
797 1627 842 1705 τῷ
868 1622 960 1705 πατρί
989 1625 1050 1683 τῶν
1078 1619 1206 1705 ἀνήβων
1237 1617 1374 1706 ἕπηγγεί·

256 1723 334 1785 λατο
357 1728 418 1786 τῶν
441 1722 537 1786 αὐτοῦ
560 1722 678 1786 παίδων
699 1719 942 1807 ἐπιτροπεύσειν.
952 1724 990 1806 ¹⁰)
1037 1723 1085 1786 10.
1122 1722 1231 1797 Ου’δελς
1253 1721 1291 1785 ἐκ
1312 1720 1411 1789 τού-ια

257 1847 312 1890 ταν
330 1825 430 1908 μύνου
460 1824 668 1890 exeusationa
693 1825 799 1910 ἑαυτῷ
822 1826 1050 1889 κατασκευάσαι
1078 1825 1246 1912 δυνήσεται
1274 1823 1374 1904 λέγων,

208 1930 239 1981 15
257 1927 304 1989 ύτι
324 1925 487 2008 ἄγνωστος
508 1925 686 2016 θπάργωλῑ)
711 1929 757 2012 τῷ
776 1932 841 1991 τῶν
865 1928 943 1992 νέων
966 1927 1067 2010 πατρί.
1119 1929 1209 1991 τοῦτο
1234 1926 1297 2008 γὰρ
1320 1925 1377 1988 διά-

258 2029 343 2103 ταξις
362 2031 426 2091 τῶν
449 2027 618 2090 θειοτάτων
641 2026 789 2113 ἀδελφῶν
819 2029 946 2092 κελεύει.
1001 2033 1050 2092 ll.
1079 2021 1198 2114 Ἕγθρα
1229 2026 1411 2111 συμβᾶσιίιι.

255 2154 309 2214 μοι
333 2131 411 2213 πρὸς
434 2131 485 2192 τδν
508 2129 628 2211 πατέρα
649 2129 713 2192 τῶν
735 2130 864 2216 ἀνήβων
888 2130 907 2217 ή
931 2135 992 2194 τῶν
1014 2130 1175 2216 ἀφηλίκων
1203 2130 1233 2193 ελ
1261 2131 1307 2216 μή
1335 2128 1375 2212 εἴη

257 2231 415 2317 κεφαλική,
438 2231 543 2316 φιλίας
569 2229 605 2295 ἐν
626 2235 674 2316 τῷ
698 2231 817 2310 μεταξύ
838 2234 881 2318 μή
905 2231 1162 2318 παρεντεθείοης,
1185 2230 1318 2294 ἀπολύει
1340 2253 1376 2314 με

256 2337 313 2419 τής
333 2331 511 2418 ἐπιτροπῆς.
557 2331 643 2396 εἰδὲ
670 2330 725 2395 οὔκ
746 2329 810 2398 ἐστι
838 2333 1005 2418 κεφαλινὴ,
1018 2357 1022 2366 ·
1035 2332 1072 2395 ου’
1100 2331 1230 2397 δίδωσιν
1254 2351 1377 2397 exeusa-

206 2453 241 2505 υο
257 2433 356 2500 λίουε.
405 2435 451 2497 12.
484 2433 555 2498 Ἐάν
577 2457 623 2510 τις
643 2433 787 2522 ἐπαγάγη
811 2459 866 2518 μοι
884 2436 964 2520 ,περί
991 2437 1214 2507 καταστάσεως
1224 2433 1265 2516 ¹⁹)
1293 2435 1415 2521 ζήτηλλ-

258 2560 315 2616 σιν,
337 2535 392 2598 ου’κ
413 2536 688 2624 ἀναγκασθήσομαι
711 2541 773 2600 τῶν
796 2537 905 2600 τούτου
929 2536 1047 2600 παίδων
1068 2531 1295 2618 ἐπιτροπεύειν.
1332 2535 1375 2598 13.
1384 2542 1414 2593 Ικ

258 2633 293 2700 ‘0
305 2637 421 2720 μείζων
436 2641 499 2700 τῶν
513 2627 548 2700 ἀ’
561 2635 714 2704 ἐνιαυτῶν
736 2641 784 2702 καλ
805 2638 980 2724 ἐπιτροπῆς
1007 2640 1055 2702 καί
1082 2637 1268 2702 αυεελίουοε
1289 2636 1377 2700 ἀπαλ·

259 2739 437 2827 λαγήσεται·
461 2741 479 2800 ύ
501 2740 531 2801 δ’
553 2741 654 2826 ήττων
677 2727 712 2805 fe
733 2738 884 2804 ἐνιαυτῶν
907 2742 1000 2804 πάλαι
1018 2742 1076 2824 μὲν
1090 2739 1214 2828 κληθεὶς
1229 2737 1376 2828 ἐκέχρητο

260 2839 456 2906 excusationi
478 2839 594 2922 λέγων,
617 2842 663 2904 ύτι
685 2843 786 2927 ήττων
814 2843 874 2926 ελμί
903 2847 964 2905 τῶν
991 2827 1032 2907 κἐ-
1055 2841 1220 2920 ἐνιαυτῶν,
1245 2840 1379 2912 διάταξις

207 2951 241 3003 25
259 2941 295 3005 δὲ
319 2945 372 3004 τοῦ
402 2941 556 3028 ήμετέρυυ
582 2941 742 3025 βασιλέως
768 2941 802 3007 ἐν
829 2944 961 3008 κωλύσει
991 2941 1099 3008 τοῦτον
1121 2942 1272 3029 ε’πυίησεν
1298 2941 1378 3019 εἶναι,

259 3043 296 3106 ού
315 3044 377 3128 μήν
399 3041 435 3106 ἐν
456 3042 662 3108 excusationi.
686 3044 762 3109 ὅθεν
784 3043 878 3119 εἴτις
900 3043 1039 3110 ε’λάττων
1061 3045 1108 3109 ῶν
1132 3049 1193 3109 τῶν
1216 3031 1260 3108 κε
1288 3043 1381 3108 ε’νιαυ-

261 3149 323 3207 τῶν
345 3144 444 3231 κληθή
465 3145 511 3220 ελς
531 3143 700 3230 ἐπιτροπήν
722 3144 742 3231 ή
763 3147 859 3229 καθ’)
881 3146 1049 3213 curationa
1070 3147 1146 3211 οὐδὲ
1168 3147 1269 3211 δεῖται
1292 3165 1379 3212 excu-

259 3247 409 3324 salome,
433 3248 479 3322 ὡς
501 3253 537 3332 τῇ
558 3247 636 3333 αύτή
655 3248 731 3334 θείᾳ
754 3248 927 3338 περιέχεται
949 3249 1097 3323 διατάξει.
1126 3250 1208 3324 ὥςτε
1231 3247 1290 3312 οὖν
1311 3247 1379 3310 ούδὲ

208 3471 244 3524 30
261 3453 319 3537 τήν
342 3449 558 3538 κληθήσονται.
610 3449 647 3536 ήν
676 3452 737 3536 γὰρ
762 3456 854 3517 τούτο
883 3455 984 3539 πάσης
1015 3454 1166 3539 πολιτικῆς
1193 3451 1379 3534 νομοθεσίας

334 3723 355 3786 1)
374 3720 423 3773 Ll.
441 3720 502 3774 Ιιλι
519 3726 695 3788 ooth-5112».
804 3725 827 3791 ²)
845 3725 920 3795 -δη
938 3726 969 3780 P.
1087 3724 1111 3791 ⁸)
1128 3722 1190 3778 dedi
1208 3738 1243 3778 ex
1261 3722 1305 3786 P.‚
1322 3728 1380 3776 cett.

259 3807 395 3872 ἐξαρκεῖν.
498 3809 523 3874 ⁴)
540 3808 628 3878 -ήση
649 3807 680 3865 F,
808 3811 831 3875 ⁵)
849 3809 995 3880 δυνήσεται
1013 3809 1041 3862 P.
1059 3809 1105 3878 qui
1123 3809 1139 3861 Ι.
1158 3806 1379 3868 λξτουσατεύειν.

259 3891 283 3958 6)
300 3889 480 3950 κελεύσαντος
497 3891 526 3944 P.
640 3891 664 3956 ²>
681 3893 826 3945 -τεύεται
844 3891 886 3947 vi.
909 3891 942 3946 R
1045 3893 1069 3958 θ)
1086 3892 1273 3961 -ενθήοεται
1292 3888 1334 3943 w.
1350 3888 1380 3941 B.

259 3979 282 4044 9)
302 3975 343 4028 ἔτι
361 3975 422 4032 αδδ.
440 3973 483 4030 vi.
501 3974 532 4030 R.
611 3977 646 4043 ¹⁰)
665 3975 727 4030 dedi
744 3991 778 4030 ex
796 3975 859 4030 Εἰς
876 3983 940 4032 cett.
960 3978 1042 4030 κύειν.
1111 3980 1147 4045 11)
1166 3977 1289 4046 ὑπῆρχεν
1310 3977 1341 4029 G.
1354 3973 1381 4027 F.

259 4067 379 4134 ι-ῆρχον
399 4061 441 4117 vi.
460 4060 492 4114 R.
596 4061 631 4130 ¹²)
648 4061 731 4132 τύχης
749 4061 790 4115 Vi.
808 4061 841 4116 R.
945 4063 981 4130 1³)
999 4063 1024 4117 d.
1043 4061 1083 4117 Vi.
1102 4063 1135 4118 R.
