2920 4750
528 384 769 448 —472—

97 564 196 622 autem
220 559 252 623 iu
276 558 430 623 eiusmodi
453 578 529 622 casu
553 558 761 623 animaduerti
788 563 901 640 potest.
956 556 1100 622 conuenit
1127 557 1207 621 inter

96 702 141 746 me
165 688 196 747 et
219 703 322 747 meum
347 682 529 764 debitorem,
554 702 593 748 ne
617 683 658 747 ab
682 702 720 747 eo
748 681 886 746 debitum
911 688 1064 766 peterem:
1094 681 1206 746 deiude

96 814 165 890 post
198 807 327 888 aliquod
362 813 485 891 tempus
518 807 656 888 debitor,
693 807 878 890 locupletior
901 807 1003 872 factus
1028 813 1083 871 aut
1111 828 1131 870 a
1156 827 1207 871 me

94 930 172 996 forte
192 932 243 996 uel
263 933 304 996 ab
326 932 389 996 alio
413 933 621 1016 exprobratus
642 939 769 1014 pactum
787 931 875 1012 fecit,
898 951 959 1012 quo
975 931 1117 1015 permisit
1131 931 1207 996 milri

94 1056 231 1120 debitum
255 1061 372 1140 petere.
418 1056 657 1128 sicondictioue
674 1056 827 1121 aduersus
851 1075 922 1120 eum
946 1056 1101 1139 experiar,
1125 1061 1207 1138 post-
1244 1071 1260 1123 5

92 1200 185 1263 quam
209 1181 340 1245 alterum
364 1187 490 1264 pactum
513 1181 629 1245 factum
654 1188 715 1260 est,
744 1187 777 1245 et
800 1180 854 1245 ille
878 1180 1072 1263 poenitentia
1096 1181 1206 1245 ductus

91 1305 177 1388 pacti
207 1305 422 1388 exceptionem
458 1305 532 1369 milri
568 1312 708 1388 opponat
742 1305 863 1370 dicens:
903 1308 951 1369 ‘at
988 1305 1019 1369 si
1058 1325 1129 1370 non
1168 1326 1206 1370 es

90 1435 225 1513 pactus
256 1428 425 1494 debitum
453 1435 489 1494 te
512 1449 584 1494 nou
608 1431 832 1513 petiturum',
861 1429 984 1494 uidetur
1004 1429 1105 1513 prima
1125 1430 1206 1494 faeie

89 1553 246 1620 eiusmodi
273 1555 416 1637 exceptio
445 1554 629 1638 petitionem
657 1574 758 1618 meam
787 1553 953 1637 impedire,
983 1573 1097 1618 reuera
1125 1555 1206 1618 euim

86 1681 133 1752 ita
165 1679 319 1744 conuenit.
367 1678 500 1744 alterum
535 1683 640 1744 autem
675 1684 801 1763 pactum
835 1679 904 1762 ipso
935 1679 1002 1742 iure
1029 1679 1117 1762 prius
1144 1698 1208 1742 non
1227 1692 1261 1744 10

87 1804 224 1869 sustulit.
271 1810 319 1868 set
342 1821 411 1867 cum
439 1802 579 1882 iniquum
606 1805 647 1866 sit
674 1803 861 1868 creditorem
888 1803 1013 1886 repelli,
1042 1803 1206 1886 replicatio

86 1929 117 1992 ei
142 1928 236 1992 datur
259 1948 297 1992 ex
321 1927 495 2011 posteriore
518 1933 628 2011 pacto,
652 1927 700 1992 his
723 1927 844 1992 uerbis:
874 1915 929 1992 ‘si¹
948 1934 1080 2010 postea
1107 1929 1207 1993 inter

54 2065 155 2116 anos
180 2073 253 2117 uon
281 2053 471 2134 conuenit,
501 2059 539 2117 ut
566 2062 696 2136 petere
723 2053 812 2116 mihi
840 2053 994 2117 liceret’.
1043 2057 1070 2120 1.
1094 2051 1206 2128 Quem·

84 2177 260 2242 admodum
282 2184 386 2242 autem
411 2179 588 2261 exceptioni
611 2178 781 2261 opponitur
803 2177 978 2260 replicatio,
1007 2178 1052 2242 ita
1074 2177 1207 2261 replica·

83 2302 179 2382 tioni,
204 2322 285 2384 quae
301 2303 385 2367 iusta
401 2302 502 2386 prima
518 2302 644 2384 quidem
663 2301 746 2368 facie
761 2301 915 2382 uideatur,
939 2303 1114 2366 naturalem
1130 2321 1205 2366 uero
1226 2319 1259 2372 15

83 2426 284 2508 aequitatem
319 2426 472 2507 offendat,
508 2427 573 2491 alia
601 2448 621 2492 a
648 2447 702 2492 reo
730 2426 881 2509 allegatio
909 2427 1089 2510 opponitur,
1125 2446 1206 2506 quae

80 2551 303 2634 duplicatio
327 2559 466 2616 uocatur.
512 2559 547 2616 ut
570 2571 644 2616 ecce
666 2557 778 2635 pactus
801 2571 880 2632 sum,
908 2571 947 2616 ue
971 2550 1108 2616 debitum
1132 2570 1153 2614 a
1174 2557 1206 2614 te

79 2683 246 2758 peterem;
271 2677 401 2740 alterum
425 2684 552 2760 pactum
568 2676 680 2768 fecisti,
705 2696 767 2757 quo
791 2675 866 2740 milri
890 2675 1071 2758 petitionem
1095 2674 1207 2758 penni-

43 2820 67 2869 2.
79 2799 174 2880 sisti3
199 2799 291 2864 tertio
315 2819 374 2882 ego
398 2807 510 2884 pactus
534 2821 602 2864 sum
625 2800 728 2866 denno
745 2799 885 2864 debitum
901 2799 1073 2864 remittens.
1106 2801 1135 2865 2.
1151 2799 1207 2863 Sin

78 2931 197 2988 autem
222 2923 393 3007 duplicatio
416 2924 594 2989 inueniatur
616 2944 697 3006 quae
719 2924 825 3005 inique
853 2932 980 3004 noceat,
1008 2943 1115 2988 rursus
1143 2923 1207 2986 alia
1225 2939 1260 2992 20

77 3047 284 3131 allegatione
323 3069 401 3132 opus
440 3053 488 3114 est
530 3048 644 3130 actori,
687 3069 769 3130 quae
811 3048 1024 3133 triplicatio
1066 3053 1206 3112 uocatur.

129 4242 239 4291 'rnoopn
256 4242 366 4286 luterens.
382 4239 525 4282 saciamini.
