2920 4750
610 378 846 440 -465—

172 559 229 632 est,
255 572 356 630 ueqrre
380 552 475 615 ullum
500 552 618 615 lucrum
642 552 715 616 inde
739 553 846 617 heredi
863 559 914 616 tuo
931 552 1083 635 peruenit.
1118 573 1178 617 non
1202 561 1285 618 tenc·

173 676 256 740 bitur
273 675 386 762 [ber-es}
405 677 539 760 depositi
556 677 689 758 actione,
708 677 782 741 licet
794 678 850 741 ‘de
857 677 1029 760 positunr’
1047 683 1224 742 contractus
1237 678 1286 742 sit.

173 801 324 883 poenales
349 807 453 866 autern
478 801 619 866 actiones
648 805 740 884 (quas
769 802 910 886 superius
940 801 1075 866 diximus
1098 802 1130 866 in
1154 801 1286 867 heredes

170 945 232 989 non
261 927 421 1008 trasmitti,
451 927 604 990 interdum
631 947 705 991 uero
734 947 773 990 ne
801 927 969 992 heredibus
998 925 1124 1007 quidem
1153 927 1234 1011 dari)
1260 927 1286 991 si

170 1049 252 1115 uiuis
275 1052 502 1135 principalibus
526 1052 670 1136 personis
693 1052 809 1116 fuerint
831 1057 1035 1133 contestatae,
1060 1053 1167 1135 procul
1191 1051 1285 1116 dubio
1324 1065 1338 1114 c

131 1183 159 1234 2.
171 1183 203 1239 et
226 1175 308 1239 inter
330 1176 462 1240 heredes
486 1177 723 1241 exercebuntur.
759 1180 787 1243 2.
804 1177 861 1240 His
878 1197 959 1256 quae
976 1177 1014 1241 de
1034 1175 1157 1241 iudiciis
1172 1197 1286 1260 propo-

170 1300 288 1364 suimus
313 1301 390 1364 illud
417 1321 540 1382 quoque
570 1301 747 1366 addendum
771 1307 827 1366 est.
873 1302 907 1366 Si
931 1307 1004 1366 ante
1028 1322 1093 1366 rem
1116 1301 1284 1366 indicatam

170 1425 197 1488 is
222 1446 292 1489 curn
317 1445 377 1506 quo
395 1432 498 1490 actum
516 1433 563 1490 est
580 1426 717 1491 debitum
734 1447 963 1508 recognoscens
980 1425 1080 1491 actori
1100 1425 1284 1507 satisfaciat,

169 1549 253 1614 idest
276 1549 441 1632 pecuniam
465 1571 521 1614 seu
545 1571 620 1632 rem,
647 1571 727 1631 quac
752 1551 792 1614 ab
817 1571 854 1615 eo
879 1551 1007 1633 petitur,
1032 1551 1189 1631 restituat,
1214 1571 1284 1616 eum

168 1673 373 1738 condemnari
397 1695 458 1739 non
482 1682 614 1758 oportet,
640 1674 782 1756 quamuis
805 1675 844 1739 lis
868 1682 1043 1740 contestata
1067 1676 1114 1740 sit.
1149 1696 1283 1756 namque
1306 1689 1337 1736 lc
1361 1695 1365 1704 ·

167 1799 273 1863 bonae
290 1800 357 1864 cius
380 1800 535 1864 uoluntati
559 1799 760 1864 subuenimus
784 1806 816 1864 et
839 1800 1067 1865 absolutionem
1093 1801 1281 1882 adsequitur,

167 1924 243 1988 licet
266 1924 373 1989 indicii
397 1924 573 2008 accipiendi
589 1931 729 2008 ternpore
745 1925 777 1988 in
793 1945 833 1988 ca
849 1945 946 1989 causa
961 1925 1063 2006 fuerit,
1087 1932 1119 1988 ut
1140 1925 1282 1989 damnari

167 2047 330 2113 debuisset
360 2055 391 2113 et
418 2049 477 2114 boc
505 2057 553 2114 est
580 2048 664 2130 quod
698 2049 794 2131 uulgo
825 2048 938 2114 dicitnr
969 2050 1103 2114 ‘omnia
1136 2049 1282 2114 iudicia

166 2173 409 2238 absolutoria
437 2175 547 2256 esse,
576 2173 659 2238 idest
682 2173 777 2239 licere
805 2174 900 2239 iudici
923 2181 996 2239 ante
1019 2195 1085 2239 rem
1113 2173 1280 2238 iudicatam

165 2319 266 2380 reum,
291 2299 433 2380 quirem
456 2299 610 2380 restituat,
635 2299 809 2364 absoluere.
1303 2313 1335 2364 15

443 3015 491 3078 De
516 3014 761 3098 exceptionibus.
807 3013 931 3077 Titulus
957 3016 1007 3078 13.

257 3176 332 3238 Cum
351 3175 389 3239 de
411 3175 588 3239 actionibus
604 3175 852 3255 tractauerimus,
876 3193 1071 3253 consequens
1089 3193 1158 3237 esse
1175 3171 1280 3236 existi·

162 3301 321 3366 inanimus
349 3300 388 3364 de
424 3299 661 3382 exceptionibus
691 3299 861 3382 dispicere,
898 3317 978 3378 quae
1014 3296 1279 3360 defendendorum

162 3447 272 3491 eorum
297 3425 409 3508 gratia,
435 3445 503 3488 cum
528 3425 640 3504 quibus
664 3424 777 3506 agitur,
802 3429 873 3487 sunt
896 3427 1105 3504 comparatae.
1152 3419 1279 3500 etquid

161 3558 214 3616 est
238 3551 402 3633 exceptio?
426 3549 576 3631 allegatio
601 3569 682 3630 quae
706 3569 760 3612 reo
777 3546 925 3630 competit
940 3546 1091 3610 aduersus
1114 3545 1277 3623 actionem,

161 3696 264 3757 quae,
293 3696 362 3739 cum
389 3675 456 3738 inre
485 3673 571 3738 ciuili
602 3673 714 3738 efficax
749 3672 801 3752 sit,
838 3672 901 3734 uim
936 3670 1110 3754 praesefert
1143 3668 1279 3733 naturali
1299 3681 1332 3728 ac

117 3815 146 3866 1.
161 3799 319 3882 aequitati
348 3799 576 3863 aduersantem.
640 3803 667 3864 1.
688 3797 787 3862 Uerbi
814 3796 918 3879 gratia
950 3802 1064 3859 metum
1093 3795 1150 3857 tibi
1177 3793 1278 3876 inieci,

158 3934 197 3990 ut
221 3924 419 4007 promitteres
443 3925 517 3988 mihi
543 3923 566 3987 O
590 3942 703 3987 aureos
728 3922 814 4004 dare,
839 3921 1002 3985 autetiam
1019 3919 1152 3984 illexite
1169 3919 1277 3984 dolose

159 4049 422 4136 circumueniens,
446 4055 481 4118 ut
502 4049 716 4136 promittercs;
742 4049 792 4114 uel
816 4065 922 4112 errore
939 4045 1047 4128 lapsus
1063 4045 1223 4110 credidisti
1246 4052 1277 4110 te

1068 4239 1117 4294 59*
