2870 4716
551 332 792 396 -353-

122 506 285 572 mationem
309 513 341 571 et
363 507 498 590 pretium
514 506 714 590 persoluetur
736 514 768 571 et
790 526 841 571 res
857 506 1008 588 tradatur,
1032 512 1066 572 ut
1088 505 1227 572 uenditio

121 631 158 695 ad
172 630 319 696 effectum
335 629 535 714 perducatur,
561 637 591 694 et
607 637 728 714 emptor
743 631 868 711 quidem
885 651 924 696 ex
940 637 1044 714 empto
1061 631 1226 710 actionem,

119 755 260 820 uenditor
283 762 387 820 autem
410 774 450 820 ex
473 755 601 820 uendito
618 762 836 836 consequatur.
861 756 1031 821 sinautem
1056 755 1109 836 qui
1131 755 1227 820 nomi·

118 887 207 944 uatus
229 887 277 944 est
299 879 399 944 Titius
415 879 467 944 uel
489 879 625 945 uoluerit
646 881 698 946 uel
720 899 783 945 uon
798 880 935 965 potuerit
948 879 1082 964 pretium
1099 879 1227 944 definire

118 1005 210 1086 (forte
233 1005 316 1068 enim
339 1005 432 1088 pretii
449 1003 631 1086 quantitatis
648 1005 786 1088 cognitio
803 1005 870 1070 eius
887 1012 1011 1088 captum
1031 1005 1226 1088 superabat),
1264 1012 1280 1063 5

117 1149 169 1212 pro
188 1129 286 1193 nihilo
302 1129 343 1195 sit
359 1128 549 1194 uenditiouis
562 1136 750 1211 contractus,
775 1139 824 1195 set
845 1131 904 1195 tali
919 1131 990 1195 loco
1008 1110 1077 1194 ¹sint
1092 1128 1163 1213 ipsi,
1189 1148 1228 1193 ac

117 1252 140 1316 si
155 1253 261 1318 nullus
276 1253 465 1318 uenditiouis
489 1253 719 1318 intercessisset
741 1261 928 1336 contractus,
953 1274 1023 1318 oum
1046 1253 1164 1317 nullum
1188 1252 1228 1318 sit

116 1377 248 1460 pretium
265 1378 475 1442 coustitutum.
510 1377 569 1442 hoe
584 1396 660 1442 uero
676 1378 709 1442 in
725 1378 881 1462 emptione
906 1377 1024 1442 definiit
1043 1376 1227 1461 principalis

116 1501 310 1582 constitute,
339 1520 402 1566 uou
425 1510 473 1566 est
500 1521 575 1567 uero
600 1503 769 1567 absurdum
792 1502 824 1567 id
847 1502 942 1567 etiam
970 1501 1012 1566 ad
1039 1501 1227 1566 locationem

84 1632 145 1690 aet
172 1625 411 1691 conductionem
439 1626 573 1690 trahere.
623 1629 652 1694 2.
680 1627 784 1692 Debet
812 1631 916 1692 autem
949 1646 1012 1690 uou
1039 1627 1154 1707 solum,
1182 1628 1227 1690 uti
1247 1633 1282 1684 10

117 1750 230 1815 dictum
263 1757 325 1832 est,
354 1749 475 1815 definiri
506 1751 640 1835 pretium
672 1757 703 1816 et
732 1757 850 1816 certum
882 1771 966 1834 esse,
994 1757 1044 1816 set
1072 1751 1168 1816 etiam
1195 1752 1228 1816 in

116 1881 278 1939 numerata
301 1874 435 1957 pecunia
458 1875 638 1940 consistere.
688 1897 760 1941 uam
783 1875 817 1940 in
842 1875 954 1940 ceteris
981 1875 1075 1940 rebus
1102 1883 1229 1959 praeter

116 1999 280 2081 pecuniam
304 2019 344 2063 an
368 1999 502 2083 pretium
525 2019 595 2064 esse
611 2000 711 2084 possit
726 2001 900 2082 quaeritur;
923 2000 1021 2064 ueluti
1041 2019 1150 2065 seruus
1174 2007 1228 2066 aut

115 2123 228 2188 fundus
252 2129 307 2188 aut
328 2130 405 2206 toga
432 2145 473 2188 au
501 2125 630 2190 alterius
657 2125 705 2189 rei
731 2125 864 2208 pretium
893 2144 964 2190 esse
991 2125 1104 2208 possit,
1133 2125 1227 2189 ualde

116 2247 290 2330 quaesitum
314 2254 370 2312 est.
405 2256 437 2313 et
460 2247 596 2314 Sabinus
620 2249 744 2332 quidem
761 2256 793 2314 et
809 2249 936 2314 Cassius
954 2249 1049 2314 etiam
1064 2249 1097 2314 iu
1113 2248 1226 2314 aliare
1247 2261 1281 2314 15

115 2373 269 2454 putabant
290 2393 385 2456 posse
413 2373 546 2456 pretium
575 2373 746 2440 consistere
774 2381 805 2440 et
833 2373 910 2439 illud
939 2379 988 2439 est
1018 2373 1100 2454 quod
1130 2374 1225 2456 uolgo

115 2495 279 2561 dicebatur
294 2517 363 2580 per
377 2499 696 2580 permutationem
711 2518 832 2563 rerum
849 2497 1072 2582 emptionem
1088 2503 1124 2562 et
1139 2518 1226 2563 uen-

115 2620 295 2687 ditionem
312 2623 541 2704 consistere,
567 2642 721 2704 eamque
737 2623 902 2707 speciem
918 2622 1153 2689 uenditiouis
1169 2642 1226 2687 ue·

114 2746 367 2812 iustissimam
387 2766 480 2812 esse.
524 2754 769 2829 argumentoque
785 2748 953 2812 utebantur
968 2746 1105 2812 Homero
1121 2753 1225 2830 poeta,

114 2870 167 2950 qni
189 2871 223 2934 iu
248 2871 356 2951 aliqua
382 2877 473 2955 parte
498 2877 677 2955 poematum
698 2891 823 2936 suorum
849 2871 1019 2936 exercitum
1042 2891 1225 2955 graecorum
1245 2881 1282 2935 20

116 2995 220 3059 uinum
239 2995 300 3060 sibi
323 3003 557 3079 comparantem
573 2995 694 3079 tingens
710 2996 755 3061 ait
777 2996 1007 3080 permutatione
1031 2996 1226 3079 quorundam

114 3138 218 3183 rerum
243 3120 431 3203 emptionem
455 3121 532 3204 fieri,
555 3119 603 3186 his
627 3121 784 3186 uersibus:

274 3243 372 3309 ἔνθεν
393 3241 446 3330 ἄρ’
469 3243 629 3320 οἰνίζοντο
652 3243 914 3332 καρηκομόωντες
929 3243 1068 3327 Ἀχαιοί·

273 3365 368 3432 ἄλλοι
390 3367 449 3452 μὲν
471 3365 590 3458 χαλκῷ,
613 3365 707 3433 ἄλλοι
730 3368 763 3434 d’
785 3372 908 3434 αἴθωνι
931 3366 1063 3456 σιδήρῳ,
