2936 4704
534 341 766 407 -1tt-

117 526 327 611 dispiciendum
348 533 406 595 ost·
443 532 493 594 set
513 527 827 596 contemnuntur
849 529 963 611 duplex
983 527 1212 613 quodammodo

120 647 213 714 nodus
232 647 454 730 adquisitionis
475 648 517 715 sit
538 649 609 732 (aut
628 649 710 714 enim
733 665 771 714 ex
798 653 986 716 testamento
1015 654 1071 715 ant
1099 647 1153 747 al)¹
1167 645 1212 714 in-

116 773 213 834 testato
234 768 276 832 ad
299 771 356 832 nos
378 765 562 850 pertinent),
584 772 709 848 oportet
729 767 816 850 prins
838 767 991 848 dispicere
1012 766 1051 834 da
1073 785 1212 852 eaquae

113 906 144 952 ux
165 891 352 953 testamento
382 883 530 952 defertur.
580 893 612 951 et
641 892 716 952 unte
742 885 845 954 omnia
871 885 1035 953 dicendum
1062 890 1112 952 est
1137 904 1213 971 quo·

114 1007 189 1072 modo
208 1011 398 1075 testamenta
420 1006 612 1073 ordinentur.
1246 1012 1266 1065 o

295 1615 343 1682 Do
365 1617 559 1683 testamentis
580 1616 770 1683 ordinandis.
815 1615 938 1684 Titulus
962 1616 1011 1684 10.

184 1801 217 1869 In
238 1805 350 1886 primis
371 1804 577 1887 proponenda
598 1807 648 1870 est
669 1801 808 1870 delinitio
833 1805 901 1872 sine
922 1802 1112 1887 tropolofl'a.
1156 1811 1214 1873 ta·

114 1927 336 1989 stamentnm
360 1923 475 1989 dicitur
496 1921 580 2005 apud
602 1921 759 1989 Romanos
787 1922 861 1990 inde
882 1923 969 1990 uocis
984 1923 1134 2008 originum
1157 1924 1214 1990 du·

114 2057 176 2108 oona
195 2044 275 2126 quod
299 2043 472 2109 testatio
499 2043 643 2109 mentis
665 2042 716 2122 sit,
738 2041 950 2112 testimonium
972 2043 1054 2110 anim
1077 2043 1215 2111 dmnncti

82 2177 101 2226 1.
115 2159 269 2228 uoluntatis
290 2163 322 2228 in
344 2181 379 2227 se
400 2163 548 2228 eontinet
584 2163 612 2226 1.
645 2161 690 2229 Ut
710 2179 787 2228 uero
809 2161 886 2228 nihil
907 2179 1015 2228 eorum
1036 2179 1118 2244 quau
1139 2161 1214 2229 olim

115 2279 281 2362 optinebunt
302 2281 474 2364 ignoretur,
496 2284 641 2364 quamuis
663 2281 815 2350 eiusmodi
836 2282 1013 2364 ignorantia
1027 2281 1147 2349 nullum
1161 2299 1213 2364 pe·
1234 2306 1267 2359 10

114 2398 227 2466 uitulum
249 2401 453 2484 praeseferat
474 2407 579 2468 tanum
601 2401 641 2468 ad
663 2401 825 2468 historiam
848 2401 1092 2486 cognoscendum
1120 2405 1215 2484 atqua

116 2516 149 2581 ad
170 2519 348 2588 discendum
369 2520 524 2601 quomodo
545 2520 707 2603 paullatim
733 2519 882 2604 temporis
911 2537 1078 2604 progressu
1100 2537 1152 2588 rou
1174 2522 1215 2586 sit

112 2640 231 2716 mutata,
254 2639 288 2706 id
311 2645 450 2706 tractare
474 2639 557 2705 hand
584 2639 755 2705 absurdum
783 2638 918 2705 uidetur.
969 2639 1042 2707 olim
1070 2640 1134 2708 duo
1162 2659 1215 2724 ge-

112 2775 179 2824 nera
197 2764 454 2826 testamentorum
476 2765 575 2838 erant,
598 2765 630 2826 et
652 2777 749 2826 unum
770 2757 896 2840 quidem
922 2760 1071 2826 aulatis
1098 2759 1212 2826 oomi·

111 2875 177 2944 tiis
197 2878 369 2960 dicebatur,
390 2881 523 2948 alterum
545 2885 651 2947 numm
674 2880 892 2965 procinctu.
938 2885 970 2948 at
991 2880 1135 2948 calatis
1156 2898 1214 2947 uo·
1235 2899 1267 2953 15

108 2995 220 3064 mitiis
251 3005 472 3066 tastamentum
503 2999 599 3066 debat
627 3005 768 3084 tempore
793 3001 880 3085 puois
914 2999 963 3068 bis
990 3001 1023 3066 in
1050 3018 1133 3068 anno
1159 3019 1215 3084 per

110 3113 182 3182 luno
202 3119 337 3186 modum.
381 3137 497 3201 praem
518 3137 640 3186 omnem
666 3119 850 3187 circumibat
878 3119 1037 3187 multatam
1066 3118 1214 3204 populum

111 3251 282 3312 tonuooana,
305 3235 471 3322 omnisque
490 3239 623 3321 populns
645 3237 852 3306 conueniebat
872 3243 906 3305 et
925 3240 981 3320 qui
994 3237 1120 3306 uolebat
1134 3245 1215 3306 teste

107 3355 212 3438 populo
235 3338 455 3425 testamentum
482 3358 645 3426 condebat.
695 3357 769 3427 hino
797 3377 874 3426 nero
903 3357 1070 3424 »aulatis
1096 3357 1216 3426 comi·

107 3474 183 3539 tiis«
207 3477 329 3554 dieitur,
350 3477 425 3560 quia
446 3475 580 3545 calare
604 3495 874 3545 »oonuooaree
898 3481 957 3558 est,
979 3476 1140 3544 oomitia
1161 3493 1215 3542 an·
1231 3494 1267 3548 uo

106 3596 164 3659 tam
184 3603 352 3664 conuentus
374 3603 459 3664 sunt
502 3613 571 3664 cum
594 3614 671 3664 noro
692 3597 856 3665 conuocati
877 3597 1089 3678 conuenirent,
1111 3597 1213 3664 uala-

107 3711 158 3778 tis
177 3715 308 3781 comitiis
328 3715 362 3782 id
383 3715 452 3783 fieri
474 3716 646 3784 dicebatur.
673 3715 879 3800 procinctu
899 3721 1006 3782 autem
1027 3714 1123 3784 tiebat
1143 3733 1214 3783 oum

108 3829 136 3895 iu
165 3835 316 3914 proelium
348 3837 454 3902 assent
482 3833 609 3909 exiturir
645 3853 683 3904 ao
711 3853 824 3903 nomen
852 3837 893 3902 ab
920 3834 1030 3901 habitu
1056 3840 1215 3918 sumptum

111 3957 163 4032 ast,
188 3971 253 4036 qno
272 3955 476 4022 testabuntur.
525 3957 704 4039 procinctus
732 3957 814 4023 enim
842 3956 956 4023 dieitur
982 3957 1155 4022 instrumus
1183 3960 1217 4021 et
