2926 4708
544 349 778 414 -187-

103 540 128 602 iu
153 541 314 620 potestate
340 535 501 617 babemus,
525 535 680 620 usquein
703 537 753 602 his
776 541 994 644 tuntum‚'set
1016 539 1047 604 iu
1074 539 1140 606 suis
1169 541 1226 605 im·

103 659 277 742 puberibus.
312 657 429 724 dicitur
450 663 557 724 eutem
579 655 743 740 pupillaris
766 676 803 724 ex
827 677 866 725 eu
887 663 992 726 aetate
1013 660 1044 724 in
1067 677 1131 742 qua
1152 676 1226 725 usu·

104 777 194 845 uenit.
238 777 501 844 Substitutiousm
522 777 622 859 igitur
643 778 828 860 pupillarem
850 777 897 844 itu
919 778 1023 846 luceru
1044 793 1227 862 possumus:

104 898 210 963 lilius
233 915 340 964 meus
362 896 458 962 mihi
480 896 602 964 lueres
625 903 730 977 esto,
760 897 824 964 sin
848 905 981 965 autem
1009 897 1129 965 heres
1151 896 1229 965 iao·

105 1025 163 1083 tus
191 1016 378 1099 impubes
407 1017 649 1095 decesserit,
684 1015 757 1083 ille
782 1017 818 1084 ei
848 1016 967 1083 heres
996 1021 1091 1082 esto.
1142 1017 1229 1082 etsi
1263 1031 1281 1084 o

105 1155 176 1218 puer
197 1136 291 1203 heres
317 1135 419 1203 taetus
448 1134 592 1219 impubes
620 1136 790 1214 moriatur,
821 1133 909 1202 loous
936 1135 973 1202 fit
1001 1134 1228 1201 substitutioni.

106 1259 171 1324 licet
194 1261 302 1323 antem
324 1257 470 1340 pupillari
493 1255 709 1323 substitutioni
733 1259 897 1340 uulgarem
927 1259 1117 1340 coniungere
1145 1273 1229 1321 esm-

106 1395 159 1459 que
181 1377 288 1444 fauere
310 1393 404 1458 quam
426 1375 775 1460 uulgarempupillarem
799 1383 931 1458 uocant,
957 1376 1018 1446 huo
1039 1377 1149 1443 modo:
1180 1374 1231 1440 ii-

106 1495 179 1562 lius
202 1497 299 1562 mihi
322 1497 434 1564 heres
457 1504 554 1578 esto,
577 1495 652 1564 nisi
676 1498 756 1564 erit
783 1497 880 1582 (quod
903 1496 1065 1580 proprium
1089 1500 1138 1562 eat
1160 1493 1230 1562 uul-

108 1617 184 1698 garis
213 1615 480 1698 substitutionis),
510 1616 561 1684 uel
590 1619 617 1682 si
644 1617 765 1684 heres
793 1615 928 1684 iaetus
957 1615 1135 1698 impubes
1165 1617 1230 1682 de·
1251 1614 1283 1666 ¹⁰

109 1737 272 1802 cesserit
294 1736 390 1818 (quud
420 1737 581 1818 proprium
610 1743 660 1803 est
689 1735 853 1820 pupillaris
881 1736 1129 1817 substitutionis)
1157 1733 1230 1800 ille

111 1856 195 1922 mihi
218 1857 334 1922 heres
357 1863 450 1924 esto.
495 1857 569 1938 quid
592 1855 662 1922 uis?
684 1855 712 1922 sl
733 1856 816 1921 lilius
843 1862 1066 1938 anteponam
1088 1854 1230 1920 decesso

112 1976 161 2052 rit,
188 1996 225 2041 ex
254 1975 415 2058 prioribus
449 1975 556 2042 uerbis
587 1977 779 2043 substitutus
809 1975 973 2042 uocabitur
1002 1974 1119 2058 fietque
1148 1975 1230 2058 patri

111 2095 205 2162 heres.
250 2100 301 2160 set
322 2097 348 2160 si
377 2101 466 2177 puter
495 2099 590 2162 antea
616 2101 760 2162 mortuus
789 2097 846 2170 sit,
875 2094 978 2162 lactus
1004 2101 1110 2159 eutem
1139 2092 1231 2158 heres

113 2233 184 2298 puer
203 2215 348 2297 impubes
370 2214 554 2294 decesserit,
577 2215 665 2281 loeus
693 2214 749 2280 liet
777 2213 924 2298 pupillari
954 2213 1171 2280 substitutioni
1194 2230 1232 2276 ex
1252 2220 1283 2272 tn

114 2337 310 2418 sequentibus
333 2335 438 2402 uerbis
460 2335 576 2418 fietque
590 2335 682 2402 lueres
697 2336 889 2401 substitutus
904 2353 965 2400 non
980 2333 1081 2418 patris
1096 2337 1145 2399 set
1166 2330 1230 2396 lilii.

113 2455 143 2521 id
163 2461 265 2521 autem
288 2457 339 2520 ius
360 2453 526 2537 pupillaris
554 2455 790 2522 substitutionis
817 2454 903 2520 nullo
932 2455 1059 2536 propriu
1087 2451 1156 2533 lega
1185 2449 1232 2516 in·

113 2581 234 2640 neutum
258 2579 316 2652 est,
340 2579 389 2640 set
410 2573 550 2640 moribus
573 2579 621 2639 est
642 2573 867 2639 introductum.
912 2591 982 2639 oum
1013 2570 1095 2638 enim
1122 2569 1232 2655 pupilli

111 2697 329 2760 testamentum
351 2692 455 2760 iacere
476 2710 538 2758 non
561 2699 698 2772 possent,
721 2711 779 2777 pro
801 2693 847 2758 eis
868 2699 1016 2775 purentss
1043 2693 1233 2758 testamento

77 2833 96 2881 1.
113 2815 290 2880 condebant.
339 2817 366 2876 l.
401 2814 470 2892 Qua
492 2815 614 2878 ratione
635 2813 853 2878 sanctissimus
882 2812 1026 2894 princeps
1053 2816 1160 2877 noster
1182 2828 1232 2876 ox·
1250 2821 1286 2872 uo

113 2935 223 3000 uitulus
251 2933 507 3001 constitutionem
533 2931 762 3015 promulguuit,
795 2949 889 3011 quum
921 2930 1017 2996 inseri
1048 2948 1172 3014 quoque
1200 2929 1233 2994 in

112 3071 168 3118 suo
189 3054 293 3119 codice
321 3050 432 3127 iussit,
461 3051 494 3117 in
525 3070 588 3135 qua
616 3052 655 3117 de
685 3050 838 3117 eiusmodi
868 3069 944 3117 cusu
970 3050 1139 3134 prospexit.
1188 3049 1234 3114 uit

114 3171 192 3237 euim
214 3173 240 3238 si
262 3173 335 3253 quis
358 3171 492 3238 furiosos
515 3172 716 3238 ‹lementssue
742 3169 823 3236 filios
853 3169 905 3237 uel
932 3175 1062 3252 nepotes
1092 3168 1143 3233 uel
1165 3184 1235 3248 pro-

113 3298 241 3374 nepotes
263 3291 381 3359 babeat
402 3290 570 3358 cuiuslibet
591 3309 684 3356 sexus
712 3289 764 3356 uel
792 3283 960 3356 cuiuslibet
980 3288 1113 3369 medus,
1142 3286 1235 3352 licere

113 3411 150 3487 ei,
172 3411 230 3478 etsi
251 3409 389 3493 puberes
412 3413 484 3488 sint,
508 3411 548 3476 ed
571 3410 745 3493 exemplum
761 3408 923 3492 pupillaris
939 3404 1173 3474 substitutionis
1195 3408 1235 3473 is·
1252 3419 1287 3472 uo
