2926 4708
537 353 770 414 -172-

111 543 200 617 potem
222 536 272 602 uei
294 543 496 620 pronepotem
519 557 581 604 non
604 538 696 604 aliter
711 539 895 606 exheredari
911 537 1029 621 placuit
1049 557 1143 622 quam
1166 557 1220 605 no·

110 654 246 720 minutim.
272 664 322 721 set
343 655 436 738 quale
458 674 571 722 nomen
593 657 768 741 decoqui
791 659 928 724 nondum
952 665 1044 724 notus
1066 665 1116 724 est
1129 677 1216 740 prae·

110 775 192 840 diceri
214 773 339 856 potest?
361 777 420 841 hoc
441 776 534 842 modo
562 795 633 842 eum
665 775 842 858 significare
868 794 1037 859 possumus
1065 776 1218 844 dicentes:

110 895 331 975 quicumque
355 894 452 959 mihi
473 893 591 960 iilius
614 895 775 978 genitus
797 895 925 961 tuerit
946 895 1111 963 exheres
1127 904 1220 964 esto.

111 1015 152 1078 uei
177 1016 235 1079 ita:
262 1015 498 1096 quicumque
525 1015 616 1080 mihi
647 1034 689 1080 en
723 1015 794 1080 hcc
828 1032 954 1082 uxore
986 1035 1069 1082 meo
1102 1023 1220 1082 natus
1254 1024 1271 1073 ὁ

78 1133 220 1200 iiuerit
241 1137 408 1203 exheres
431 1144 526 1201 esto.
550 1137 579 1198 2.
604 1135 685 1200 Sunt
706 1136 787 1200 alise
808 1151 933 1216 quoque
954 1153 1115 1216 personae,
1138 1152 1221 1216 queo

110 1262 313 1334 postumatum
336 1256 403 1320 loco
426 1262 509 1327 sunt„
532 1271 614 1334 quae
635 1255 666 1319 in
682 1256 731 1320 sui
747 1254 872 1318 heredis
888 1254 1005 1320 mortui
1028 1253 1130 1320 locum
1153 1273 1221 1322 suc·

109 1373 240 1439 cedentes
266 1373 316 1437 sui
345 1375 475 1438 heredes
505 1371 593 1436 fiunt.
639 1381 674 1438 ut
696 1391 778 1452 eece,
800 1370 897 1437 filium
925 1373 956 1438 in
988 1379 1144 1454 potestate
1167 1373 1221 1438 hu·

110 1494 207 1558 heham
228 1501 324 1572 utque
351 1511 388 1558 ex
416 1511 453 1557 eo
483 1501 628 1573 nepotem
663 1501 836 1572 neptemue.
893 1501 943 1556 set
975 1490 1059 1556 filius
1091 1493 1219 1572 quidem

110 1629 175 1676 suus
196 1627 272 1688 erat,
296 1631 368 1676 eum
391 1631 484 1677 nemo
506 1631 579 1678 eum
602 1613 820 1694 praecederet;
843 1631 940 1694 nepos
955 1620 1061 1677 uatem
1077 1613 1220 1693 neptisue
1240 1623 1272 1674 ιο

110 1730 136 1794 in
157 1736 306 1810 potestate
329 1739 435 1808 erunt,
464 1739 514 1798 set
536 1749 606 1796 cum
635 1751 654 1796 o
682 1731 809 1812 proprio
837 1739 928 1813 patre
957 1731 1221 1813 praecedereutur

110 1853 151 1916 sui
172 1853 298 1918 heredes
321 1871 390 1917 esse
412 1871 474 1918 uon
489 1859 643 1932 poterunt
667 1857 888 1916 testamentum
905 1869 974 1916 cum
990 1849 1102 1916 faciam
1117 1850 1221 1917 cuius·

110 1992 171 2038 nam
192 1991 295 2040 curam
317 1990 430 2053 gerere
452 1970 571 2037 debeo?
592 1971 686 2036 huius
709 1969 774 2046 filii,
798 1977 833 2036 ut
855 1977 959 2051 putet3
981 1987 1116 2052 eumque
1130 1970 1218 2036 here

112 2094 171 2155 dem
201 2094 364 2158 instituere
397 2092 447 2156 nei
481 2091 665 2156 exheredem
697 2091 810 2156 iacere
863 2107 936 2154 num
969 2091 1063 2156 etium
1098 2089 1220 2170 nepotis

112 2207 261 2289 neptisuei
283 2209 470 2274 nullomodo.
494 2225 566 2274 nam
588 2226 658 2274 oum
680 2209 728 2272 sui
751 2207 882 2272 heredes
906 2225 967 2272 non
986 2207 1059 2286 sint,
1081 2207 1110 2272 si
1130 2225 1218 2290 prae-
1239 2215 1270 2264 1⁶

112 2335 267 2405 comantur,
289 2344 389 2407 neque
411 2331 479 2409 ipso
501 2328 569 2392 iure
596 2328 724 2391 inritum
748 2326 869 2391 iaciunt
898 2331 1138 2404 testamentum,
1169 2347 1221 2394 ne-

112 2463 164 2524 que
183 2449 363 2512 adcrescere
384 2454 532 2528 possunt,
562 2465 632 2510 num
655 2445 732 2511 haec
760 2465 888 2512 suorum
919 2446 1071 2512 heredum
1094 2448 1220 2528 propriu

111 2575 183 2630 sunt
225 2575 272 2632 set
294 2567 322 2630 si
346 2583 444 2644 usone
466 2564 619 2632 adfinem
643 2565 750 2630 eadem
774 2583 878 2630 rerum
901 2564 1040 2631 condicio
1063 2573 1217 2644 seruetur,

112 2693 185 2750 reete
206 2686 281 2753 hoec
307 2687 497 2752 dicerentur.
541 2693 590 2751 set
613 2705 682 2752 curn
706 2703 755 2750 me
784 2685 858 2751 uiuo
888 2692 993 2764 potest
1019 2686 1121 2750 medio
1151 2702 1218 2765 per·

112 2823 179 2870 sona
191 2813 345 2887 potestate
360 2810 476 2888 egredi,
492 2825 547 2872 seu
564 2815 674 2882 morte,
691 2826 747 2872 seu
762 2809 896 2888 patricio
911 2807 1065 2889 dignitate
1080 2811 1218 2889 optenta,
1237 2813 1272 2864 ao

113 2928 143 2986 ut
161 2925 336 2990 inuenietur
358 2928 504 3007 deinceps
526 2943 622 3007 nepos
645 2927 788 3005 neptisue
809 2944 887 2990 suus
914 2942 1013 2990 suune
1035 2925 1128 2990 heres
1151 2940 1220 2988 esse

111 3045 233 3121 quadam
253 3045 441 3126 adgnatione
463 3045 503 3108 ed
526 3043 762 3110 similitudinem
789 3051 1004 3126 postumorum
1028 3044 1111 3124 (cum
1135 3042 1217 3107 enim

112 3171 195 3228 numa
214 3165 260 3229 sui
281 3164 414 3229 heredes
436 3182 497 3228 non
520 3171 645 3240 essent,
680 3181 762 3228 nunc
788 3161 869 3228 fiunt
899 3163 964 3238 sui,
995 3169 1029 3226 et
1050 3161 1144 3228 sicuti
1166 3179 1220 3242 po·

112 3284 197 3347 sturni
210 3281 436 3366 adgnoscendo,
459 3285 505 3348 itu
527 3282 559 3347 hi
582 3282 777 3350 succedendo
800 3291 949 3365 rumpunt
971 3279 1218 3359 testamentum),

112 3419 146 3464 ne
159 3401 248 3482 igitur
263 3420 365 3468 nouus
380 3419 466 3480 suus,
483 3401 565 3468 idest
581 3421 676 3484 nepoe
692 3401 872 3480 succedens,
896 3407 1118 3466 testamentum
1134 3417 1221 3466 rum·
1237 3413 1271 3464 ao

113 3529 168 3599 pat,
187 3523 273 3588 sicuti
296 3523 400 3604 ipsum
422 3520 522 3586 filium
544 3522 589 3585 ita
617 3531 760 3603 nepotem
792 3528 956 3603 neptemue
984 3520 1117 3586 heredes
1145 3520 1221 3586 scri·

113 3639 178 3706 bere
194 3643 403 3708 exheredesue
425 3641 608 3707 nominatim
639 3641 741 3707 iecere
768 3641 875 3706 debeo.
925 3658 996 3705 num
1024 3641 1050 3704 si
1081 3645 1219 3721 praeter·
