2870 4716
523 389 764 453 -363-

87 563 235 644 futuram,
268 562 383 627 callide
412 562 559 628 societati
586 565 790 645 renuntiauit,
818 571 853 629 ut
881 565 967 628 solus
995 564 1202 629 hereditatem

86 686 293 750 lucrifaceret.
340 688 477 770 castigat
508 688 557 752 ius
585 688 755 771 pessimum
783 690 850 754 eius
879 689 1055 771 consilium,
1084 709 1202 772 cogens

84 810 203 874 lucrum
240 831 279 876 eu
314 812 391 876 Titii
425 812 601 877 hereditate
636 815 811 893 quaesitum
847 813 1087 878 communicare.
1137 814 1203 878 Seii

84 942 188 1000 autem
216 935 427 1001 hereditatem
455 938 482 1002 si
517 938 666 1020 posthaec
700 938 739 1002 de
774 938 931 1002 delatione
960 939 1074 1002 certior
1099 939 1201 1003 tactus

85 1060 211 1142 adierit,
246 1062 334 1126 solus
369 1062 513 1144 habehit3
549 1083 611 1128 uon
644 1064 727 1127 euim
759 1063 862 1127 studio
891 1063 958 1128 eius
987 1062 1201 1143 adquirendae
1240 1075 1255 1128 5

86 1185 268 1251 societatem
292 1187 400 1267 soluit,
430 1187 505 1268 quin
534 1188 629 1252 etiam
653 1188 857 1270 ignorauerat
880 1187 960 1251 hanc
989 1189 1050 1252 sibi
1078 1188 1202 1253 deterri.
1272 1219 1275 1228 ·

86 1309 230 1375 Secundo
255 1317 360 1375 autem
384 1312 537 1395 quidquid
560 1317 726 1396 postquam
751 1313 780 1376 ei
796 1313 933 1376 societas
952 1313 1132 1378 renuntiata
1154 1320 1203 1378 est

86 1435 258 1518 obuenerit,
285 1435 428 1516 quamvis
446 1436 666 1519 adquisitionis
679 1457 777 1501 causa
796 1437 1028 1502 renuntiatione
1046 1437 1203 1519 antiquior

85 1560 131 1642 sit,
155 1561 227 1643 ipse
251 1561 338 1626 solus
355 1561 500 1642 adquiret
515 1582 585 1626 cum
609 1562 711 1626 nullus
731 1562 829 1645 ipsius
847 1562 936 1626 dolus
953 1563 1077 1626 ostendi
1093 1563 1201 1646 possit.

53 1689 75 1740 5-
85 1687 112 1750 5.
135 1683 279 1749 Soluitur
302 1685 404 1750 adhuc
429 1687 566 1750 societas
590 1687 685 1750 etiam
707 1693 808 1752 morte
832 1687 919 1770 socii,
943 1688 1017 1767 quia
1033 1687 1087 1768 qui
1103 1688 1202 1752 socie·
1223 1697 1257 1750 10

83 1813 179 1872 tatem
204 1811 362 1874 contrahit
391 1816 510 1874 certam
533 1831 701 1894 personam
726 1811 786 1876 sibi
814 1811 916 1893 eligit3
944 1830 1048 1892 neque
1077 1811 1202 1876 omniuo

84 1934 159 1998 socii
183 1935 248 1999 mei
270 1935 363 1999 heres
379 1941 472 2018 aptus
488 1935 565 1999 mihi
580 1936 621 1999 ad
638 1936 820 2001 societatem
837 1935 903 1999 erit.
942 1942 990 1999 set
1007 1942 1037 2000 et
1053 1936 1081 1999 si
1098 1936 1202 2018 plures

84 2058 159 2123 socii
190 2059 319 2124 inierint
348 2058 540 2142 societatem,
574 2061 665 2124 unius
689 2067 789 2125 morte
812 2060 894 2124 inter
925 2079 1032 2124 omnes
1066 2060 1202 2125 societas

84 2183 226 2265 soluitur,
250 2184 344 2249 etiam
366 2185 393 2248 si
416 2185 523 2267 plures
539 2185 697 2268 supersint
714 2205 807 2264 quam
829 2183 987 2268 perierint.
1022 2183 1096 2264 quid
1120 2184 1202 2248 euim

84 2328 160 2390 cum,
185 2309 325 2391 quinque
341 2329 438 2374 sexue
463 2310 557 2375 sociis
581 2309 769 2390 constitutis,
793 2310 855 2373 duo
872 2309 964 2372 simul
986 2309 1018 2372 iu
1035 2309 1201 2391 naufragio
1223 2321 1255 2372 15

84 2433 257 2517 perierint?
302 2434 383 2499 forte
412 2435 495 2499 euim
523 2455 581 2518 per
604 2454 659 2499 eos
688 2435 741 2515 qui
768 2434 971 2499 decesserunt
997 2434 1083 2499 utilis
1108 2441 1202 2514 atque

85 2559 235 2642 optabilis
258 2559 395 2624 societas
419 2564 495 2623 erat
528 2559 589 2623 nisi
611 2561 691 2623 torte
715 2559 747 2623 iu
771 2559 921 2624 societate
945 2559 1088 2623 coeunda
1111 2559 1204 2622 aliter

85 2684 276 2767 conuenerit,
307 2693 341 2749 ut
366 2683 520 2765 nimirum,
551 2704 612 2748 uuo
643 2690 775 2764 mortuo,
801 2684 882 2748 inter
913 2690 1034 2748 ceteros
1061 2693 1203 2747 maneret

52 2814 75 2863 6.
85 2808 231 2873 societas.
270 2813 299 2876 u
324 2809 464 2873 Soluitur
480 2809 624 2888 societas,
649 2809 743 2872 etiam
760 2809 787 2872 si
801 2807 872 2872 finis
895 2808 1023 2889 negotio
1039 2807 1203 2891 impositus

84 2932 137 3015 sit,
166 2939 299 3017 propter
327 2933 411 3014 quod
440 2942 488 2999 est
523 2939 693 2998 contracta.
740 2932 767 2997 si
798 2933 880 2997 enirn
908 2931 950 2996 ad
976 2933 1201 3015 mancipiorum
1222 2951 1258 3002 20

85 3058 333 3140 negotiationem
362 3059 440 3124 inita
467 3059 521 3140 sit,
551 3065 584 3122 et
605 3058 679 3122 talis
702 3057 874 3140 negotiatio
897 3056 1020 3137 finierit,
1046 3063 1150 3120 cessat
1173 3063 1204 3120 et

53 3183 75 3232 t.
85 3183 232 3247 societas.
285 3187 312 3249 7.
333 3183 510 3248 Publicatio
540 3203 662 3263 quoque
693 3183 846 3247 bonorum
875 3182 967 3245 unius
999 3179 1077 3246 socii
1105 3179 1204 3244 socie-

84 3307 307 3390 tatem-soluit3
324 3314 398 3372 tuuc
411 3307 540 3388 scilicet,
558 3327 628 3371 cum
644 3290 794 3371 uniuersa
809 3305 886 3400 socii
902 3307 987 3370 bona
997 3304 1204 3389 pubhcentur.

85 3449 155 3494 nam
173 3452 246 3496 cum
261 3432 294 3496 in
310 3432 377 3498 eius
393 3433 479 3496 bona
494 3432 574 3497 alius
591 3432 739 3514 succedit,
764 3431 846 3496 idest
860 3429 963 3512 fiscus,
987 3429 1096 3494 mortis
1109 3448 1203 3511 quae-

84 3553 157 3618 dam
172 3556 332 3621 inducitur
347 3555 526 3639 similitudo,
550 3556 631 3620 uude
648 3557 780 3621 soluitur
796 3555 941 3620 societas.
978 3554 1006 3618 si
1028 3574 1103 3637 pars
1126 3573 1202 3618 uero
1223 3570 1257 3622 ao
