2932 4704
524 340 756 404 -110—

93 528 187 610 eique
209 548 248 595 ex
269 547 365 596 oense
387 529 526 596 dirutum
548 527 591 594 sit
612 526 803 606 aediticium,
831 527 974 594 dominus
1002 528 1154 594 materiae
1176 529 1203 592 si

95 665 143 712 non
162 645 264 713 inerit
285 647 413 730 duplum
435 648 668 730 peractionem
695 649 734 712 de
762 647 848 728 tigno
876 648 983 714 iuncto
1011 647 1074 712 iem
1102 665 1209 727 persea

54 767 182 845 ³⁰-cntns,
206 784 277 832 eam
300 767 459 832 uindicare
481 774 513 832 et
534 767 574 831 ad
598 765 805 832 exhibendum
828 784 921 846 agere
936 770 1049 847 potest
1072 765 1122 829 30.
1140 765 1205 830 Iam

94 885 125 949 cie
143 903 178 950 eo
206 889 407 966 perspectum
436 886 586 950 babemus
613 887 666 968 qui
697 886 729 950 in
759 903 817 950 suo
846 883 912 950 solo
939 883 1044 951 abana
1072 883 1206 950 materia

94 1003 207 1067 domum
242 1001 466 1069 aedificauerit
520 1022 602 1070 nune
633 1004 673 1069 dc
702 1004 858 1070 contrario
888 1021 963 1069 casn
991 1003 1204 1086 dispiciamus.
1240 1007 1257 1056 ⁵

93 1121 115 1185 si
133 1121 161 1186 in
184 1128 245 1187 tuo
267 1115 333 1188 solo
356 1141 425 1188 mec
446 1123 578 1188 materia
600 1121 777 1188 aedificium
799 1123 1042 1202 construxerim,
1071 1122 1130 1189 soli
1153 1123 1207 1188 do·

93 1240 183 1304 minus
212 1239 309 1305 etiam
337 1239 470 1306 aedificii
496 1241 721 1322 proprietatem
743 1241 941 1306 nanciscetur
967 1247 1095 1323 propter
1117 1259 1208 1322 regu·

92 1358 145 1424 lam
165 1359 323 1425 dicentem
345 1379 382 1425 ea
403 1377 485 1440 quoe
506 1359 745 1426 inaedificentur
766 1360 833 1426 solo
855 1360 984 1441 cedere3
1013 1363 1122 1440 itaque
1145 1379 1208 1426 mn·

94 1479 180 1544 teriae
203 1478 375 1544 dominium
394 1481 626 1563 inperpetuum
649 1481 769 1556 emitto,
793 1482 893 1547 sciens
909 1479 992 1545 enim
1008 1480 1207 1562 prudensque

93 1595 121 1660 in
140 1597 244 1662 alieno
265 1597 332 1663 solo
351 1596 522 1664 aedificati.
555 1599 652 1680 igitur
674 1597 702 1662 si
724 1597 898 1663 aediticium
921 1599 1059 1664 dirutum
1083 1597 1124 1662 sit
1146 1615 1206 1662 non
1228 1618 1260 1668 10

93 1723 192 1796 potero
216 1717 382 1782 materiam
405 1717 576 1785 uindicare.
614 1725 700 1784 certe
722 1718 799 1783 illud
823 1724 957 1796 mosot,
980 1719 1008 1782 si
1031 1719 1061 1782 in
1087 1735 1209 1800 posses·

95 1835 171 1900 sione
193 1834 328 1902 aedificii
350 1854 400 1902 me
421 1835 622 1904 aedificatore
645 1838 828 1917 constituto,
852 1838 994 1904 dominus
1017 1835 1075 1902 soli
1098 1837 1208 1916 regulo
1231 1865 1237 1878 ·

95 1954 249 2037 nisusque
259 1953 403 2021 aedificio
413 1955 479 2021 solo
490 1958 614 2036 cedunt,
630 1957 671 2022 ad
683 1955 906 2024 uindicandum
918 1960 1001 2037 egat,
1012 1956 1039 2020 si
1051 1955 1133 2020 bona
1147 1953 1209 2020 fide

96 2089 249 2152 possessor
271 2072 382 2138 inerim
406 2073 568 2155 (putabam
592 2075 672 2140 enim
695 2074 795 2140 solum
811 2092 914 2139 meum
931 2073 1024 2155 esse),
1040 2091 1101 2138 non
1117 2073 1210 2137 modo

98 2193 238 2258 muriae
270 2193 406 2275 pretium
428 2211 478 2258 me
507 2195 665 2279 consequi,
699 2200 748 2258 set
781 2200 813 2258 et
845 2193 1005 2258 fabrorum
1038 2193 1207 2269 mercedes,
1229 2207 1261 2257 lc

98 2328 222 2393 eumque
243 2313 399 2377 nolentem
422 2331 460 2377 ea
481 2312 613 2392 soluere,
635 2331 694 2394 per
719 2311 781 2378 doli
811 2311 1023 2394 exceptionem
1058 2311 1211 2394 repellere

98 2446 191 2510 posse.
235 2429 263 2495 ei
286 2449 360 2496 uero
391 2431 472 2497 maia
501 2429 562 2497 tide
590 2429 692 2497 locum
722 2431 919 2513 possidebam
949 2431 1098 2515 (sciebam
1128 2433 1209 2497 enim

99 2548 193 2614 locnm
215 2568 285 2616 esse
306 2549 470 2632 alienum),
494 2549 611 2616 nnllam
641 2550 763 2616 bnbcbo
791 2551 1006 2634 exceptionem
1036 2553 1086 2616 set
1115 2569 1212 2634 cogar

97 2667 220 2734 tundnm
241 2687 311 2736 cum
334 2668 478 2739 aedificio
500 2670 686 2751 restituere;
709 2674 813 2751 potest
841 2670 923 2736 enim
946 2670 1021 2736 mibi
1044 2687 1211 2751 equoque

99 2786 186 2866 culpa
211 2787 290 2853 obici
316 2787 400 2870 quod
433 2793 551 2854 temere
581 2797 613 2854 et
646 2789 785 2872 prudens
817 2790 849 2855 in
882 2789 949 2856 solo
982 2787 1211 2856 aedificauerim
1230 2787 1265 2838 2⁰

55 2904 206 2970 suniero.
255 2906 304 2969 31.
338 2905 439 2972 Titius
466 2907 610 2972 arborem
637 2909 770 2974 alienam
798 2907 830 2973 in
859 2925 917 2974 suo
943 2908 1010 2974 solo
1038 2907 1211 2991 plautauit:

99 3021 171 3088 Titii
199 3025 289 3089 arbor
319 3024 388 3090 erit.
443 3032 476 3090 et
501 3025 528 3090 si
550 3025 650 3092 Titius
678 3027 822 3093 arborem
852 3043 942 3091 enam
975 3026 1006 3090 in
1035 3026 1100 3091 solo
1129 3025 1214 3090 Mae-

100 3140 141 3204 uii
173 3142 380 3222 praebuerit,
418 3141 535 3210 Maeuii
567 3145 660 3212 arbor
699 3145 771 3211 fiet:
814 3146 923 3228 utique
963 3153 1096 3224 utroque
1138 3160 1213 3210 casn
