2960 4704
547 379 761 446 ..25-

97 568 185 636 sicuti
224 575 319 634 antea
351 567 590 635 obsemabatur.
651 565 728 648 qnid
765 572 870 634 autem
906 566 940 634 id
973 565 1019 634 sit
1050 567 1216 636 dicendum

98 695 150 758 et
200 697 276 756 anta
307 689 412 756 omnia
443 688 476 754 id
508 693 707 772 pompectnm
738 685 867 755 habena.
903 693 953 754 ast
995 687 1079 770 apud
1115 706 1217 756 roma·

97 827 148 876 nos
190 816 280 876 actas
325 808 465 891 legitima
504 817 538 876 et
578 815 667 876 aetas
700 807 870 888 naturalis,
910 805 1083 890 legitimum
1119 807 1217 876 domi·

96 927 176 994 mum
210 935 245 994 et
278 928 448 994 dominium
481 927 640 1006 naturale,
673 927 784 993 modus
812 926 972 1012 legitimus
1002 927 1217 996 manumissio·

96 1047 140 1112 nis
171 1053 204 1114 et
239 1047 392 1113 naturalis
414 1045 526 1114 modus
554 1047 816 1114 manumissionis.
844 1053 877 1114 et
905 1045 1056 1114 naturalis
1088 1046 1216 1132 quidam
1247 1045 1267 1098 ³

95 1173 177 1232 aetas
199 1175 252 1232 cat
273 1185 355 1250 quae
376 1167 477 1232 minor
503 1171 551 1231 est
580 1166 670 1232 aunis
699 1165 805 1232 XXX:
835 1165 977 1249 legitima
1005 1185 1087 1251 quae
1115 1167 1216 1234 mmor

95 1293 139 1355 cst
159 1303 245 1354 anno
268 1285 459 1365 trigensimo.
504 1303 566 1352 non
588 1284 664 1367 quia
684 1291 822 1352 aetatem
843 1285 933 1352 XXX
954 1285 1044 1352 anuis
1065 1285 1215 1353 maiorem

93 1415 203 1473 natura
225 1407 361 1488 ignoret,
384 1423 454 1471 oum
482 1404 582 1470 omnis
612 1410 700 1470 oetas
732 1403 886 1470 naturalis
912 1405 967 1483 sit,
995 1409 1045 1472 set
1070 1405 1146 1489 quin
1167 1405 1216 1473 lox

96 1526 158 1591 eius
191 1523 311 1591 aetatis
341 1522 507 1605 specialem
532 1522 643 1589 iecerit
670 1522 876 1602 mentionem,
906 1539 988 1604 quae
1014 1525 1215 1608 tringcnsimo

98 1661 174 1710 anno
188 1645 293 1710 maior
307 1644 358 1717 sit,
372 1642 443 1708 ideo
457 1641 597 1724 legitima
611 1648 699 1708 aetas
716 1659 754 1707 ea
769 1649 819 1708 est
832 1648 955 1709 uocata
977 1651 1025 1709 est
1048 1643 1154 1725 igitur,
1176 1644 1217 1712 si-
1235 1649 1268 1701 1⁰

95 1771 144 1828 cut
171 1763 254 1840 dixi,
282 1762 426 1828 naturale
449 1761 617 1829 dominium
639 1768 672 1829 et
693 1761 868 1846 legitimum
891 1761 1070 1828 dominium.
1126 1769 1215 1831 notu·

95 1883 155 1964 rats,
176 1889 287 1949 autem
307 1881 422 1948 dicitur
436 1883 475 1947 in
497 1881 624 1963 bonis,
645 1889 678 1948 at
693 1880 836 1950 dominus
851 1883 1092 1967 bonitarius;
1116 1883 1216 1969 tegiti-

96 2021 159 2069 nus
174 2009 285 2068 autern
301 2003 415 2068 dicitnr
429 2021 471 2068 cx
493 2001 575 2068 iure
589 2001 808 2083 Quiritium,
830 2001 914 2071 idest
935 2003 1050 2070 ciuium
1073 2021 1214 2072 romano·

99 2141 162 2188 ram
182 2121 340 2206 (Quirites
363 2121 444 2188 enim
459 2121 608 2188 dicuntur
621 2121 753 2188 Romani
767 2139 788 2188 a
802 2122 944 2203 Romulo
967 2121 1049 2188 nude
1063 2122 1214 2206 originem

96 2241 267 2324 duxerunt)
289 2241 433 2306 dominus
455 2258 532 2306 nero
554 2260 598 2308 cx
620 2242 704 2308 iure
725 2241 940 2324 quiritatio.
968 2240 1088 2326 siquis
1110 2247 1214 2308 autem
1234 2253 1266 2306 tt

96 2367 265 2442 utrumqne
286 2359 419 2426 haberet
440 2359 625 2439 dominium,
649 2358 740 2442 pleno
769 2361 838 2428 iure
867 2360 1012 2428 dominus
1041 2361 1216 2441 dicebatur,

96 2487 199 2562 utpote
221 2479 280 2560 qui
303 2483 471 2561 utrumque
492 2479 663 2562 legitimum
684 2485 717 2546 et
730 2479 874 2546 naturale
887 2479 1020 2548 haberet
1035 2479 1214 2546 dominium.

97 2603 140 2665 est
160 2607 193 2665 et
214 2596 379 2679 legitimus
406 2597 645 2665 manumittendi
675 2597 787 2664 modus
814 2603 848 2666 et
873 2599 1026 2667 naturalis
1052 2601 1216 2666 manumit»

97 2717 176 2782 tendi
203 2717 330 2784 modus.
372 2723 405 2783 et
434 2717 593 2801 legitimos
619 2716 730 2784 modus
757 2715 910 2784 triinriam
936 2717 1048 2798 debat,
1077 2719 1216 2788 uindicta

96 2855 186 2906 censu
216 2843 419 2905 testamento.
470 2837 513 2904 Et
541 2837 681 2904 uindicta
710 2838 913 2905 manumissio
947 2845 996 2906 est
1022 2857 1103 2921 quae
1131 2839 1215 2923 apud
1232 2855 1268 2909 ao

96 2959 314 3041 magistratum
336 2956 381 3022 fit.
426 2958 589 3025 dicebatur
615 2965 721 3024 autem
749 2958 906 3034 uindicta,
935 2957 1011 3042 quia
1037 2958 1216 3026 uindicaba-

95 3081 143 3142 tur
163 3077 358 3161 mancipium
379 3076 412 3143 in
435 3077 610 3144 naturalem
632 3077 828 3156 libertatem,
856 3075 907 3144 uei
928 3095 949 3144 a
970 3077 1113 3144 Vindicio
1140 3097 1216 3162 qno

95 3196 171 3263 dam.
217 3197 290 3280 qui,
319 3215 389 3263 oum
412 3215 524 3264 seruus
552 3203 650 3278 esset,
680 3199 925 3264 coniurationem
953 3197 1107 3266 aduersus
1136 3217 1217 3266 rem·

97 3316 252 3396 urbicam
275 3315 415 3381 iutnram
436 3316 553 3383 indicio
575 3317 709 3394 detexit,
732 3323 765 3382 et
794 3337 813 3382 a
841 3317 989 3382 Romanis
1016 3316 1139 3401 publice
1168 3325 1217 3384 est

97 3438 320 3504 manumissus:
343 3439 376 3502 in
399 3438 488 3504 cuins
509 3437 658 3504 honoram
680 3457 787 3504 omnes
809 3439 864 3522 qni
892 3437 976 3520 apud
999 3437 1216 3522 magistratum
1233 3451 1268 3504 aa

99 3558 403 3632 manumitterentur,
420 3556 562 3622 uindicta
577 3558 759 3622 manumissi
775 3557 971 3624 dicebantur.
994 3577 1090 3624 censu
1111 3567 1217 3626 antem

100 3678 299 3743 manumissio
319 3677 366 3741 ita
381 3677 577 3758 procedebat
601 3695 713 3744 census
728 3683 797 3742 erat
812 3677 921 3744 tabula
942 3697 998 3771 sen
1022 3678 1139 3758 charta,
1163 3679 1216 3746 ubi

41 3789 43 3844 ἰ
101 3795 226 3862 Romani
259 3796 425 3862 facultates
455 3814 527 3862 suas
558 3795 803 3878 profitebantur,
834 3805 870 3864 ut
898 3797 972 3865 belii
999 3806 1139 3882 tempore
1160 3817 1217 3880 pro
