2932 4704
562 379 773 444 ..93-

198 665 248 733 Dc
268 668 424 750 suspectis
445 667 602 735 tutoribus
625 675 657 735 ct
679 669 886 736 curatoribus.
932 664 1055 735 Titulus
1077 668 1128 732 26.

188 853 267 920 Gnm
289 853 329 920 da
351 854 606 922 excusationibus
627 855 723 920 locuti
745 857 852 934 simus,
876 855 1019 922 dicamus
1041 857 1081 922 dc
1095 854 1227 922 crimina

114 972 256 1055 suspecti,
292 992 355 1056 quo
385 979 507 1041 tutores
535 979 569 1040 st
603 979 765 1040 curatores
797 974 1006 1055 postulantur.
1057 975 1091 1040 id
1119 975 1225 1041 eutem

83 1103 99 1152 1.
113 1093 216 1158 cumen
241 1091 350 1173 alege
371 1089 436 1157 ΧΠ
462 1089 640 1158 tabularum
663 1091 833 1158 descendit
874 1095 901 1156 1.
936 1089 1108 1158 Videamus
1130 1093 1226 1173 igitur

113 1209 227 1290 quinum
261 1208 302 1275 de
328 1209 480 1276 eiusmodi
510 1211 638 1277 crimine
666 1219 870 1292 cognoscant,
900 1216 933 1276 ct
959 1211 1088 1295 quinam
1116 1217 1226 1291 utpote

112 1331 239 1414 suspecti
273 1338 511 1407 remoueautur,
545 1334 578 1396 et
610 1331 736 1412 quinem
770 1329 895 1396 demum
929 1336 1092 1414 suspectos
1121 1330 1225 1397 iacere
1258 1347 1275 1398 s

111 1449 230 1533 possint.
288 1449 489 1530 postulantur
522 1452 628 1514 autem
662 1450 799 1532 smpacti
832 1450 950 1516 Mmao
982 1448 1109 1530 quidem
1142 1451 1226 1533 apud

110 1575 287 1650 praetorem,
309 1570 340 1635 iu
356 1569 526 1652 prouinciis
541 1587 619 1636 uero
633 1567 717 1650 apud
731 1570 901 1652 praesides,
923 1570 975 1636 uel
990 1571 1073 1653 apuu
1088 1569 1226 1654 legatum

75 1700 94 1750 a.
110 1688 304 1771 proconsulis.
320 1690 350 1755 2.
364 1689 442 1755 Cum
454 1689 494 1754 de
505 1689 545 1756 iis
556 1690 610 1772 qui
621 1695 820 1771 cognoscant,
831 1689 1012 1764 uiderimus,
1024 1689 1226 1773 dispiciamus

111 1808 315 1893 desuspectis.
335 1807 497 1875 sciendum
513 1815 562 1874 est
578 1827 685 1874 omues
701 1815 821 1875 tutores
836 1809 904 1875 siue
919 1809 1147 1875 testamentarii
1158 1809 1226 1876 siue

110 1929 230 1994 almum
252 1927 378 2008 generis
400 1935 486 1994 recte
508 1925 679 2012 postulari;
701 1929 808 2013 itaque
830 1937 862 1994 ct
880 1927 1040 2010 legitimus
1063 1933 1150 1996 tutor
1172 1947 1225 1995 ue·
1246 1938 1278 1988 ιο

108 2045 161 2112 luti
181 2054 348 2132 suspectus
371 2049 524 2116 remoueri
547 2049 672 2130 poterit.
719 2053 751 2114 ct
772 2049 798 2113 si
821 2054 974 2131 patronus
1002 2048 1113 2126 fuerit,
1143 2049 1225 2115 idem

110 2166 247 2246 dicemus,
273 2169 334 2232 nisi
355 2167 440 2248 qnod
462 2166 622 2234 sciendum
645 2173 695 2232 est
717 2165 819 2232 lamae
845 2168 968 2248 patroni
1000 2184 1069 2230 esse
1099 2186 1226 2248 parcen·

109 2287 191 2368 dum,
217 2287 293 2354 licet
314 2293 351 2353 ut
366 2289 537 2367 ¹suspectus
566 2293 705 2352 remotus
733 2283 838 2352 fuerit.
890 2287 1027 2367 suspecti
1058 2285 1139 2350 enim
1170 2287 1225 2352 cri·

73 2413 93 2464 ³-
108 2423 171 2472 meu
192 2406 346 2471 mmosum
370 2413 428 2470 est.
472 2405 501 2469 3.
536 2403 740 2488 Consequens
761 2410 809 2470 sat
830 2410 868 2470 ot
888 2405 1052 2470 uideamus
1078 2405 1134 2487 qui
1157 2425 1224 2487 pos-

107 2523 165 2590 sint
194 2532 360 2606 suspectos
393 2525 563 2607 postulare.
619 2529 652 2590 et
684 2523 845 2590 suendum
883 2532 932 2591 est
965 2525 1123 2607 publicem
1157 2543 1224 2592 csse
1244 2540 1275 2592 ln

106 2645 252 2710 eiusmodi
281 2647 450 2723 actionem,
472 2642 554 2710 idest
576 2645 720 2710 omuibus
748 2643 841 2710 licere
863 2643 921 2709 hoc
943 2643 1057 2711 iudicio
1080 2643 1224 2726 experiri.

105 2764 293 2846 quinimmo
320 2772 353 2830 ct
374 2763 521 2830 mulieres
543 2763 584 2830 ed
608 2765 688 2830 hano
709 2765 862 2830 actionem
886 2763 1110 2840 admittentur,
1133 2765 1225 2830 sicuti

104 2883 323 2950 constitutione
345 2881 489 2948 diuorum
512 2882 623 2950 Seueri
646 2890 678 2950 et
702 2882 851 2948 Antonini
873 2892 999 2950 cautum
1014 2890 1076 2949 est:
1100 2887 1151 2948 act
1164 2883 1225 2948 hac

103 3001 192 3076 solae.
216 3021 301 3086 quae
323 3002 451 3086 pictatis
472 3002 705 3070 necessitudine
727 3005 841 3071 ductae
863 3004 904 3069 arl
926 3004 985 3069 nec
1008 3003 1224 3086 processerint,

103 3121 198 3188 ueluti
233 3130 336 3189 mater
369 3124 475 3189 nutrix
506 3125 588 3189 auia.
659 3143 699 3188 ne
737 3139 826 3190 soror
865 3122 991 3204 quidem
1024 3124 1223 3207 prohibetun
1242 3129 1276 3180 20

103 3248 147 3306 set
168 3251 202 3308 ct
225 3243 255 3308 si
279 3261 341 3325 qua
362 3239 427 3310 alie
449 3244 562 3310 mulier
582 3242 688 3322 luerit,
711 3244 801 3310 cuins
823 3250 951 3329 praetor
973 3261 1160 3326 propensam
1183 3245 1222 3309 ad

101 3361 249 3440 pictatem
273 3369 409 3428 mentem
431 3361 630 3440 intellexerit,
653 3381 716 3430 uon
739 3382 814 3430 uero
843 3363 1031 3446 impudicam
1056 3381 1156 3444 acque
1178 3381 1222 3429 se·

101 3497 156 3544 xus
177 3482 403 3548 uerecundiam
425 3481 646 3563 emadieutem,
669 3486 765 3562 atque
787 3483 905 3564 pictate
932 3487 1134 3560 commotam,
1163 3499 1224 3547 nou

101 3615 189 3677 posse
211 3600 362 3666 iniuriam
384 3599 572 3682 pupillorum
596 3601 763 3678 continere,
785 3603 867 3668 hauc
889 3618 1014 3684 qnoque
1035 3599 1076 3666 ad
1099 3617 1223 3666 accusa·
