2876 4712
514 367 659 431 -305
705 401 744 413 -

87 554 152 618 natis
169 553 328 632 anteferri,
350 553 420 618 ideo
436 559 564 634 praetor
578 553 683 618 decem
703 571 863 636 personas,
882 571 963 634 qnae
978 552 1035 618 tibi
1050 552 1187 635 potiores

86 673 232 739 habendae
254 679 359 740 essent
381 676 412 740 in
435 676 631 741 successione
654 675 695 740 ab
716 677 884 760 intestato,
898 677 1042 756 uocauit,
1070 677 1188 742 scilicet

85 792 168 858 filum
183 792 280 859 filiam
295 798 441 876 nepotem
455 799 580 877 neptem
596 799 662 859 tam
677 814 713 860 ex
728 793 792 859 filio
808 813 903 877 quarn
918 814 955 860 ex
969 794 1042 875 lilia,
1065 801 1188 878 patrem

85 918 202 979 matrem
225 931 321 977 auum
347 913 451 978 auiam
478 920 544 979 tam
571 919 719 995 paternos
742 932 835 996 quam
863 919 1035 994 maternos,
1058 913 1188 980 fratrem

85 1051 221 1098 sororem.
267 1034 324 1099 bos
352 1034 450 1115 igitur
471 1041 619 1100 sxtrmeo
641 1035 792 1118 praetulit
813 1035 1034 1101 manumissori
1060 1035 1222 1100 »nudes

84 1153 201 1219 decem
230 1171 451 1236 personae«
489 1154 641 1220 bonorum
675 1155 904 1238 possessionem
937 1155 1111 1238 pollicitus:
1150 1172 1188 1219 er

83 1291 199 1338 numero
228 1275 311 1339 enim
340 1292 450 1339 eornm
478 1275 532 1356 qui
561 1279 668 1356 petere
697 1282 830 1357 possunt
858 1275 974 1357 adepta
999 1280 1049 1340 est
1074 1292 1188 1339 nomen

84 1393 239 1473 possessio.
261 1399 408 1475 quartam
426 1394 549 1460 »nude
564 1396 775 1477 cognatior
794 1395 937 1478 quintam
955 1400 1060 1460 »tum
1075 1411 1188 1475 qnam

83 1511 310 1578 sulamitis«
336 1517 384 1579 est
404 1515 571 1596 pollicitus.
594 1515 682 1580 locus
704 1519 753 1579 est
771 1514 843 1579 huic
863 1515 895 1578 in
909 1513 1088 1579 huiusmodi
1103 1531 1187 1578 casu.

82 1631 200 1698 libertus
223 1633 351 1715 quidam
372 1640 515 1699 mortuus
541 1639 591 1699 est
612 1635 679 1699 sine
700 1633 821 1711 liberiS,
844 1633 1030 1710 intestatus,
1052 1638 1187 1714 patrono
1208 1643 1239 1692 ιο

82 1770 134 1816 non
155 1757 290 1818 extante.
324 1752 454 1834 adgnati
476 1755 601 1835 patroni
623 1754 663 1819 ad
679 1753 785 1818 liberti
799 1753 882 1818 bona
897 1753 1024 1817 uenient
1045 1771 1082 1817 ex
1105 1752 1190 1816 dictu

82 1871 222 1938 bonomm
244 1875 474 1954 possessionem
500 1881 605 1938 »tum
634 1893 749 1956 quam
778 1873 1033 1940 sulamitis«.
1068 1877 1188 1938 sextam

81 1993 337 2073 excogitauit,
366 2000 561 2074 patronoque
583 1998 616 2058 st
637 1999 771 2076 patrona
793 1993 895 2070 dedit,
919 1999 951 2058 et
973 1992 1187 2058 adscendenti-

79 2110 134 2176 bus
153 2117 184 2176 et
204 2111 464 2177 descendentibus
486 2131 604 2190 eorum,
627 2131 722 2195 quam
744 2113 886 2178 uocauit:
913 2111 1038 2178 »unde
1067 2112 1189 2177 liberi

81 2232 229 2311 patroni
256 2238 525 2315 patronaeque
553 2239 592 2299 et
618 2240 806 2315 parentes
834 2253 1006 2298 eorum«.
1052 2233 1078 2298 si
1106 2231 1187 2297 enim
1210 2242 1239 2292 15

81 2357 213 2418 mortuus
235 2352 367 2418 libertus
390 2353 446 2429 sit,
474 2373 511 2418 ac
533 2353 678 2436 deinceps
700 2345 1059 2436 patroni'patronaeque
1081 2352 1131 2418 uel
1153 2351 1189 2416 li·

82 2469 142 2534 beri
163 2489 270 2536 eorum
292 2477 399 2553 petere
422 2472 581 2538 noluerint
609 2474 838 2556 possessionem
866 2472 970 2537 unde
996 2472 1187 2554 legitimi,

80 2591 245 2670 spatiumne
273 2593 424 2673 temporis
452 2592 606 2674 petendae
632 2593 837 2674 possessionis
867 2591 1065 2673 praeterierit
1098 2593 1187 2675 (una-

80 2727 213 2791 quaeque
241 2711 323 2776 enirn
353 2711 507 2776 bonorum
533 2711 690 2794 possessio
718 2718 804 2777 certo
827 2713 1015 2776 terminatur
1036 2716 1187 2792 tempore,

82 2833 116 2891 ut
145 2829 269 2896 inferius
310 2830 498 2896 admonendi
537 2832 677 2913 sumus),
714 2849 816 2914 neque
852 2832 999 2913 petierint
1034 2831 1188 2895 bonorum
1207 2841 1240 2891 no

83 2949 300 3026 possessionem
327 2956 430 3016 »tum
453 2969 567 3032 quam
590 2969 631 3016 ex
660 2949 850 3027 familia«,
878 2955 1012 3032 possunt
1041 2970 1078 3016 ex
1100 2969 1189 3032 prae

81 3069 154 3132 senti
174 3069 370 3151 possessione
400 3070 567 3136 succedere
593 3076 649 3135 aut
675 3071 734 3153 ipsi
756 3069 898 3154 patroni,
929 3075 998 3147 aut,
1027 3071 1103 3152 ipsis
1126 3089 1188 3135 non

81 3189 280 3268 exstantibus,
309 3191 399 3255 liberi
430 3209 538 3258 corum
565 3191 616 3256 uel
639 3196 784 3272 parentes
815 3194 1020 3272 patronorum
1043 3195 1189 3271 patrona-

81 3323 211 3390 rumque.
246 3311 381 3391 septimo
404 3310 471 3375 loco
494 3310 614 3374 inuenit
635 3309 788 3375 bonorum
810 3309 1038 3393 possessionem
1065 3309 1189 3374 »unde

82 3427 191 3494 niret
212 3449 345 3504 uxor«.
390 3430 416 3494 si
439 3429 521 3494 enim
544 3429 614 3510 quis
637 3430 791 3495 moriatur
812 3429 997 3506 intestatus,
1026 3427 1112 3492 nullo
1142 3448 1189 3493 re-
1207 3435 1239 3486 25

81 3544 146 3612 licto
167 3555 313 3632 cognato,
336 3551 388 3614 uel
409 3551 522 3615 mulier
550 3551 701 3615 intestata
722 3550 893 3627 moriatur,
921 3549 1074 3614 neminem
1097 3547 1189 3613 relin-

82 3683 171 3747 quens
193 3670 247 3753 qni
269 3689 306 3735 ex
330 3669 543 3752 superioribus
566 3670 720 3735 bonorum
742 3668 991 3752 possessionibus
1013 3667 1113 3750 possit
1135 3685 1188 3730 uo-
