2936 4704
537 359 771 424 -152-

111 548 151 613 iis
169 547 278 630 itaquo
300 550 433 630 apparet
453 563 511 628 per
533 545 649 612 liberos
671 545 828 623 homines,
856 545 911 626 qui
934 549 1041 610 nostro
1063 543 1124 610 iuri
1146 544 1220 610 snb·

109 666 171 733 iacti
189 684 253 732 nou
275 671 350 730 sunt
371 683 474 746 neque
494 665 577 730 bona
598 663 661 730 fide
682 664 772 731 nobis
795 665 947 740 seruiunt,
970 663 1045 730 item
1067 679 1124 744 per
1145 659 1219 728 alie-

108 802 301 863 nossemus,
324 783 491 866 inquibus
513 801 615 867 neque
637 781 865 850 usumfructum
889 801 990 866 neque
1019 783 1120 848 bonae
1145 779 1218 848 lidai

107 903 324 986 possessionem
347 903 512 982 habemus,
541 901 627 968 nulla
654 922 692 968 ex
721 919 817 968 causa
845 902 935 968 nobis
965 901 1088 984 adquiri
1115 917 1216 984 posse.

108 1029 135 1088 et
151 1023 206 1090 hoc
230 1022 385 1104 estquod
407 1021 503 1104 uulgo
526 1022 641 1088 dicitnr
662 1039 719 1105 per
748 1027 928 1088 exuaneam
955 1037 1119 1102 personam
1142 1020 1217 1087 nihil
1251 1019 1268 1070 ⁵

106 1143 218 1225 adquiri
240 1159 349 1225 posse:
372 1149 500 1224 excepto
522 1159 598 1209 oasu
619 1160 712 1224 quem
735 1158 817 1207 nuno
839 1158 1058 1223 proponemus.
1093 1140 1121 1206 si
1144 1159 1219 1207 uen-

107 1259 210 1327 diderit
232 1261 302 1344 quis
324 1261 400 1326 mihi
423 1261 587 1341 praedium
610 1259 673 1327 alia
694 1261 822 1342 regiona
841 1262 987 1343 positum,
1011 1261 1125 1328 deindo
1146 1278 1217 1327 uum

106 1379 169 1447 illue
188 1379 356 1462 peruenire
378 1399 441 1448 non
463 1379 589 1464 possim,
611 1385 847 1461 procuratorem
869 1397 973 1448 meum
994 1381 1139 1458 miserim,
1162 1381 1217 1463 qui

106 1497 322 1580 possessionem
344 1499 544 1581 praediorum
567 1499 729 1580 suscipiat.
760 1499 947 1583 adquiratur
968 1499 1041 1566 mihi
1065 1519 1121 1583 per
1142 1517 1217 1567 eun-

106 1617 166 1683 dem
193 1619 358 1701 possessio.
411 1619 494 1702 quod
525 1638 585 1683 non
609 1623 732 1684 tantum
761 1619 931 1686 scientibus
960 1619 1050 1686 nobis
1079 1619 1215 1699 obuenit
1237 1619 1268 1670 ¹⁰

106 1743 147 1804 set
166 1741 257 1805 etiam
280 1740 309 1804 si
338 1737 554 1820 ignorantibus
582 1738 672 1805 nobis
702 1735 822 1819 aliquid
850 1743 957 1804 nostro
986 1739 1110 1804 nomino
1138 1737 1215 1820 ipsis

106 1859 208 1937 detur,
245 1856 403 1941 possessio
444 1859 533 1924 nobis
570 1857 757 1939 quaeritur,
797 1859 879 1925 siout
919 1857 988 1923 uult
1033 1859 1215 1925 constitutio

107 1977 164 2042 diui
183 1978 302 2044 Seueri.
354 1983 493 2044 ceterum
521 1977 720 2061 possessione
750 1977 840 2044 nobis
868 1977 1027 2058 quaesita,
1058 1977 1154 2042 tacite
1183 1983 1215 2042 et

107 2097 262 2162 dominium
284 2098 436 2178 sequitur,
459 2098 601 2164 simodo
623 2099 766 2164 dominus
787 2097 830 2163 sit
857 2099 911 2180 qui
938 2096 1046 2162 tradit.
1090 2096 1139 2162 sin
1161 2113 1211 2160 nu·

108 2223 162 2280 tem
183 2217 323 2283 dominus
349 2234 411 2283 nou
438 2215 549 2294 inerit,
580 2233 637 2300 per
665 2217 885 2297 usucapionem
911 2215 1036 2298 longine
1063 2212 1266 2296 temporisne

73 2336 319 2416 opossosuiouem
351 2335 488 2403 traditae
519 2337 564 2402 rei
597 2336 821 2420 proprietatem
855 2335 1019 2418 adipiscar.
1076 2335 1105 2397 6.
1133 2333 1214 2400 Haa-

108 2461 187 2522 tauus
217 2458 370 2540 tantisper
398 2457 597 2524 admonuisse
632 2455 748 2522 sufficit
781 2454 1044 2535 quemadmodum
1073 2455 1215 2537 singulae

106 2591 150 2638 res
169 2577 253 2642 nobis
273 2577 491 2660 adquirentur.
535 2583 584 2642 est
611 2580 644 2642 et
671 2575 752 2642 alius
780 2574 907 2658 qnidam
936 2573 1120 2655 adquirendi
1149 2590 1214 2640 mo-

106 2693 166 2770 dus,
185 2695 304 2762 seilicet
324 2675 472 2778 legatum,
493 2715 550 2778 per
571 2696 657 2776 quod
678 2693 819 2778 singulae
848 2713 899 2760 res
927 2694 1018 2760 uobis
1045 2692 1214 2775 adquirun-

105 2820 157 2878 tur.
208 2815 280 2882 item
307 2815 358 2882 ins
390 2813 716 2895 fideicommissorum,
748 2833 804 2897 per
833 2833 915 2899 qnae
946 2815 1041 2880 etiam
1070 2809 1213 2896 singulae
1230 2811 1266 2862 ²⁰

105 2949 148 3022 res
172 2933 258 3000 nobis
287 2933 420 3015 relinqui
448 2941 595 3016 possunt3
627 2951 709 3016 quoe
738 2933 946 3017 opportunius
972 2931 1119 2998 interiore
1144 2931 1213 2998 loeo

103 3051 268 3119 referemus.
312 3056 421 3138 itaque
441 3055 684 3138 adquisitionum
713 3054 796 3121 modi
825 3059 882 3120 aut
909 3051 1060 3118 naturalis
1090 3057 1146 3117 aut
1172 3050 1213 3117 oi·

103 3169 166 3237 nilis
186 3172 261 3240 iuris
283 3181 369 3241 sunt.
419 3175 578 3242 naturales
606 3175 732 3258 quidem
761 3180 835 3239 sunt
857 3170 970 3252 xlm,
992 3173 1092 3238 idest:
1122 3169 1137 3234 1
1158 3189 1212 3236 ue·

103 3291 187 3355 natio.
230 3289 410 3375 Hpraeda
455 3293 502 3360 ΠΙ
523 3293 623 3378 lapilli
645 3294 677 3359 in
706 3294 800 3360 litore
826 3292 958 3360 inuenti.
1003 3289 1068 3354 1111
1090 3295 1212 3356 nostro·

100 3425 163 3474 rum
191 3412 367 3479 animalium
394 3411 478 3480 letus
508 3413 546 3479 V.
596 3413 722 3481 alluuio.
775 3412 819 3478 Vl
848 3412 953 3478 insula
986 3411 1264 3477 inmoriuntur

100 3523 220 3596 flumine
237 3539 338 3599 enata
383 3531 442 3600 Vll
463 3533 663 3617 praediorum
690 3552 787 3620 prope
813 3532 939 3600 dueum
966 3529 1102 3598 fluminis
1125 3531 1210 3598 dere·

145 4251 244 4302 Thespiu-
256 4254 365 4298 Anum.
379 4267 421 4298 rer.
435 4254 524 4298 rarius
