2876 4712
524 349 758 416 -ust-

82 536 120 602 uu
144 544 269 604 sextum
292 537 424 620 gradum
446 535 641 618 cognationis
663 543 753 619 sunt3
777 555 815 604 ex
836 535 970 620 septimo
999 536 1081 603 euim
1102 537 1203 620 gradu

82 655 140 720 iao
164 663 288 722 tantum
311 673 462 737 personae
485 665 651 722 uocantur:
679 655 797 722 sobrini
819 657 1004 723 sobriuacuc
1024 653 1105 722 fliius
1130 654 1203 722 filia.

81 776 212 855 quinam
234 777 266 841 hi
289 777 352 842 sint
374 795 411 841 ex
433 777 576 860 sequenti
599 776 754 842 discemus
776 775 878 842 titulo.

298 1389 344 1455 De
366 1391 515 1472 gradibus
537 1389 766 1471 cognationum.
810 1387 934 1454 Titulus
956 1387 985 1450 6.

169 1576 260 1656 Quod
282 1578 425 1659 superius
447 1580 486 1642 de
508 1577 658 1659 gradibus
681 1577 770 1642 uobis
792 1575 909 1640 dictum
933 1582 982 1642 eat
1009 1592 1135 1641 neccsse
1157 1583 1205 1640 cut

83 1715 166 1763 nuno
187 1715 245 1780 per
266 1698 367 1779 ipsum
391 1697 536 1763 exhibere
557 1704 735 1763 contextum
757 1707 795 1762 ut
809 1698 956 1762 maiorem
973 1695 1108 1762 habeant
1123 1695 1207 1761 dicta
1240 1701 1257 1752 ὅ

83 1815 187 1883 iidem.
233 1819 479 1884 numerabuntur
500 1826 605 1885 autem
627 1819 672 1883 sic
695 1817 887 1900 cognationis
914 1817 1042 1899 gradus.
1087 1815 1120 1881 in
1143 1813 1206 1897 pri·

84 1937 143 2002 mis
175 1956 250 2004 uero
278 1956 368 2004 nosse
395 1945 520 2020 oportet
546 1940 761 2020 cognationem
793 1957 863 2003 csse
890 1937 983 2002 aliam
1014 1932 1206 2019 superiorem

85 2055 176 2121 aliam
201 2055 379 2122 inferiorem
401 2059 493 2122 aliam
517 2077 554 2122 ex
576 2065 767 2134 transuerso,
789 2075 870 2140 quae
892 2055 986 2122 etiam
1008 2075 1028 2122 a
1050 2054 1149 2121 latere
1164 2054 1209 2120 di·

86 2178 175 2256 citur,
195 2177 328 2242 tranum
346 2195 551 2260 sororumque
563 2185 593 2242 et
606 2195 713 2243 eorum
725 2179 779 2257 qui
793 2178 833 2243 ab
849 2177 897 2242 hie
912 2183 1161 2259 progenerantur
1177 2185 1207 2240 et

86 2295 309 2362 conuenienter
330 2297 435 2378 patrui
457 2298 573 2362 amitae
595 2296 742 2362 auunculi
765 2302 962 2362 materteras.
997 2295 1140 2376 superior
1161 2293 1208 2360 iu·
1228 2307 1260 2360 10

88 2415 245 2498 feriorque
268 2417 411 2498 coguatio
434 2437 454 2482 a
476 2415 576 2499 primo
598 2417 707 2498 incipit
729 2417 844 2500 gradu,
868 2435 906 2480 ea
931 2435 1013 2498 quac
1042 2435 1080 2482 ex
1108 2425 1209 2481 traus-

89 2553 179 2602 uerso
195 2544 246 2602 est
260 2555 279 2601 a
294 2536 444 2602 secundo:
467 2537 587 2618 primus
609 2535 691 2602 enim
706 2537 823 2619 gradus
845 2536 876 2600 iu
900 2535 957 2601 hac
978 2553 998 2600 a
1018 2536 1117 2602 latere
1139 2555 1208 2619 cog·

53 2663 72 2713 1.
90 2657 214 2722 natione
235 2655 443 2722 iuuenieudus
464 2673 525 2724 nou
548 2665 606 2722 cst
655 2660 681 2720 l.
715 2656 838 2722 Primus
868 2657 985 2739 gradus
1013 2673 1108 2737 supra
1138 2674 1210 2722 cou-

55 2775 173 2840 atinct
194 2783 315 2858 patrem
337 2783 480 2852 matrem,
501 2775 585 2842 iutra
604 2775 702 2842 filium
724 2773 829 2844 filium.
867 2775 896 2840 2.
931 2773 1094 2842 Securum
1115 2793 1211 2856 supra

90 2889 228 2960 continet
248 2914 344 2962 auum
370 2896 490 2976 auiam,
512 2897 595 2962 inira
622 2905 766 2978 nepotem
795 2903 935 2979 neptem,
964 2915 1002 2962 ex
1029 2904 1210 2962 transuerso
1230 2913 1261 2965 uu

52 3025 74 3076 a.
92 3013 221 3081 fratrem
248 3033 397 3082 sororem.
448 3017 479 3082 3.
512 3017 638 3084 Tertius
666 3017 784 3098 gratim
812 3017 907 3083 habet
935 3033 1031 3100 supra
1060 3033 1209 3100 proauum

91 3135 260 3216 proauiam,
283 3135 368 3201 inira
390 3145 592 3220 pronepotem
614 3145 811 3220 proneptem:
840 3155 879 3203 ex
901 3143 1081 3203 transuerso
1104 3134 1210 3202 fratris
