2876 4712
499 357 732 424 --289--ι

69 549 111 608 tre
129 559 294 625 sororeqne
314 547 528 626 propagantur
549 542 746 627 appellantur
771 544 945 612 amitini.-¹
987 551 1174 616 materterae

70 677 147 726 meac
166 659 220 726 biii
242 679 295 728 me
314 661 532 730 consobrinum
554 664 673 744 dicunt,x
693 682 845 746 mucro
857 683 911 731 aas
925 664 1083 733 amitinos,
1113 667 1173 733 ita·

67 800 128 864 qne,
149 788 184 846 nt
204 782 314 864 paucis
335 782 506 860 absoluom,
530 781 662 850 abnues
683 801 721 849 cx
742 783 865 850 duobus
885 783 1035 851 nutritus
1052 783 1106 852 uei
1126 801 1176 851 so-

67 901 179 967 roribus
201 901 267 967 nati
290 899 516 967 consobrini
538 899 685 968 andiunt:
714 901 840 983 proprie
866 917 943 969 uero
972 903 1026 984 qui
1053 917 1092 970 ex
1113 895 1174 970 ira·

67 1021 157 1086 tribus
178 1028 429 1103 progenerantur
450 1021 603 1088 iratres
630 1019 854 1104 patrueles,
879 1021 936 1102 qui
955 1020 1173 1090 consororibus
1208 1026 1227 1081 ὅ

37 1135 41 1146 ’
67 1159 159 1206 marca
180 1159 238 1206 seu
261 1139 396 1206 feminae
417 1140 646 1207 consobrini
672 1139 723 1208 uel
744 1140 1024 1222 consobrinae,
1053 1162 1091 1210 ex
1112 1143 1174 1210 ira·

67 1265 160 1325 treet
180 1277 290 1328 sorore
311 1261 475 1326 amitini.
520 1267 556 1326 et
574 1262 620 1328 ita
641 1261 757 1327 sororis
782 1265 876 1326 natus
901 1258 1004 1326 lilium
1027 1261 1175 1332 munculi

66 1381 278 1446 consobrinam
299 1379 434 1459 uocabit,
456 1379 563 1446 fratris
585 1385 692 1445 autom
719 1385 812 1446 natus
838 1378 939 1446 lilium
963 1379 1079 1448 amitae
1100 1381 1174 1448 ami-

36 1523 53 1570 ι,
68 1499 165 1563 tinum.
223 1502 255 1564 5.
287 1499 420 1579 Quintus
455 1501 571 1581 gradus
599 1497 799 1582 amplectitur
824 1515 919 1581 snpra
948 1506 1078 1566 anuum
1109 1505 1175 1568 aba·

67 1618 149 1697 niam,
171 1617 256 1684 inira
279 1627 455 1702 atnepotem
477 1624 645 1701 atneptcm,
668 1637 706 1684 ex
727 1625 908 1685 transuerso
922 1616 1031 1685 iratus
1044 1619 1174 1687 sororis·
1192 1631 1226 1684 lo

65 1754 117 1818 que
136 1745 341 1821 pronepotem
363 1745 547 1822 proneptem
569 1744 601 1804 et
623 1738 845 1804 conuenienter
858 1744 1062 1821 propatrunrn
1083 1757 1174 1824 proa-

63 1860 170 1940 uitam,
192 1859 226 1924 id
251 1865 300 1926 est
320 1861 432 1943 proaui
453 1859 583 1926 bouem
604 1865 637 1924 ot
658 1875 812 1937 sororem,
834 1857 1081 1942 proannnculnm
1103 1876 1175 1940 pro·

65 1948 275 2058 nummorum,
307 1979 344 2058 td,
368 1986 418 2046 cat
445 1979 593 2060 proauiae
619 1977 753 2044 batram
777 1994 815 2042 ac
839 1993 989 2042 sororem.
1031 1976 1175 2044 similiter

63 2116 160 2164 corum
182 2100 240 2180 qui
265 2117 302 2164 cx
324 2097 475 2165 fratribus
497 2103 746 2182 progenerantur
767 2095 896 2182 (quique
925 2101 964 2162 nt
987 2095 1104 2162 dictum
1126 2103 1175 2162 ast

64 2219 211 2284 burdam
228 2219 364 2285 audiunt
377 2219 492 2285 iratres
506 2218 673 2303 patrueles,
695 2216 852 2282 interdum
867 2232 989 2282 sorores
1005 2215 1172 2296 patrueles,
1194 2230 1226 2285 lo

64 2337 210 2404 interdurn
234 2339 411 2405 consobrini
433 2345 465 2405 ct
486 2339 699 2416 consobrinae,
721 2335 877 2402 interdum
899 2330 1023 2402 demum
1051 2335 1171 2402 amitini

64 2461 91 2521 ct
109 2457 284 2540 amitinae),
306 2455 403 2524 filium
425 2456 592 2538 filiamque,
613 2456 729 2536 quique
750 2453 840 2520 audit
867 2453 1013 2536 proprius
1036 2453 1172 2534 sobrina,

64 2582 91 2640 ct
108 2579 234 2659 propria
259 2577 393 2656 sobrina,
416 2577 448 2642 id
470 2585 519 2643 ost
540 2577 644 2660 magni
665 2575 771 2656 patrui
785 2591 916 2657 magnae
930 2572 1046 2640 amitae
1068 2573 1173 2658 magni

20 2713 48 2776 ,t
62 2698 199 2763 auunculi
221 2715 357 2779 magnae
378 2701 564 2764 materterae
585 2692 683 2760 filium
705 2691 871 2774 ibamque.
904 2693 933 2756 6.
956 2690 1051 2759 Sexto
1071 2693 1172 2774 gradu

63 2823 128 2882 aunt
148 2833 250 2900 supra
272 2817 407 2882 tritonus
429 2814 567 2894 tritonia,
589 2813 672 2880 inira
685 2813 824 2896 trinepos
838 2811 995 2897 trineptis,
1014 2831 1053 2880 cx
1074 2819 1173 2880 bam
1189 2815 1224 2868 2⁰
