2870 4716
526 372 767 435 -360—

92 546 169 610 lorte
191 565 243 610 res
267 546 299 609 in
322 565 412 610 usum
441 551 592 628 aoeeptae
620 545 784 629 perierint,
815 545 853 611 de
880 547 975 610 rebus
1004 545 1205 610 restituendis

64 680 152 734 anon
173 671 339 736 tenebitun
386 675 414 738 6.
440 671 475 734 Si
498 671 539 734 ad
565 672 809 754 quinquennium
833 672 928 736 alieni
950 671 1078 735 fundum
1102 691 1205 735 meum

90 796 267 876 loeauerim‚
292 806 323 860 et
346 796 483 862 seeundo
500 797 581 861 torte
598 798 730 862 tertioue
755 817 837 862 anno
855 797 1026 861 eonduetor
1043 797 1204 876 moriatur,

90 921 156 984 eins
178 921 270 986 heres
293 921 326 985 in
353 922 593 987 conductionem
620 922 768 987 suecedet
794 942 894 1003 usqne
925 922 967 986 ad
996 921 1089 986 finem
1118 921 1205 1002 quin·

89 1045 222 1124 quennii.
1242 1054 1258 1105 5

406 1561 456 1626 De
479 1562 640 1626 societate.
686 1562 808 1627 Titulus
833 1565 884 1629 25.

173 1720 250 1785 Post
273 1721 486 1786 uenditionem
511 1729 542 1786 et
557 1723 746 1788 locationem
764 1727 888 1805 oportet
904 1722 943 1786 de
960 1722 1112 1786 societate
1129 1741 1204 1804 quo·

84 1865 145 1927 que
180 1852 327 1909 tractare.
373 1845 452 1910 haee
487 1853 592 1910 antem
624 1847 705 1910 inter
738 1846 891 1928 quosdam
923 1847 1116 1911 contrahitur
1150 1854 1205 1911 aut

85 1976 222 2034 tutorum
260 1971 426 2052 bonorum,
465 1991 558 2052 quam
594 1971 711 2035 Graeci
749 1971 930 2054 specialiter
968 1973 1205 2055 κοινοπραξίαν

85 2094 262 2178 appellant,
298 2104 352 2158 aut
386 2095 477 2159 nnius
512 2096 680 2161 cuiuslibet
713 2095 949 2178 negotiatione,
986 2096 1083 2160 ueluti
1117 2115 1203 2160 man-

85 2220 239 2302 cipiorum
262 2217 464 2284 emendorum
487 2227 519 2284 et
541 2219 791 2302 minuendorum,
820 2227 873 2284 aut
897 2220 960 2284 olei
984 2226 1037 2284 aut
1060 2219 1126 2284 uini
1149 2225 1204 2284 aut
1224 2236 1257 2288 10

52 2345 232 2408 ¹·irumenti
259 2343 394 2430 [emendi
422 2343 663 2430 uendendiquel.
723 2349 750 2411 1.
780 2345 821 2409 Et
849 2345 974 2425 quidem
1003 2344 1030 2408 si
1057 2345 1135 2410 nihil
1163 2343 1203 2408 de

83 2475 182 2548 quota
205 2475 296 2551 parte
320 2469 512 2548 conuenerit,
538 2489 577 2533 ex
601 2489 664 2549 qua
688 2469 819 2550 quisque
844 2469 947 2534 soeius
974 2469 1093 2533 lucrum
1118 2467 1203 2532 dam-

82 2613 198 2658 nnmue
222 2595 339 2658 sentire
365 2593 493 2675 debeat,
523 2614 563 2658 ex
590 2594 700 2674 aequis
723 2595 866 2677 partibus
894 2594 983 2658 luera
1010 2594 1146 2658 sentient
1173 2600 1205 2657 et

82 2718 209 2782 damna
252 2718 337 2800 quod
364 2718 391 2782 si
419 2738 590 2801 expressae
618 2719 733 2783 luerint
760 2725 880 2802 panea,
910 2718 994 2800 quod
1020 2739 1203 2801 expressum

82 2850 133 2907 est
156 2844 278 2908 seruari
302 2849 442 2926 oportet:
469 2843 637 2908 nonenim
662 2843 790 2908 dubium
814 2852 876 2923 est,
901 2843 976 2924 quin
998 2843 1106 2908 ualeat
1129 2863 1202 2907 eon·
1224 2854 1256 2908 15

81 2967 199 3049 uentis,
222 2967 251 3031 si
274 2967 335 3031 dno
358 2967 441 3031 inter
463 2987 497 3032 se
522 2968 690 3051 paetisint,
715 2974 749 3031 ut
764 2987 843 3032 unus
860 2967 985 3048 quidem
1002 2967 1080 3032 duas
1097 2975 1203 3050 partes

44 3091 164 3154 elueri
186 3092 355 3173 damnique
380 3091 505 3174 sentiat,
531 3093 611 3156 alter
626 3111 701 3156 uero
726 3092 851 3156 tertiam
874 3098 1005 3175 partem.
1041 3090 1204 3158 aneilla

81 3235 163 3280 sane
186 3216 393 3281 conuentione
418 3217 591 3297 quaeritur:
617 3215 645 3280 si
667 3216 769 3281 Titius
794 3223 825 3280 et
848 3216 939 3281 Seius
963 3216 1045 3280 inter
1068 3235 1101 3280 se
1117 3216 1204 3298 paeti

81 3339 162 3422 sint,
189 3346 224 3404 ut
246 3340 348 3405 Titius
373 3341 452 3404 duas
476 3340 602 3421 quidem
624 3340 704 3404 lueri
727 3347 834 3423 partes
858 3340 920 3404 sibi
943 3339 1068 3420 habeat,
1097 3339 1204 3403 damni

80 3483 161 3528 uero
184 3464 309 3529 tertiam
332 3473 452 3530 tantum
475 3471 597 3548 partem
626 3465 756 3546 sentiat,
788 3465 829 3528 ad
852 3465 959 3528 Seium
987 3471 1092 3528 autem
1120 3463 1202 3528 duae
1222 3475 1258 3526 20

80 3597 192 3670 partes
215 3589 322 3653 damni
345 3590 533 3673 pertineant,
558 3589 638 3654 lueri
661 3610 736 3654 nero
762 3590 867 3671 tertia,
891 3610 932 3653 an
954 3596 1026 3654 rata
1048 3589 1204 3653 habeatur

79 3714 273 3778 eonnentio‘?
297 3720 328 3780 et
343 3713 477 3790 Quintus
500 3715 622 3780 Mucius
638 3722 748 3780 eontra
765 3715 925 3780 societatis
941 3719 1084 3778 naturam
1105 3713 1202 3778 talem
