2920 4750
603 358 667 420 476
715 395 756 401 —

45 531 162 596 reneio.
220 535 269 596 lo.
293 529 371 594 Sunt
406 531 459 612 qui
487 531 592 596 dicant
620 532 827 596 interdieta
855 533 980 614 proprie
1009 553 1048 596 ea
1075 533 1193 613 nodari,

85 675 137 739 per
171 675 251 736 quae
287 657 405 738 aliquid
437 657 505 720 iieri
539 657 735 740 prohibetur3
770 657 1000 722 interdicere
1036 657 1118 722 enim
1147 665 1195 722 est

84 780 303 844 denuntiare
339 799 376 845 aa
411 781 626 864 prohibere:
660 781 908 846 restitutoria
942 787 1046 846 autem
1075 789 1107 846 et
1134 803 1194 846 ex-

84 905 263 969 hibitoria
285 925 347 970 non
375 905 597 985 interdieta,
627 916 675 971 set
702 907 857 971 decreta
880 906 1002 986 noeari',
1031 905 1195 970 soiiioeta

83 1030 335 1120 decernendo,
360 1030 388 1092 h.
413 1051 439 1094 e.
462 1030 719 1113 pronuntiare.
756 1038 803 1094 set
819 1039 924 1094 tamen
936 1030 1075 1113 optinuit
1091 1031 1195 1095 omnia
1232 1043 1247 1094 t

30 1181 33 1190 ’
50 1154 308 1219 a‘interdieta‘
323 1155 487 1238 appellari,
499 1154 683 1234 quiaiuter
699 1155 790 1219 duos
808 1154 990 1219 dicuntur.
1002 1154 1193 1236 2.SequenS‚

82 1278 193 1342 diuisio
217 1279 451 1345 interdictorum
470 1281 548 1344 haee
565 1289 623 1360 est,
648 1280 731 1361 quod
748 1280 903 1360 quaedam
921 1279 1194 1362 adipiscendae

80 1405 335 1486 possessionis
360 1405 422 1469 uim
447 1406 597 1487 hebeaut;
623 1426 662 1469 ea
678 1406 760 1469 enim
780 1406 925 1487 petimus,
951 1424 1021 1468 oum
1045 1406 1195 1484 oonsequi

79 1529 314 1610 possessionem
329 1530 477 1610 uelimus3
496 1530 650 1611 quaedam
669 1529 906 1623 retinendae,
926 1529 1081 1610 quaedam
1099 1530 1194 1592 reoi-

47 1652 280 1736 aperandae.
307 1657 334 1716 3.
359 1653 638 1736 Adipiseeudae
661 1653 871 1736 possessionis
895 1654 957 1716 uim
982 1653 1255 1720 habetinter·1o

78 1777 198 1842 dietum
222 1783 386 1858 ‘quorum
411 1779 607 1856 bonorum',
632 1778 715 1858 quod
732 1778 884 1842 bonorum
900 1777 1076 1859 possessori
1093 1777 1193 1856 datur,

77 1901 178 1966 ueluti
202 1903 233 1964 in
257 1903 316 1966 hae
340 1903 460 1984 speeie:
489 1909 627 1966 mortuus
656 1913 704 1964 est
732 1923 819 1964 meus
848 1909 1013 1984 cognatus:
1043 1903 1194 1965 'bonorum

76 2028 145 2091 eius
171 2028 404 2110 possessionem
429 2027 534 2091 ‘unde
558 2027 720 2108 oognati'
746 2027 836 2110 pet-ii:
862 2047 901 2090 ex
925 2027 972 2091 his
993 2028 1083 2090 bonis
1101 2046 1194 2108 quae·

75 2152 150 2215 dem
176 2153 232 2216 alii
259 2153 471 2235 possidebant.
517 2153 625 2216 horum
654 2152 884 2234 possessionem
913 2171 970 2234 per
998 2151 1194 2215 interdictum

75 2297 231 2356 quornm
272 2279 448 2342 bonorum
492 2277 625 2361 adipisei
659 2298 794 2360 possum.
857 2286 905 2342 set
940 2299 1004 2342 non
1043 2278 1194 2341 aduersus
1216 2290 1254 2342 lu

74 2421 203 2465 omnem
231 2421 445 2485 possessorem
474 2403 670 2466 interdictum
699 2402 773 2466 mihi
802 2402 938 2482 dabitur,
967 2413 1014 2466 set
1043 2403 1195 2466 aduersus

72 2527 154 2590 duos
182 2528 409 2607 tantummodo,
434 2547 505 2591 eum
528 2547 639 2609 nempe
664 2528 716 2606 qni
739 2548 805 2610 pro
829 2527 969 2590 herede
994 2533 1025 2590 et
1048 2547 1118 2590 eum
1142 2527 1195 2608 qui

70 2671 139 2732 pro
177 2671 403 2733 possessore
430 2651 579 2735 possidet.
626 2659 656 2715 et
680 2653 749 2732 quis
772 2673 838 2735 pro
873 2651 1009 2716 herede
1033 2653 1195 2734 possidet?

69 2777 125 2854 qui
151 2784 256 2840 semet
278 2776 425 2840 heredem
450 2795 519 2840 esse
542 2782 646 2859 putat:
672 2797 727 2840 our
751 2785 854 2841 autem
879 2777 923 2841 ita
947 2783 1076 2840 uooetur
1092 2776 1195 2840 dioen-

67 2899 145 2963 dum
173 2907 232 2964 est
277 2902 382 2984 plures
407 2908 478 2965 sunt
507 2901 606 2982 modi,
635 2901 748 2982 quibus
775 2921 826 2964 res
855 2899 978 2980 adquiri
1006 2909 1137 2982 possunt
1165 2906 1196 2965 et
1214 2915 1253 2966 20

68 3031 148 3104 quot
175 3031 248 3088 sunt
275 3025 374 3106 modi,
403 3032 448 3089 tot
475 3027 570 3090 etiam
598 3025 687 3089 tituli.
732 3025 881 3089 Titulus
911 3031 959 3087 est
985 3024 1195 3106 possessionis

66 3169 183 3213 eausa.
232 3155 265 3212 ut
287 3169 361 3214 eooe
384 3151 543 3232 interrogo
566 3157 611 3214 te:
638 3150 743 3215 ‘uude
768 3151 961 3215 honorem
989 3148 1192 3232 possides?’

65 3277 168 3354 tuque
187 3274 376 3356 respondes:
394 3273 493 3354 ‘quie
516 3274 607 3338 mihi
629 3275 769 3339 donata
792 3277 883 3338 est’:
908 3280 940 3338 et
960 3273 1067 3337 titulus
1083 3273 1195 3336 dieitur

65 3403 148 3480 ‘pro
191 3397 355 3462 donato’:
385 3405 439 3462 eut
467 3398 564 3479 ‘qnia
596 3419 675 3462 eam
710 3399 806 3462 emi':
835 3405 867 3462 ot
899 3398 1006 3462 titulus
1041 3403 1089 3460 est
1117 3400 1196 3478 ‘pro
