2960 4704
658 366 696 376 ··
742 353 804 394 v111
847 367 889 377 -

211 516 273 582 teri
295 515 335 582 ad
358 535 454 582 unum
477 515 543 582 iere
564 524 635 584 tuto
656 519 761 582 animo
780 517 916 600 amplexi
931 529 1004 584 suut
1020 538 1057 584 co
1071 519 1228 598 libentius,
1250 520 1334 603 quod

212 634 370 718 Degenius
393 634 425 700 iu
445 634 550 702 libello
573 655 630 703 suo
653 637 693 702 de
708 634 871 716 Theophili
893 643 998 703 aetate
1026 644 1059 704 et
1086 638 1244 722 scriptis1)
1266 639 1335 720 plu-

211 755 297 821 ribus
319 755 513 836 argumentis
541 774 610 820 eam
641 756 784 822 omnibus
807 758 941 839 probare
963 765 1095 824 conatus
1117 766 1209 823 esset.
1253 777 1334 842 quae

209 881 315 940 tamen
343 874 448 956 opinio
476 884 628 958 quantum
655 894 725 941 cnm
753 878 821 942 eius
849 878 963 942 centis
990 878 1131 942 moribus
1157 878 1332 961 ceterisque

210 994 250 1059 dc
277 993 441 1077 Theophili
470 997 537 1060 uite
564 997 684 1060 notitiis
712 997 888 1074 conueniat,
916 997 976 1078 ipsi
1004 997 1150 1061 uiderint
1201 1003 1234 1062 et
1260 1003 1334 1062 ante

210 1115 316 1179 omnia
338 1113 415 1179 illud
445 1120 530 1179 esset
556 1113 831 1180 demonstrandum
863 1115 1066 1198 Theophilum
1095 1117 1332 1181 Anoecessorern

209 1232 332 1312 longius
354 1239 490 1298 aetatem
512 1251 601 1298 suam
625 1233 815 1315 produxisse,
839 1254 934 1317 quam
949 1235 1152 1320 interomues
1174 1235 1240 1300 fere
1262 1253 1334 1301 con·

210 1351 308 1415 uenit.
340 1370 415 1416 nam
438 1371 508 1418 cum
530 1371 601 1417 eum
625 1354 707 1418 iuter
731 1354 816 1420 uiros
838 1353 994 1421 adlectum
1010 1355 1106 1420 fuisse
1128 1363 1258 1430 constet
1278 1357 1333 1439 qui

209 1469 304 1548 priori
331 1467 472 1552 socier)
502 1468 673 1553 Digestisi)
701 1471 985 1555 Institutionibus⁴)
1014 1473 1234 1556 componendis
1260 1493 1332 1556 ope·

158 1683 161 1690 .
208 1606 276 1653 ram
299 1590 452 1668 dederint,
474 1591 631 1656 intereos
653 1600 758 1655 autem
781 1595 833 1672 qui
862 1594 993 1658 alteram
1016 1592 1139 1658 Codicis
1161 1595 1331 1659 editionem

209 1708 390 1773 rennuerint
412 1728 473 1774 non
495 1711 721 1790 nominatum),
749 1712 940 1792 probabilius
964 1713 1167 1778 statuendum
1189 1722 1238 1778 est
1259 1731 1331 1778 eum
1450 1703 1456 1713 ’

208 1835 281 1895 ante
315 1828 574 1896 Constitutionem
613 1830 743 1897 »cordi«
779 1831 874 1898 latam
908 1831 1072 1916 obiisset‘)
1104 1833 1135 1898 b.
1163 1853 1189 1899 e.
1223 1833 1330 1914 paucis

207 1949 368 2015 mensibus
390 1957 468 2029 post,
484 1949 613 2030 Digesta
634 1949 913 2033 institutionesque
936 1952 1160 2035 promulgatas.
1182 1970 1252 2019 cum
1268 1971 1330 2034 quo

208 2069 324 2150 optime
346 2069 493 2133 conuenit
514 2068 713 2149 Digestorum
736 2089 883 2150 graecum
906 2069 1043 2137 Iudicem
1074 2073 1114 2137 ab
1141 2091 1178 2137 eo
1206 2089 1330 2155 suscep

207 2193 274 2252 tum
302 2207 363 2254 non
387 2187 470 2253 ultra
491 2187 587 2253 libros
613 2189 678 2254 »De
705 2190 830 2268 rebus«,
858 2209 936 2272 quos
968 2198 1091 2264 uocant,
1120 2191 1250 2273 produci
1276 2211 1329 2274 po·

208 2308 351 2391 tuisseb.
396 2328 458 2391 qno
479 2309 605 2374 undem
628 2311 696 2373 iure
718 2328 878 2374 sumamus
901 2328 973 2374 eum
990 2316 1060 2375 'tam
1075 2311 1166 2377 breui
1188 2319 1329 2394 tempore

208 2446 287 2510 opus
310 2428 464 2508 prolixum
487 2429 565 2492 satis
587 2435 620 2493 ct
641 2428 829 2494 laboriosum
852 2430 891 2494 ad
908 2429 1000 2495 finem
1023 2449 1121 2512 usque
1136 2432 1327 2514 perduxisse,

208 2548 392 2628 praesertim
419 2566 491 2612 oum
518 2547 551 2611 in
574 2546 681 2612 Indice
709 2548 908 2628 Digestorum
939 2548 1129 2615 conficiendo
1156 2559 1328 2632 occupatus

208 2667 323 2732 iueritl

291 2787 380 2866 Quae
395 2796 499 2854 tamen
515 2807 576 2853 non
591 2789 669 2854 adeo
686 2789 791 2872 magni
806 2789 941 2855 sortasse
956 2789 1099 2855 iacienda
1109 2796 1223 2867 essent,
1235 2791 1261 2854 si
1274 2789 1327 2854 ali-

207 2907 308 2973 cunde
323 2904 527 2988 probabiliter
541 2915 700 2973 constaret
715 2908 925 2989 Paraphrcsin
945 2927 1058 2974 reuera
1074 2908 1243 2991 Theophilo
1259 2925 1327 2974 esse

206 3027 415 3092 tribuendam.
438 3027 470 3091 id
493 3035 597 3092 mmen
621 3026 706 3092 nulla
729 3027 866 3110 pretiosa
886 3029 1009 3094 ratione
1023 3027 1232 3094 contenditur.
1256 3046 1327 3093 uam

207 3147 261 3228 qui
276 3165 341 3211 rem
363 3147 422 3212 sibi
446 3148 718 3212 demonstrandam
735 3157 941 3228 susceperuut
955 3147 1032 3212 illud
1047 3154 1170 3212 mutum
1186 3147 1327 3214 adsecuti

206 3271 290 3345 sunt,
302 3272 338 3330 ut
349 3267 461 3349 cuique
472 3267 642 3348 probarent
652 3266 732 3331 hanc
744 3265 949 3348 paraphrasin
962 3264 1129 3332 Iustiniani
1144 3267 1240 3330 aetati
1257 3283 1327 3332 csse

276 3437 298 3501 1)
314 3434 523 3504 Bemcrlrungen
542 3435 608 3488 uber
631 3433 679 3488 das
701 3433 831 3488 Zaitalter
854 3434 979 3489 ...des
1002 3431 1186 3503 griechischen
1212 3431 1325 3488 Rechts·

206 3518 296 3574 lehn-er
312 3518 485 3589 Theophilus.
506 3524 578 3576 1809.

274 3605 297 3676 ²)
316 3605 405 3660 Gonst
425 3605 534 3660 »Haec
551 3621 635 3675 quac
653 3605 870 3661 necessarior
891 3608 906 3674 ς
929 3611 950 3662 l.
971 3607 1142 3660 ›Summa‹
1163 3606 1179 3676 ς
1197 3608 1221 3659 2.

274 3691 405 3762 ⁸)Oonst.
424 3690 598 3745 ›Omnem‹
617 3692 633 3760 5
651 3695 676 3746 2.
695 3689 844 3745 ›Tanta‹
863 3691 1009 3761 [Δόδωκεν]
1028 3693 1044 3762 §
1063 3696 1087 3747 9.

275 3779 299 3844 ⁴)
316 3775 438 3832 Prooem.
458 3777 523 3831 lust.
543 3779 559 3850 fi
576 3781 601 3833 3.
619 3779 652 3832 cf.
670 3777 799 3848 Mylius
817 3777 938 3833 Historia
956 3776 1107 3846 Theophili,
1124 3793 1150 3846 p.
1169 3779 1211 3832 80.

275 3865 299 3926 ⁸)
315 3863 405 3918 Ouum
423 3863 567 3918 ›Cordi‹
587 3866 602 3934 §
620 3868 643 3918 a.

273 3949 476 4017 ⁶)(lonstitutio
498 3949 555 4004 lata
572 3956 615 4004 est
631 3949 656 4004 d.
674 3948 738 4005 XVI
756 3950 810 4005 kal
829 3951 894 4004 Dec.
912 3965 982 4005 anno
1001 3967 1028 4019 p.
1047 3949 1094 4005 ch.
1112 3967 1138 4005 n.
1157 3948 1325 4004 uxxxrm.

274 4035 297 4102 l)
315 4035 480 4103 Fragmenta
496 4034 605 4103 collegit
621 4035 778 4090 Baitaius
800 4035 828 4089 11
846 4037 990 4092 944-957.
1017 4035 1072 4091 alia
1094 4034 1198 4091 addidit
1214 4034 1324 4088 Haim-

205 4121 351 4177 bachiua
368 4122 449 4176 Basil.
467 4121 506 4176 Vl
524 4125 606 4190 ersq.
