2932 4704
520 325 732 390 -39..

93 520 166 578 tures
185 516 308 577 curetur
321 510 398 578 lucc
420 509 488 578 eius
510 512 613 578 dstur.
652 511 708 596 qui
730 511 757 578 si
778 513 1043 593 reuersusluerit
1063 533 1083 582 s
1104 533 1191 600 perc·

92 631 255 710 griuutr'urre,
277 647 372 714 quum
395 629 586 714 reipublicae
608 647 703 698 ceusu
727 633 879 716 suscepit,
909 635 1016 700 stetim
1043 653 1121 702 uuus
1142 641 1192 702 tu·

92 751 161 816 telue
181 749 308 832 recipiet
330 769 432 833 neque
453 749 527 816 unni
548 751 676 818 habebit
697 753 911 826 uacationem,
940 761 975 820 ut
996 761 1029 822 et
1050 755 1193 838 Papiniu-

91 890 138 936 nus
157 868 233 937 libro
256 869 304 935 Ἣ
325 888 546 952 responsorum
569 871 687 937 scribit.
716 871 791 938 unni
813 873 895 968 enim
918 873 1056 976 spatium
1077 873 1117 939 iis
1138 877 1193 942 du·

90 990 199 1072 tuqui
228 1008 247 1055 u
276 990 529 1074 peregrinatione
557 990 748 1072 reipublicae
775 1008 873 1060 ceusu
897 1000 1046 1076 emcepu
1072 997 1193 1062 reuersi
1226 999 1245 1050 ⁵

89 1106 246 1176 udueuum
269 1110 401 1176 tutelam
422 1116 585 1178 uoceutur.
622 1110 730 1192 iisque
749 1112 777 1176 si
799 1129 870 1180 cum
892 1118 980 1180 tutcr
1000 1131 1111 1194 essem,
1133 1116 1195 1182 rei·

90 1226 213 1307 publices
234 1247 332 1296 uuum
353 1229 466 1296 ωε
486 1246 629 1310 coepero,
652 1227 762 1298 desino
783 1232 909 1312 quidem
932 1237 1019 1298 tuter
1040 1249 1125 1300 esse:
1147 1248 1195 1299 re·

89 1365 184 1414 uersus
206 1355 313 1416 sutem
342 1353 450 1417 statim
475 1351 781 1418 administrationem
806 1353 968 1434 suscipere
996 1367 1099 1432 cogor.
1144 1349 1193 1416 siu

92 1475 182 1534 sutem
203 1487 274 1535 cum
297 1474 385 1535 tuter
406 1489 468 1538 non
490 1488 590 1538 essem
612 1469 802 1552 reipublicae
817 1487 912 1538 ceusu
926 1471 1037 1537 abesse
1052 1489 1192 1554 coepero,

89 1586 185 1654 deiude
206 1607 355 1656 reuersus
377 1590 479 1668 luero,
495 1599 566 1672 pust
581 1591 717 1657 reditum
739 1597 845 1656 sutem
859 1591 900 1656 ud
915 1591 1045 1657 tutelam
1061 1595 1193 1657 uocatus
1212 1604 1245 1656 ιο

85 1707 168 1784 luero,
183 1713 218 1774 ut
238 1716 319 1792 putu
338 1710 369 1774 iu
385 1712 486 1792 primu
501 1727 616 1786 mense,
630 1727 725 1794 quum
740 1728 888 1777 reuersus
902 1711 971 1788 sim,
985 1716 1042 1776 sut
1056 1707 1123 1774 vp
1136 1717 1193 1776 sut

85 1822 132 1888 Χ0
155 1833 208 1894 sut
237 1827 320 1894 x11⁰
341 1835 374 1896 et
397 1830 428 1894 in
451 1847 573 1896 summu
590 1836 760 1910 sutsqusm
775 1848 876 1896 sunus
889 1829 1061 1912 expleatur,
1083 1834 1193 1912 putere

51 1955 70 2003 3.
86 1949 221 2012 euersuri.
266 1949 298 2013 3.
331 1951 374 2014 Et
395 1952 448 2031 qui
478 1957 666 2034 putesutum
695 1951 831 2031 aliquem
859 1951 969 2023 tutet,
995 1949 1193 2016 excusatione

84 2063 125 2128 uti
144 2072 252 2148 potest,
276 2067 361 2134 sicut
382 2070 470 2136 iubet
496 2069 563 2136 diui
586 2067 684 2138 llurei
706 2071 907 2152 rescriptum,
936 2075 987 2134 set
1013 2076 1125 2151 coeptu
1143 2075 1193 2134 tu·

52 2181 139 2249 stela
164 2201 223 2250 uon
250 2186 325 2253 ideo
348 2189 482 2254 soluitur
508 2190 583 2271 quie
611 2195 752 2272 potestus
780 2189 972 2274 superuenit
1021 2191 1052 2252 4.
1091 2187 1192 2254 Litem
1212 2203 1244 2257 rt

84 2321 143 2368 eum
164 2305 282 2388 pupillo
310 2307 362 2372 uel
389 2307 589 2382 adulescente
610 2328 681 2376 eum
708 2309 887 2390 habuerim,
916 2330 977 2377 uun
1003 2311 1075 2376 ideo
1103 2323 1204 2376 sucu-t

86 2423 167 2489 subur
187 2423 248 2492 uiui
270 2426 355 2494 torte
385 2399 590 2495 decennibus
619 2429 710 2495 bunis
738 2430 789 2496 uel
816 2429 993 2497 hereditate
1018 2436 1195 2498 controuer-

50 2557 70 2606 u.
84 2540 126 2606 siu
144 2543 191 2608 sit.
235 2545 266 2610 d.
303 2545 380 2611 Tres
403 2546 521 2612 tutelsc
542 2553 598 2612 uu
619 2565 723 2624 curse,
744 2564 825 2628 quus
846 2565 908 2614 ucu
933 2567 992 2630 per
1012 2547 1196 2614 udiecmiu·

84 2679 145 2727 rem
165 2667 368 2746 susceperim,
391 2665 617 2733 immunitatem
640 2682 660 2731 s
680 2672 794 2762 queue
815 2666 916 2732 tutclu
936 2685 992 2734 seu
1014 2684 1092 2734 euru
1105 2685 1195 2749 prce

79 2782 204 2878 stabunt,
217 2783 370 2866 quamdiu
382 2785 581 2852 constiterint
594 2791 659 2851 tres
673 2786 792 2852 tutelae
807 2792 862 2853 cut
876 2803 981 2854 curce.
1003 2785 1074 2854 ideo
1089 2793 1194 2853 eutem
1212 2805 1247 2859 πο

81 2901 145 2965 diri.
170 2922 284 2985 »quus
301 2923 370 2971 nou
386 2923 453 2987 per
467 2903 776 2972 ediectutionem
791 2905 1061 2988 susceperim«,
1076 2903 1153 2988 quic
1166 2905 1195 2972 si

81 3021 145 3086 duta
159 3041 257 3105 opere
275 3021 407 3091 alicuius
425 3026 554 3094 tutulum
572 3035 628 3092 sut
643 3043 750 3092 curum
767 3023 997 3108 susciplendum
1008 3024 1194 3102 occeperim,

80 3155 150 3218 quse
165 3144 353 3210 tenuissime
368 3151 463 3224 esset,
478 3162 539 3210 scu
554 3163 592 3212 eu
607 3144 647 3210 sd
663 3146 758 3212 trium
774 3144 944 3212 tutelarum
960 3161 1122 3210 numerum
1144 3161 1197 3209 ex·

79 3259 216 3338 pleudum
246 3263 325 3330 milri
348 3265 497 3347 proderit.
540 3262 619 3329 illud
641 3269 746 3330 sutem
769 3264 928 3330 sciendum
957 3271 1006 3330 est
1033 3283 1071 3330 ex
1099 3262 1196 3344 putri·

82 3381 184 3448 mouiis
209 3401 275 3448 neu
297 3401 336 3449 ex
357 3385 500 3465 personis
521 3382 691 3450 tutelarum
720 3400 869 3450 uumerus
897 3385 1080 3466 computari.
1124 3399 1195 3448 uum
1213 3391 1247 3444 25

81 3497 103 3558 si
124 3501 191 3578 quis
223 3501 398 3569 decesserit
427 3509 492 3570 tres
521 3503 668 3584 pluresue
694 3501 811 3570 liberos
837 3502 1032 3584 relinquens,
1061 3517 1194 3582 quorum

79 3627 240 3698 egututor
265 3622 517 3702 suetudinem,
544 3641 607 3689 unu
630 3623 690 3690 erit
720 3623 833 3700 tutele,
859 3624 933 3705 quis
962 3628 995 3687 et
1021 3640 1117 3688 uuum
1147 3628 1196 3687 est

48 3738 66 3792 i·
82 3742 309 3818 patrimonium.
354 3745 383 3808 6.
418 3741 526 3809 Potest
548 3749 580 3808 ct
602 3750 771 3825 paupertas
793 3745 1021 3810 excusationem
1051 3761 1070 3809 s
1096 3743 1196 3809 tutele

83 3865 108 3922 ct
129 3879 202 3926 curu
234 3868 409 3944 praestare.
459 3861 491 3925 id
521 3859 602 3926 enim
632 3869 697 3928 tum
727 3862 792 3929 diui
820 3861 933 3929 fratres
955 3881 1048 3944 quum
1077 3879 1195 3945 perse

944 4205 991 4256 12*
