2936 4704
549 318 785 382 -139-

104 504 254 571 suadem
277 523 378 570 suum.
424 503 577 570 eiusmodi
599 503 797 570 donationem
820 501 987 569 facientem
1017 501 1145 568 diuinus
1166 498 1230 566 Ηο

104 640 211 690 merus
233 623 267 687 in
290 622 431 705 Odyssea
453 620 670 688 Telemachum
693 619 814 686 inducit
836 621 936 700 [hisce
958 619 1152 702 uersibus22)

210 771 336 860 Haspur’
359 773 395 836 οὐ
417 774 480 857 γάρ
503 772 533 835 τ’
554 772 642 859 ἴδμεν
665 773 751 848 ὅπως
773 769 860 837 ἔσται
882 772 959 836 τάδε
981 770 1076 858 ἔργα·

208 893 242 957 εἴ
259 915 312 956 κεν
335 889 393 975 ἐμὲ
412 895 592 979 μνηστῆρες
612 893 769 980 ἀγήνορες
791 889 827 956 ἐν
846 893 1013 976 μεγάροισι

207 1010 314 1098 λάθρη
336 1011 510 1086 κτείναντες
530 1012 673 1097 πατρώϊα
695 1012 794 1074 πάντα
816 1009 982 1091 δάσωνται,

211 1130 306 1196 αὐτὸν
329 1127 443 1219 ἔχοντά
462 1153 499 1193 oe
519 1127 657 1212 βούλομ’
679 1127 859 1213 ἐπαυρέμεν
881 1127 902 1215 ἢ
924 1152 989 1192 τινα
1012 1128 1128 1194 τῶνδε·

212 1249 241 1312 εἰ
262 1249 298 1312 δέ
319 1247 353 1312 κ’
376 1247 441 1331 ἐγὼ
464 1248 595 1312 τούτοισι
617 1247 715 1332 φόνον
736 1249 786 1311 καὶ
807 1251 889 1334 κῆρα
910 1246 1068 1332 φυτεύσω,

213 1367 253 1453 δὴ
277 1367 346 1432 τότε
365 1392 419 1453 μοι
435 1369 576 1456 χαίροντι
598 1366 706 1450 φέρειν
728 1369 809 1449 πρὸς
831 1365 961 1449 δώματα
979 1366 1125 1455 gaiorum]

78 1549 98 1599 2
195 1521 225 1580 2.
262 1520 430 1602 Postquam
455 1521 495 1586 de
517 1521 627 1586 mortis
649 1537 746 1586 cansa
767 1519 935 1587 donatione
964 1518 1149 1599 dixerimus,
1173 1518 1234 1584 dia

112 1635 261 1716 piciamus
284 1639 323 1704 de
344 1639 458 1704 ceteris
481 1638 712 1714 donationibus,
736 1656 817 1720 quae
839 1642 915 1704 sunt
935 1640 1017 1704 inter
1031 1637 1132 1704 uiuos.
1154 1637 1234 1702 finnt
1254 1641 1286 1692 1⁰

113 1757 169 1820 hae
191 1757 260 1822 rina
282 1753 344 1820 ulla
367 1755 477 1822 mortio
500 1757 703 1837 cogitatione,
731 1776 833 1839 neque
859 1755 974 1840 legatis
1000 1763 1233 1839 comparantur.

113 1873 315 1954 perficiuntur
335 1882 439 1941 autem
462 1895 531 1942 cum
555 1876 688 1941 donator
709 1893 797 1940 suam
813 1873 1008 1942 uoluntatem
1030 1875 1156 1957 scriptis
1178 1883 1235 1940 aut

116 1994 180 2059 sinc
207 1994 332 2076 scriptis
359 1995 616 2060 manifestaucrit
662 2001 710 2060 set
732 2001 765 2060 et
790 1994 831 2058 ad
860 1995 1033 2077 exemplum
1062 1993 1234 2061 uenditoris

117 2109 169 2194 qui
190 2131 255 2176 rem
277 2113 402 2178 tradere
426 2112 565 2194 cogitur,
593 2113 742 2196 principia
770 2114 868 2180 nostri
895 2113 1077 2180 constitutio
1107 2113 1236 2179 donato·

117 2247 180 2294 ram
200 2231 324 2296 omnino
346 2231 471 2298 tradere
494 2232 581 2298 iubet
603 2232 700 2298 robur
714 2232 874 2298 donationi
889 2236 1065 2314 praestans,
1085 2230 1159 2298 licet
1172 2237 1236 2296 tra-
1255 2242 1287 2292 ln

118 2346 192 2412 ditio
214 2366 273 2414 non
294 2351 337 2414 sit
358 2357 475 2416 secuta
509 2369 567 2416 nec
587 2357 710 2418 tantum
733 2351 765 2415 id
788 2351 826 2416 de
848 2350 897 2416 his
918 2350 951 2416 in
973 2369 1052 2433 quos
1074 2349 1237 2416 conferun-

118 2476 171 2529 tur
191 2466 374 2542 donationes
396 2468 556 2548 piisaimus
579 2471 722 2550 princeps
745 2476 851 2534 noster
867 2469 1039 2548 constituit,
1062 2467 1118 2535 sed
1142 2470 1234 2536 etiam

119 2584 193 2662 quid
215 2583 297 2650 aliud
320 2585 442 2652 adiecit
479 2587 534 2667 qui
556 2587 638 2652 enim
661 2595 746 2654 retro
769 2594 981 2668 regnaucrunt
1002 2588 1160 2671 principes
1182 2587 1236 2652 do

120 2704 259 2770 nationes
292 2705 372 2770 actis
402 2707 684 2772 interuenientibus
712 2708 862 2774 insinuari
893 2706 1055 2785 uolebant,
1089 2709 1115 2769 si
1144 2706 1236 2770 modo

119 2822 244 2890 donatio
265 2824 363 2891 maior
386 2824 437 2891 CO
459 2825 572 2891 inisset
593 2824 772 2891 solidorum.
806 2827 876 2908 ipsc
897 2831 1001 2890 autem
1024 2825 1115 2890 iussit
1137 2840 1238 2904 usquc
1254 2843 1290 2894 ao

121 2941 161 3006 ad
184 2939 211 3003 D
232 2943 345 3008 solidos
368 2949 401 3010 et
422 2945 489 3010 sine
511 2943 720 3010 insinuatione
743 2944 938 3010 corroborari
961 2944 1169 3010 donatiouem.
1193 2943 1237 3006 in·

121 3060 208 3125 uenit
227 3068 328 3126 autem
351 3063 503 3145 quasdam
527 3063 719 3140 donationes,
742 3081 821 3146 quas
844 3082 945 3146 neque
960 3061 1238 3129 instrumentorum

119 3175 307 3245 coniectione
343 3180 484 3261 indigere
513 3183 642 3260 statuit,
676 3180 752 3246 licet
778 3180 806 3245 D
836 3199 1001 3246 aureorum
1030 3182 1238 3262 quantitatem

122 3297 352 3377 superauerint,
386 3304 436 3362 set
465 3297 644 3364 firmitatem
674 3298 790 3363 habere
813 3300 962 3365 decreuit.
1013 3300 1074 3364 alia
1111 3300 1240 3380 insuper

121 3413 220 3478 multa
239 3415 277 3480 ad
298 3415 476 3483 uberiorem
499 3423 616 3481 exitum
638 3421 671 3482 et
693 3417 755 3482 nim
779 3416 984 3484 donationum
1007 3419 1138 3484 inuenit
1162 3416 1238 3483 hacc
1255 3435 1290 3488 so

198 3652 218 3716 1)
233 3667 323 3706 uersus
341 3652 438 3706 dosunt
455 3659 483 3705 at
506 3653 579 3721 apud
596 3653 764 3708 Marcianum
781 3654 854 3723 (Dig.
873 3659 921 3721 39,
939 3657 969 3722 6,
993 3659 1004 3709 l
1025 3669 1060 3708 ox
1076 3653 1137 3706 1110
1154 3653 1240 3722 lust),

124 3733 202 3788 unda
220 3735 283 3790 haec
305 3743 414 3806 sumpta
437 3743 506 3792 sunt.
544 3753 590 3794 eos
612 3739 695 3795 latino
713 3741 751 3794 sic
768 3741 843 3794 foere
865 3740 1039 3808 interpretari
1057 3745 1177 3810 oportet:
1195 3737 1238 3792 Pi·

126 3833 204 3884 raca,
218 3835 267 3874 non
283 3822 352 3876 enim
369 3823 493 3878 nouimus
512 3824 618 3893 qualem
641 3840 685 3879 ras
702 3826 803 3880 exitum
822 3827 980 3880 sortiantur:
999 3825 1021 3879 si
1038 3839 1081 3880 ms
1099 3825 1174 3896 proci
1197 3838 1240 3878 su·

124 3903 206 3971 perbi
225 3904 251 3958 in
274 3905 383 3961 aedibus
405 3908 472 3962 clam
496 3909 660 3965 interficiant
683 3915 711 3965 ot
731 3915 846 3979 paterna
870 3912 940 3965 bona
962 3912 1011 3966 sibi
1035 3911 1170 3974 diuidunt,
1189 3922 1239 3976 ego

123 3987 202 4041 malo
216 3988 241 4042 id
256 3997 282 4046 te
298 3993 397 4048 habore
420 4009 501 4064 quam
527 3995 673 4063 quemlibet
695 4010 803 4056 eorum:
828 3996 869 4050 uin
892 4003 982 4050 autem
1001 4011 1052 4064 ego
1070 3995 1109 4050 sia
1127 4001 1239 4049 mortam

126 4080 155 4126 et
176 4087 280 4140 parcam
296 4091 391 4146 seram,
407 4085 473 4134 tunc
490 4078 518 4134 id
534 4079 600 4134 mihi
618 4079 691 4134 laeto
709 4080 781 4134 fares
798 4080 905 4135 domum
923 4081 1018 4136 lactus.
