2870 4716
486 395 714 458 -337-

42 597 121 644 uem
143 597 286 645 aureos
309 578 463 644 daniel«
488 578 637 662 obligatio
654 578 779 662 quidem
802 579 877 646 mibi
899 579 1064 663 stipulanti
1085 583 1153 645 tan·

42 699 204 764 tnmmodo
234 700 424 783 adquiritur,
452 700 575 766 soluere
601 705 706 766 tumen
729 699 816 778 Seio,
843 717 894 766 mo
921 699 1015 764 etiam
1042 699 1151 778 inuito,

43 823 126 883 reete
151 820 285 902 poteris,
316 821 362 886 itu
388 824 425 884 ut
451 826 488 886 tu
516 819 584 902 ipso
613 820 681 886 iure
709 819 859 886 soluendo
884 819 1034 885 libereris.
1086 819 1154 902 ipse

43 941 149 1002 antem
179 937 301 1006 habebo
333 943 444 1023 postea
476 943 586 1005 eontra
615 938 721 1004 Seium
752 938 893 1004 mandati
925 939 1080 1004 actionem
1112 938 1154 1004 ad

43 1077 154 1124 aureos
175 1059 220 1124 illi
249 1059 340 1127 datos
366 1060 526 1144 petendos.
571 1061 656 1144 quod
677 1061 704 1126 si
726 1060 772 1125 ita
792 1059 937 1144 stipuler:
971 1059 1088 1124 »mibi
1114 1064 1187 1125 eto

43 1178 149 1243 Titio
173 1177 276 1262 (ouius
298 1181 359 1246 inri
385 1198 446 1246 non
476 1181 535 1248 sim
557 1179 730 1262 subiectus)
757 1178 889 1246 decem
918 1197 1061 1245 aureos
1089 1178 1155 1244 du·

43 1297 166 1376 bisi«,
189 1299 275 1364 umet
300 1299 425 1382 quidem
450 1299 627 1382 stipulatio,
657 1305 707 1366 set
731 1305 840 1365 utrum
869 1303 971 1364 toturn
993 1299 1153 1376 debeatur,

43 1417 128 1499 qnod
149 1417 181 1482 in
203 1419 437 1501 stipulationem
459 1419 627 1486 deductum
649 1424 711 1498 est,
739 1419 830 1501 quasi
851 1437 891 1484 ne
919 1417 1066 1484 uideatur
1087 1418 1155 1500 qui·

44 1537 112 1603 dem
135 1539 165 1603 in
190 1540 392 1622 stipulatione
412 1541 486 1607 Titii
512 1541 628 1607 mentio
655 1559 724 1606 esse
746 1537 843 1618 iaetu,
874 1538 989 1621 quippe
1018 1537 1073 1620 qui
1102 1537 1155 1604 ud·

43 1657 220 1740 quisitionis
247 1659 378 1742 incapax
406 1661 461 1739 sit,
489 1679 529 1725 an
551 1659 680 1726 dimidia
700 1677 774 1742 pars
796 1662 934 1736 tantum,
964 1675 1035 1722 oum
1067 1663 1152 1724 »et«
1175 1671 1206 1723 ιο

43 1777 220 1844 coniunctio
242 1778 434 1862 completius
455 1779 511 1859 sit,
541 1779 718 1860 ambigitur.
762 1777 881 1861 placuit
902 1794 978 1842 uero
1000 1795 1062 1842 non
1083 1776 1154 1861 plus

43 1915 136 1978 quam
170 1897 330 1963 dimidiam
362 1903 486 1983 partem
518 1897 593 1964 mihi
626 1896 790 1980 stipulanti
823 1895 947 1978 adquiri
980 1913 1051 1960 cum
1081 1895 1155 1961 Titii

43 2015 159 2081 mentio
194 2015 348 2082 inutiliter
386 2016 581 2100 stipulationi
613 2016 779 2082 inseratur.
833 2015 861 2082 si
897 2033 973 2081 nero
1009 2014 1154 2097 stipuler:

46 2135 181 2200 »Titio
202 2135 360 2201 ‹labisl‹
393 2137 497 2218 sitque
518 2136 618 2202 litius
639 2136 700 2201 iuri
722 2153 792 2201 meo
813 2135 982 2214 subiectus,
1005 2134 1080 2200 mibi
1102 2134 1157 2200 ad-

44 2254 147 2334 quiro:
179 2271 249 2319 mea
275 2255 357 2320 enim
383 2274 444 2321 uon
472 2260 623 2337 tanquam
651 2253 705 2319 filii
732 2254 792 2320 mei
819 2271 889 2320 esse
915 2252 1043 2320 uidetur
1063 2253 1155 2319 sicuti
1176 2267 1206 2318 ro

44 2371 94 2437 filii
118 2391 182 2438 uox
204 2377 355 2458 tanquam
376 2394 459 2456 mea3
481 2375 513 2441 in
535 2375 582 2440 bis
604 2375 698 2442 rebus
720 2375 867 2440 nimirum
889 2392 971 2456 qnae
991 2373 1081 2440 nobis
1103 2373 1157 2439 ad-

45 2493 125 2573 quiri
147 2501 294 2576 possunt3
323 2495 409 2579 quod
429 2495 522 2562 bodie
550 2495 589 2561 de
616 2495 654 2560 iis
683 2494 896 2579 accipiendum
924 2498 986 2572 est,
1013 2511 1095 2575 quas
1119 2511 1156 2560 ex

10 2625 30 2673 ι.
46 2631 77 2681 re
98 2615 201 2694 patris
223 2615 362 2680 ueniunt
397 2617 425 2680 b.
448 2615 579 2682 Praeter
599 2613 692 2681 besee
717 2613 935 2696 stipulationes
962 2612 1082 2678 inutilis
1104 2611 1158 2678 illu

47 2736 139 2800 etiam
161 2741 225 2815 est,
252 2735 371 2816 siquis
399 2734 441 2800 ad
462 2753 500 2800 ea
521 2753 602 2816 quoe
620 2735 833 2816 interrogatus
855 2732 930 2812 enit,
957 2751 1019 2799 nun
1046 2751 1157 2799 nonne-

47 2857 167 2921 nienter
181 2856 378 2939 respondeat,
396 2855 509 2922 ueluti:
536 2855 777 2939 »spondesue
792 2854 888 2920 dure
901 2853 993 2920 mibi
1015 2873 1156 2920 aureos
1174 2864 1209 2916 uu

48 2975 235 3055 decerni«,
258 2982 295 3041 ιιι
316 2994 393 3041 uero
415 2976 516 3042 olicus:
542 2977 737 3058 »quinque
763 2993 902 3041 aureos
923 2974 1058 3041 dabo«.
1102 2979 1158 3040 unt

48 3096 73 3158 si
94 3113 152 3178 ego
171 3096 309 3178 quinque
329 3096 388 3162 sim
403 3095 581 3179 stipulatus,
604 3101 640 3160 tu
662 3113 739 3161 uero
761 3094 867 3160 deeenu
889 3094 1077 3176 promiseris.
1102 3099 1158 3160 aut

49 3215 74 3278 si
95 3233 152 3296 ego
173 3215 300 3297 quidem
328 3235 407 3297 pure
434 3216 493 3280 sim
523 3214 706 3297 stipulatus,
737 3219 773 3278 tu
795 3231 871 3279 uero
898 3213 958 3280 snb
980 3213 1159 3280 condicione

51 3335 235 3414 promiseris,
258 3335 310 3400 uel
332 3339 450 3414 contra,
473 3333 532 3400 sub
551 3332 731 3399 condicione
751 3349 801 3398 me
820 3332 1000 3415 stipulante,
1023 3337 1060 3396 ιιι
1080 3351 1159 3414 pure

51 3453 235 3532 promiseris.
270 3453 346 3518 bueo
368 3457 475 3518 autern
497 3451 573 3518 dico.
607 3453 634 3518 si
656 3450 819 3518 manifeste
841 3450 873 3516 id
895 3453 1051 3534 exprimas
1073 3450 1159 3532 quod
1176 3457 1209 3509 ao

53 3569 102 3648 iis,
124 3591 203 3654 quse
225 3572 427 3655 stipulatione
448 3571 662 3650 eontinentur,
685 3572 728 3636 sit
748 3569 955 3648 eontrarium3
982 3575 1019 3634 ut
1040 3587 1110 3633 ecoe
1131 3569 1158 3633 si

55 3707 101 3753 me
122 3692 181 3757 sub
201 3691 380 3758 condicione
405 3691 456 3758 nel
483 3692 513 3756 in
543 3691 625 3757 diem
647 3691 832 3773 stipulante,
862 3689 1012 3754 daturum
1035 3693 1066 3752 te
1089 3707 1158 3770 pro·
