2870 4716
542 345 768 410 -351-

97 529 201 596 differt
222 551 242 596 a
263 533 374 598 ceteris
389 531 630 614 obligationibus
653 551 691 598 ea
712 552 793 615 quae
808 550 960 598 consensu
982 529 1027 612 fit,
1050 535 1099 597 set
1120 530 1151 596 iu
1174 549 1212 596 eo

96 649 210 722 etiam,
231 652 317 733 quod
338 651 370 716 in
393 652 504 718 ceteris
532 651 774 734 obligationibus
797 651 878 716 alter
897 651 1023 734 quidem
1044 651 1211 733 obligatur,

96 769 179 834 alter
200 788 276 835 uero
298 771 432 836 alterum
452 771 512 836 sibi
533 771 652 855 obligat
675 773 724 854 (ut
746 789 816 836 ecce
837 772 869 835 iu
892 789 926 836 re
949 771 1138 852 obligatione
1160 771 1213 853 qui

95 889 152 954 dat
176 889 310 955 alterum
332 891 392 956 sibi
413 890 548 972 obligat,
571 891 626 972 qui
648 885 760 973 accipit
782 890 873 955 alteri
896 890 962 973 ipse
984 889 1158 973 obligatur,
1181 889 1213 953 in

94 1009 267 1074 uerborum
283 1009 473 1092 obligatione
487 1010 542 1093 qui
557 1010 728 1092 stipulatur
741 1009 875 1074 alterum
891 1009 1018 1091 obligat
1042 1009 1215 1092 promissor
1230 1012 1247 1063 5

93 1147 174 1194 uero
196 1129 224 1195 ei
251 1129 424 1212 obligatur,
454 1131 486 1195 in
515 1131 693 1196 litteratum
722 1129 880 1212 obligatur
909 1131 975 1212 qui·
991 1129 1114 1208 enubit,
1142 1148 1214 1194 eum

94 1267 174 1314 uero
201 1248 262 1314 sibi
287 1249 340 1316 ille
369 1249 489 1332 obligat
517 1250 558 1314 ad
585 1269 678 1332 quem
704 1253 737 1316 et
762 1249 920 1331 scriptura
941 1251 1093 1332 spectat),
1123 1255 1157 1314 at
1182 1249 1214 1314 in

94 1387 251 1434 consensu
273 1369 463 1452 obligatione
491 1375 624 1452 uterque
652 1370 743 1435 alteri
765 1369 923 1452 obligatur
944 1371 975 1434 in
1005 1369 1037 1433 id
1065 1370 1150 1451 quod
1171 1369 1215 1434 al·

94 1493 201 1553 terum
224 1489 316 1554 alteri
338 1509 375 1555 ex
398 1508 498 1572 aequo
514 1494 546 1555 et
561 1489 642 1554 bono
656 1493 819 1571 praestare
841 1494 974 1571 oportet,
998 1509 1069 1554 eum
1091 1489 1123 1554 in
1145 1507 1215 1554 uer-

94 1606 210 1673 borum
233 1608 422 1690 obligatione
444 1610 498 1691 qui
519 1610 693 1692 stipulatur
713 1609 848 1674 eltennm
869 1609 929 1675 sibi
951 1609 1083 1691 obliget,
1106 1614 1139 1673 et
1160 1609 1214 1690 qui
1234 1609 1266 1660 ¹0

93 1727 232 1811 spondet
253 1728 418 1812 obligetur.

296 2347 343 2411 De
365 2345 522 2429 emptione
543 2350 575 2410 et
597 2343 785 2410 uenditione.
830 2344 953 2410 Titulus
976 2346 1026 2410 23.

182 2497 227 2561 Et
248 2497 384 2579 primum
414 2498 453 2563 de
481 2499 667 2581 emptione
693 2502 730 2564 et
756 2498 978 2563 uenditione
1005 2497 1214 2578 dispiciamus.
1296 2547 1297 2552 η

95 2618 216 2700 emptio
240 2623 272 2681 et
294 2617 432 2683 uenditio
459 2619 656 2684 contrahitur
682 2618 871 2700 simulatque
898 2617 936 2682 de
958 2617 1059 2700 pretio
1081 2620 1216 2697 utraque

94 2754 172 2817 pars
207 2737 408 2802 consenserit.
453 2739 480 2802 si
510 2739 591 2802 enim
626 2737 740 2803 dicam:
783 2738 898 2803 »hanc
932 2756 1006 2803 rem
1039 2735 1158 2801 nendo
1191 2734 1216 2799 0

95 2855 279 2934 aureis«,
302 2863 401 2938 tuque
422 2857 481 2922 hoc
502 2858 604 2940 pretio
620 2857 663 2924 sis
678 2863 853 2934 contentus
877 2858 985 2923 statim
1007 2856 1146 2923 uenditio
1169 2860 1218 2920 est
1238 2867 1268 2915 lo

96 2981 274 3053 contracta,
304 2976 448 3057 quamuis
475 2976 613 3042 nondum
640 2978 776 3059 pretium
803 2983 1001 3042 numeratum
1030 2978 1085 3054 sit,
1116 2997 1217 3060 neque

97 3112 172 3159 arra
197 3095 265 3160 ulla
291 3094 366 3161 data
391 3095 494 3162 luerit.
539 3103 571 3162 et
600 3096 777 3180 adquiritur
804 3097 959 3163 uenditon'
987 3098 1113 3180 quidem
1135 3098 1216 3163 aetio

97 3213 229 3292 uenditi,
254 3215 390 3296 emptoti
404 3223 510 3281 autem
526 3217 607 3281 actio
629 3217 734 3299 empti.
769 3217 853 3298 quod
876 3218 958 3281 euim
980 3237 1071 3282 arrae
1092 3219 1216 3283 nomine

98 3332 196 3397 datur
222 3340 443 3416 argumentum
473 3338 522 3400 est
549 3339 582 3400 et
607 3336 751 3418 probatio
780 3337 945 3418 emptionis
968 3341 1000 3401 et
1027 3335 1216 3401 uenditionis

98 3459 294 3529 contractae,
317 3473 378 3518 non
401 3473 477 3519 uero
499 3455 569 3536 ipsa
595 3455 785 3520 constitutio.
830 3455 977 3520 aethaeo
1000 3455 1038 3520 de
1060 3455 1268 3537 emptionem
