2876 4712
511 405 552 420 ·-
597 371 745 436 tat-

68 577 141 624 unus
164 560 234 624 siue
261 559 368 643 plures
397 559 460 624 sint
489 557 581 626 liberi
610 559 833 641 cuiuscumque
859 575 952 624 sexus
981 555 1033 623 nel
1060 557 1186 640 medus,

70 678 98 743 in
120 679 301 744 uniuersum
318 680 350 744 hi
371 679 577 758 uocabantur,
599 687 733 761 patrono
747 676 911 761 patroniue
926 677 1033 744 liberis
1047 677 1106 744 hac
1120 677 1188 758 lege

67 798 200 864 semotis.
235 798 281 864 sin
305 805 409 864 autem
432 799 532 864 molor
553 799 734 866 centenario
755 799 887 864 libertus
916 799 981 866 sine
1010 797 1115 865 liberis
1137 800 1190 866 de·

67 917 208 996 cesserit,
241 915 269 981 si
299 918 424 1000 quidem
457 916 642 997 intestatus,
675 924 827 1000 patronus
860 917 912 984 uel
944 925 1078 1001 patrona
1108 920 1190 984 bona

69 1043 178 1102 cuncta
204 1035 373 1120 accipient;
408 1037 457 1103 sin
492 1044 597 1104 autem
633 1041 855 1104 testamentum
883 1038 991 1104 lecerit
1023 1044 1188 1118 patronum
1222 1039 1243 1093 ⁵

73 1174 146 1221 uero
168 1163 373 1237 patronamue
395 1155 605 1237 praeterierit,
627 1174 695 1222 eum
719 1157 821 1224 nullos
851 1156 965 1224 liberos
987 1157 1118 1224 haberet
1138 1157 1190 1224 nel

68 1276 182 1341 hebens
205 1295 258 1342 eos
281 1276 528 1354 exhereduuerit,
552 1275 602 1341 uel
625 1277 651 1342 si
673 1276 786 1342 liberta
809 1281 934 1342 mortua
959 1275 1075 1342 situel
1097 1274 1190 1342 liber·

69 1401 113 1460 tus
129 1401 261 1477 nepotes
276 1394 393 1460 hebens
409 1413 446 1460 ex
461 1393 525 1458 filia
540 1400 749 1477 praemortua,
772 1401 867 1477 atque
885 1395 1112 1476 praeterierint,
1135 1393 1190 1460 illa

68 1533 173 1596 nempe
196 1512 302 1590 filium,
331 1513 380 1580 hic
408 1533 483 1580 uero
516 1533 554 1580 cx
587 1520 787 1596 praemortuo
819 1511 884 1580 filio
915 1521 1061 1597 nepotem
1095 1503 1190 1598 (nosti

70 1637 145 1700 enim
169 1636 257 1699 utin
282 1633 348 1700 Ila.
376 1633 578 1700 Institutione
601 1633 765 1698 didicimus
794 1635 825 1698 in
853 1633 902 1697 his
931 1633 1072 1714 personis
1101 1653 1190 1716 prae
1210 1644 1243 1696 ιο

69 1756 241 1822 teritionem
256 1776 313 1840 pro
329 1755 569 1822 exheredoticne
583 1757 705 1838 accipi),
728 1775 785 1822 neo
798 1756 958 1840 potuerint
980 1753 1132 1821 eiusmodi
1153 1753 1190 1820 li·

71 1876 132 1942 beri
154 1894 210 1958 per
232 1874 401 1958 querellam
424 1873 591 1942 inofliciosi
613 1881 836 1942 testamentum
851 1875 1031 1952 destituere,
1054 1879 1130 1940 tunc
1152 1893 1189 1940 ex

70 1996 130 2061 diui
151 1995 349 2077 imperatoris
371 1995 469 2060 nostri
493 1995 714 2064 constitutione
737 2013 797 2058 non
820 1993 977 2060 dimidiam
1001 2001 1131 2074 partem,
1154 2000 1191 2059 ut

71 2120 146 2192 ante,
170 2120 220 2180 set
241 2116 366 2180 tertiam
389 2121 509 2196 portem
538 2115 691 2180 bonorum
720 2113 947 2197 possessionem
971 2119 1079 2179 contra
1102 2112 1190 2178 tabu·

72 2233 115 2298 les
135 2240 277 2316 petentes
300 2240 539 2315 consequentur,
563 2232 613 2300 uel
635 2233 718 2313 quod
740 2235 853 2299 tertiae
875 2233 958 2314 parti
982 2231 1070 2297 deest
1092 2231 1189 2313 reple·
1210 2247 1241 2300 15

72 2353 168 2420 bitur:
192 2351 273 2418 lorte
296 2353 433 2418 enimin
464 2355 586 2419 unciam
616 2371 724 2432 unam,
752 2351 803 2417 uel
831 2359 1003 2419 sextantem
1034 2352 1085 2418 uel
1115 2371 1190 2434 qua-

72 2472 208 2538 drantem
223 2473 381 2538 institutio
397 2471 480 2540 iacta
495 2480 571 2538 eret.
606 2473 651 2538 ita
672 2478 776 2538 autom
799 2479 908 2538 contra
930 2473 1054 2538 tabulas
1076 2471 1191 2539 tertiae

72 2591 165 2672 partis
188 2593 337 2658 bonorum
353 2592 582 2674 possessionem
597 2589 762 2673 accipient,
784 2596 821 2657 ut
843 2611 880 2658 ex
903 2609 940 2656 ea
961 2608 1062 2672 neque
1085 2590 1191 2671 legata

73 2729 169 2794 neque
189 2712 428 2778 fideicommissa
448 2718 610 2795 proestare
632 2717 799 2793 cogantur,
827 2730 887 2776 non
909 2711 1001 2777 modo
1024 2711 1191 2787 extraneis,

75 2841 122 2899 set
141 2851 193 2899 nec
214 2831 323 2899 liberis
345 2832 469 2912 quidem
485 2829 591 2898 liberti
610 2830 797 2911 libertaene;
820 2831 875 2898 sed
889 2831 1039 2914 quidquid
1055 2828 1135 2896 forte
1149 2831 1189 2896 ab
1207 2834 1242 2886 ²⁰

75 2953 118 3017 eis
132 2953 269 3020 relictum
292 2955 361 3030 erit,
385 2951 514 3017 coheres
530 2951 772 3018 cooperabitur.
801 2951 897 3033 [quod
920 2967 997 3016 uero
1019 2950 1058 3014 de
1079 2948 1190 3031 legatis

75 3071 174 3138 liberis
194 3072 310 3140 relictis
340 3071 474 3136 diximus
503 3072 547 3137 sic
575 3068 756 3151 intellegere
785 3075 923 3153 oportet,
955 3070 982 3134 si
1012 3068 1191 3135 exheredati

77 3192 136 3255 sint
155 3193 202 3257 uel
229 3189 407 3272 praeteriti,
438 3188 492 3256 ubi
520 3207 631 3270 nempe
658 3190 839 3271 praeteritio
866 3207 924 3272 pro
951 3187 1191 3256 exheredatione

79 3312 233 3394 accipitur3
255 3312 282 3376 si
304 3311 386 3376 enim
410 3309 542 3376 heredes
564 3308 674 3392 scripti
696 3314 818 3390 essent,
839 3306 918 3374 nihil
938 3315 1071 3391 patrono
1099 3307 1192 3372 debe·
