2936 4704
554 364 785 430 -131-

120 550 240 616 lotarie
261 550 443 625 audiebant,
465 555 498 618 el
518 551 550 618 in
572 569 694 618 summa
720 553 752 619 in
778 555 862 620 omni
889 559 988 628 terra,
1016 559 1233 635 quae-nostro

118 670 246 751 imperio
268 672 476 752 gubernatur,
499 669 642 752 optinere
665 671 776 752 iussit,
804 673 991 755 ubicumque
1013 673 1131 740 scilicet
1152 673 1234 740 bona

87 809 104 858 1.
118 788 171 854 ide
192 789 394 872 possessione
416 790 631 870 praecedente.
671 795 699 855 l.
733 789 875 857 Diximus
896 792 996 859 bonae
1018 791 1092 860 fidei
1113 811 1234 876 posses·

118 928 213 975 sorem
238 927 411 990 usucapere
432 927 538 990 posse3
561 915 635 975 sunt
656 917 760 976 mmen
783 912 909 992 quidam
932 929 1038 990 casus,
1065 911 1097 976 in
1120 911 1233 995 quibus

118 1030 198 1095 nobis
222 1030 374 1110 usucapio
396 1048 457 1094 non
480 1030 630 1112 procedit.
681 1037 717 1094 ut
740 1049 827 1110 ecce,
857 1031 885 1096 si
912 1033 984 1114 quis
1010 1029 1141 1097 liberam
1163 1051 1230 1114 per·
1264 1030 1281 1083 ⁶

117 1165 220 1212 sonem
242 1147 413 1231 possideat,
436 1147 488 1214 uel
509 1167 630 1214 sacram
653 1167 720 1216 rem
742 1149 793 1215 uel
815 1148 1010 1233 religiosam:
1039 1151 1122 1217 idem
1144 1151 1234 1217 intel-

118 1269 170 1349 legi
190 1274 321 1349 oportet
343 1275 376 1334 et
397 1269 424 1334 si
446 1267 516 1351 quis
538 1267 675 1334 alienum
705 1269 873 1352 fugitiuum
895 1270 1062 1354 possident,
1084 1271 1139 1354 qni
1160 1289 1234 1336 usu·

85 1389 178 1470 scapi
202 1389 324 1469 nequit
366 1387 397 1450 2.
431 1387 540 1468 Neque
561 1406 612 1453 res
634 1387 772 1454 iurtiuae
794 1407 895 1470 neque
923 1391 954 1455 ui
976 1407 1138 1471 possessae
1160 1407 1234 1456 usn·

117 1507 179 1587 capi
200 1513 345 1590 possunt,
368 1527 409 1573 ne
427 1508 453 1573 si
475 1508 581 1574 decem
604 1508 731 1589 quidem
753 1507 806 1575 uel
828 1510 938 1592 uiginti
960 1509 1051 1575 annis
1073 1527 1131 1592 ego
1151 1511 1235 1576 bona

118 1625 172 1692 lide
193 1626 416 1708 possederim·
440 1629 524 1707 quod
547 1627 586 1692 de
613 1626 740 1694 furtiuis
769 1629 903 1694 diximus
930 1630 1075 1711 intellege
1102 1628 1142 1695 de
1171 1647 1233 1694 mo
1252 1635 1286 1687 10

118 1746 226 1812 bilibus
248 1747 355 1827 rebus,
379 1749 462 1830 quod
484 1753 590 1813 autem
612 1749 651 1813 de
680 1748 713 1813 ui
742 1749 912 1829 possessis,
940 1749 979 1816 dc
1007 1749 1232 1817 immobilibus:

118 1865 246 1932 inhibuit
269 1867 350 1932 enim
374 1865 562 1932 furtiuarum
585 1886 690 1933 rerum
713 1867 935 1950 usucapionem
956 1869 1006 1936 lex
1027 1869 1090 1934 ΧΠ
1111 1869 1235 1936 tubulu-

119 2007 181 2054 rum
200 1989 456 2070 etlexdtilia1);
478 1991 511 2054 ui
533 1995 638 2056 aulem
659 2007 874 2071 possessarum
888 1992 938 2056 lex
952 1989 1033 2056 Iulia
1053 1997 1086 2056 et
1099 1987 1232 2055 Plautia.

84 2133 103 2182 3,
119 2107 146 2171 3.
186 2109 217 2175 Si
240 2127 318 2191 ergo
340 2109 411 2192 quis
433 2116 466 2174 te
488 2111 675 2193 interroget,
698 2128 738 2175 an
761 2113 815 2193 qui
842 2128 910 2176 rem
936 2111 1095 2193 possideat
1123 2127 1231 2176 usuca·

120 2247 188 2310 pere
206 2229 317 2313 possit,
340 2229 552 2310 quaerendum
584 2229 616 2296 in
648 2229 843 2310 primirum
873 2237 922 2296 est
949 2233 1056 2295 utrum
1085 2231 1166 2296 bona
1192 2248 1231 2294 an
1252 2238 1284 2290 lo

121 2350 194 2414 mals
212 2348 276 2415 fide
297 2349 465 2430 possideat.
514 2355 547 2414 ct
568 2349 595 2414 si
617 2350 743 2414 noueris
767 2369 836 2414 eum
867 2349 949 2415 bona
976 2347 1037 2416 fide
1064 2348 1233 2430 possidere,

121 2466 216 2533 stetim
239 2468 280 2534 ad
303 2471 470 2536 secundum
492 2468 706 2552 quaestionem
730 2468 920 2553 progredere
942 2476 976 2534 et
996 2485 1112 2550 quaere
1127 2487 1166 2534 an
1182 2485 1233 2534 res

121 2605 202 2654 sacra
221 2590 272 2667 sit,
296 2607 336 2654 an
359 2589 512 2670 religiosa,
535 2607 575 2654 an
598 2588 691 2654 homo
712 2589 801 2667 liber,
825 2608 865 2654 an
894 2607 945 2654 ras
974 2587 1110 2665 inmun,
1138 2607 1178 2654 an
1200 2589 1232 2652 ui

120 2725 265 2786 possessa
309 2715 341 2773 et
363 2709 391 2772 si
412 2708 523 2773 horum
546 2707 620 2787 quid
643 2708 813 2786 inueneris,
836 2708 988 2790 responde
1011 2708 1232 2789 usucapionem

121 2843 178 2890 non
197 2828 364 2909 procedere
390 2845 460 2894 cum
488 2828 520 2892 id
543 2829 612 2892 uitii
635 2827 681 2894 rei
700 2825 840 2893 haeream
878 2845 952 2893 num
974 2825 1026 2893 fur
1047 2831 1103 2892 aut
1124 2832 1233 2908 ruptor
1250 2839 1285 2893 no

120 2963 283 3029 usucapere
305 2945 431 3030 potest?
453 2952 486 3014 el
507 2946 587 3014 forta
609 2953 727 3012 temere
749 2947 878 3028 negabis
900 2951 1029 3030 propter
1052 2947 1164 3012 uilium
1188 2945 1234 3010 rei

120 3063 254 3144 haerens¹
277 3086 359 3150 quoe
386 3066 507 3134 furtiua
533 3069 574 3133 sit
603 3074 659 3134 aut
686 3067 719 3133 ui
748 3087 903 3150 possessa.
958 3075 992 3134 at
1021 3087 1082 3135 nou
1110 3073 1234 3150 oportet

121 3194 152 3251 te
172 3187 214 3252 ita
233 3189 438 3270 respondere;
461 3188 579 3253 ordinis
601 3189 683 3254 enim
705 3187 823 3255 oblitus
845 3205 888 3256 es.
917 3193 966 3256 set
986 3186 1045 3254 tibi
1068 3185 1233 3254 dicendum

188 3427 210 3493 ¹)
225 3425 244 3482 Ι.
259 3425 359 3480 sunia
