3092 4702
581 331 792 392 ..44-

97 514 212 594 aiungi
245 515 445 581 matrimonio
477 523 618 596 possunt.
673 519 703 581 5.
748 516 883 582 smitam
917 533 1016 582 meam
1058 515 1166 598 (amita
1199 520 1248 580 est

128 639 230 696 autem
252 634 352 714 patris
374 635 476 716 soror)
499 653 619 718 nequeo
636 651 763 701 uxorem
780 635 904 714 docere,
927 635 1000 701 licet
1022 635 1173 716 adoptiua
1195 633 1247 714 sit,

127 758 172 814 set
204 769 308 834 neque
341 759 541 818 materteram
568 757 632 836 (est
658 759 763 819 autem
791 758 963 819 matertera
997 752 1106 818 matris
1143 753 1246 836 soror)

127 871 200 952 quia
221 879 387 954 pareutum
409 872 475 938 loco
499 871 668 937 habentur:
699 872 869 954 cademque
899 873 1021 938 ratione
1043 889 1144 954 neque
1165 889 1249 953 mag-

127 1008 197 1054 nam
220 991 348 1055 amitam
371 1009 472 1072 neque
494 1008 638 1072 maguam
661 997 877 1070 materteram,
906 992 1021 1072 quippe
1050 1006 1131 1071 quae
1161 991 1247 1056 auia·
1281 993 1298 1045 ⁵

126 1128 194 1174 rum
210 1110 278 1177 loco
292 1109 477 1178 habeantur.
501 1117 550 1178 est
563 1118 669 1178 autem
690 1131 830 1193 magua
851 1111 972 1178 amita
992 1111 1046 1178 aui
1067 1111 1128 1176 mei
1149 1101 1261 1192 soror,

126 1247 220 1311 quam
235 1235 327 1310 pater
341 1247 428 1294 meua
443 1233 571 1296 amitam
587 1231 779 1314 appellabat:
796 1249 854 1312 ago
870 1249 945 1297 uero
962 1248 1105 1314 magnam
1119 1232 1248 1297 amitam

126 1368 212 1416 uoco.
235 1367 375 1432 magna
396 1353 502 1416 autem
524 1355 749 1416 matertera
770 1367 860 1416 soror
881 1358 930 1415 est
951 1350 1043 1415 auiae
1058 1368 1138 1428 mea,
1153 1367 1247 1433 quam

126 1477 225 1534 mater
248 1487 319 1534 mea
339 1475 551 1543 materteram,
576 1488 633 1550 ego
655 1477 760 1535 autem
783 1487 926 1552 maguam
942 1476 1143 1536 materteram
1159 1487 1246 1536 uoco.

124 1588 239 1652 dicitur
260 1594 365 1653 autem
393 1589 432 1654 de
454 1587 551 1655 amita
579 1608 640 1655 uon
669 1607 761 1670 posse
791 1608 840 1654 mc
868 1606 937 1655 eam
965 1606 1093 1655 uxorem
1123 1589 1246 1666 ducere,
1267 1605 1299 1656 ιο

125 1708 270 1787 quamuis
292 1707 441 1790 adoptiua
469 1708 524 1788 sit,
553 1725 712 1774 monuero
740 1709 779 1774 de
807 1715 984 1775 matertera.
1034 1717 1067 1774 et
1093 1709 1247 1791 quomodo

125 1826 159 1890 fit
184 1833 222 1891 ut
251 1829 405 1907 quaedam
428 1847 484 1910 per
516 1828 713 1910 adoptionem
743 1829 840 1894 amita
870 1846 1023 1911 maguaue
1050 1829 1148 1894 amita
1177 1845 1247 1894 esse

126 1945 275 2029 incipiat?
297 1953 334 2013 ut
355 1966 426 2014 ecce
446 1965 526 2014 auus
544 1965 632 2013 mens
655 1955 820 2030 paternus,
843 1950 897 2031 qui
919 1947 1015 2014 filium
1038 1948 1175 2014 habebat
1196 1967 1247 2030 pa·

126 2076 203 2132 trem
230 2085 354 2146 mcum,
383 2066 518 2149 puellam
548 2068 705 2147 quandam
733 2067 944 2150 adoptandam
971 2068 1123 2150 suscepit,
1151 2085 1245 2150 quam

127 2194 214 2268 poter
235 2204 325 2251 meus
347 2186 527 2268 adoptiuam
550 2205 688 2253 sororem
707 2187 848 2264 uocabat,
872 2205 930 2268 ego
946 2194 1050 2252 autem
1065 2187 1245 2268 adoptiuum
1266 2206 1296 2257 rc

128 2309 264 2372 amitam.
309 2309 465 2387 quomodo
488 2314 593 2373 autem
617 2307 772 2389 quaedam
800 2325 913 2388 magua
939 2305 1039 2371 amita
1065 2325 1122 2389 per
1150 2307 1244 2388 adop·

129 2425 240 2490 tionem
263 2443 333 2492 esse
355 2425 477 2508 coepit?
500 2425 582 2509 finge
603 2445 755 2510 proauum
779 2433 946 2510 paternum
968 2445 1089 2506 meum,
1112 2445 1182 2494 cum
1210 2425 1245 2492 fi·

130 2541 202 2607 lium
225 2545 358 2610 haberet
380 2563 474 2610 auum
490 2564 606 2625 meum,
629 2546 765 2628 puellam
780 2546 937 2628 quandam
952 2547 1163 2629 adoptandam
1177 2564 1244 2614 sus·
1339 2591 1343 2601 ·

129 2663 261 2746 cepisse;
284 2666 365 2730 hauc
387 2683 468 2731 auus
490 2685 579 2732 meus
601 2666 784 2749 adoptiuam
805 2685 944 2733 sororem
967 2672 1127 2744 uocasset,
1156 2673 1245 2750 pater

128 2790 230 2850 autem
252 2801 342 2850 meus
364 2785 544 2865 adoptiuam
566 2786 703 2860 amitam,
725 2804 783 2866 ego
805 2786 929 2851 demum
952 2803 1104 2867 maguam,
1128 2787 1246 2869 adopti·
1264 2811 1298 2862 20

133 2922 204 2968 uam
238 2905 376 2970 amium.
435 2905 507 2970 ideo
543 2913 649 2970 autem
693 2906 724 2970 in
767 2905 867 2970 amita
910 2910 1034 2970 tautum
1070 2905 1246 2988 adoptionis

128 3023 187 3089 leci
217 3025 423 3102 mentionem,
458 3041 520 3090 nou
555 3043 630 3091 uero
666 3027 698 3090 in
736 3031 921 3104 matertera,
957 3023 1049 3108 quia,
1084 3043 1155 3090 oum
1190 3042 1248 3106 per

129 3144 287 3209 masculini
319 3163 414 3210 sexus
441 3162 605 3227 personam
639 3142 715 3209 mihi
751 3145 972 3226 coniungatur,
1006 3143 1143 3226 adgnata
1171 3141 1247 3208 milri

131 3281 197 3327 esse
217 3264 422 3346 intellegitur,
450 3271 500 3330 set
526 3270 559 3329 et
579 3271 727 3344 cognata:
752 3264 884 3346 quisque
910 3264 991 3330 enim
1020 3265 1176 3348 cognatus
1198 3270 1248 3330 cst

131 3385 197 3464 ipse
226 3403 354 3468 prorsus
388 3392 420 3450 et
457 3391 618 3466 cognatus.
677 3383 705 3450 si
745 3403 827 3467 quac
865 3392 970 3450 autem
1009 3401 1066 3466 per
1105 3383 1247 3466 adoptio
1264 3398 1297 3448 25

134 3522 201 3568 uem
221 3505 292 3570 mihi
315 3511 490 3569 matertera
513 3521 582 3570 esse
604 3503 751 3585 eoeperit,
774 3504 903 3586 nuptiae
928 3521 1058 3586 prorsus
1087 3520 1148 3568 nou
1176 3520 1247 3584 pro

133 3620 286 3688 hibentur:
309 3641 392 3702 nam,
415 3624 530 3706 quippe
545 3641 626 3707 quae
648 3621 724 3688 mihi
745 3640 804 3705 per
824 3621 965 3688 feminini
988 3641 1081 3688 serus
1096 3639 1246 3704 personas

136 3742 285 3824 iungatur,
315 3749 448 3826 cognata
477 3743 552 3808 milui
580 3745 655 3810 erit:
684 3749 733 3809 set
760 3763 832 3812 cum
861 3744 932 3808 talis
959 3761 1016 3826 per
1045 3741 1246 3823 adoptionem

138 3859 211 3930 heta
231 3864 285 3946 sit,
313 3861 431 3928 nullam
460 3881 582 3930 mecum
611 3863 803 3946 cognationis
824 3867 957 3945 speciem
980 3862 1091 3940 habet,
1118 3869 1247 3943 propter

139 3979 205 4046 iuris
229 3981 389 4064 reguiam,
416 3985 531 4063 quain
555 3984 755 4066 adoptionem
778 3981 922 4063 cognatio
946 3999 1002 4064 pro
1024 3979 1121 4047 nihilo
1136 3978 1246 4046 haberi
1264 3997 1299 4050 ao
