2870 4716
513 291 744 354 -339-

70 475 192 540 nullum
223 476 414 542 intellectum
446 477 561 542 habere
592 477 825 558 intelleguntur.
871 495 942 542 oum
974 496 1050 543 uero
1087 498 1181 560 ›pu-

69 593 237 674 pillum‹
262 595 334 673 diri,
358 597 529 677 generatim
545 596 759 663 admonendus
774 602 823 662 est
836 595 946 679 pupilli
969 601 1104 662 aetatem
1126 599 1181 663 tri-

68 711 183 778 fariam
212 712 325 794 diuidi3
351 714 540 798 pupillorum
570 717 652 782 enim
680 716 732 781 alii
757 714 931 782 infantes
960 722 1050 798 sunt,
1081 717 1180 785 ueluti

67 832 222 898 lactentes
251 833 396 915 paulloue
423 835 556 900 maiores
583 839 675 914 natu,
703 835 755 901 alii
777 837 943 919 proximi
965 836 1113 903 infanti
1136 837 1181 904 di-

66 957 194 1032 cuntur,
217 954 270 1035 qui
292 959 375 1020 reete
396 953 482 1035 loqui
503 954 664 1037 incipiunt,
692 956 745 1021 alii
767 955 900 1039 denique
921 957 1092 1038 proximi
1112 968 1214 1040 pu-5

64 1071 226 1138 bertati.
271 1078 304 1139 et
330 1073 431 1140 inians
460 1074 585 1157 quidem
613 1075 757 1158 stipulari
784 1077 909 1158 nequit,
937 1094 1008 1142 oum
1030 1096 1069 1142 ne
1095 1077 1181 1159 loqui

65 1191 198 1272 quidem
224 1195 339 1275 possit3
369 1198 401 1260 ot
426 1194 522 1260 nihilo
550 1195 649 1276 magis
677 1195 836 1278 proximus
866 1194 977 1261 infanti
1004 1197 1059 1278 qui
1086 1197 1180 1278 septi·

64 1329 154 1376 mum
182 1313 234 1378 nel
263 1319 409 1378 octauum
438 1314 504 1396 agit
531 1331 657 1380 annum
702 1314 877 1394 hiesum,
908 1314 980 1381 lieet
1008 1315 1180 1398 exprimere

66 1431 168 1497 uerba
189 1433 300 1515 possit,
322 1433 432 1516 nequit
452 1431 632 1515 intellegere
653 1432 730 1515 quid
752 1433 836 1500 dicta
857 1433 1040 1516 significent
1055 1413 1181 1517 'proxi-

65 1569 137 1617 mus
159 1571 239 1617 uero
261 1552 420 1635 pubertati
441 1553 545 1620 ualida
567 1553 750 1637 stipulatur,
779 1573 849 1619 eum
871 1559 903 1621 et
923 1554 1023 1620 uerba
1044 1562 1231 1637 pronun-10

66 1672 148 1737 liare
163 1677 199 1736 et
213 1690 295 1754 quae
316 1672 392 1738 dicit
412 1673 591 1755 intellegere
611 1672 721 1756 possit
750 1673 869 1755 placuit
888 1692 965 1738 uero
987 1692 1049 1739 non
1072 1692 1181 1740 secun-

67 1792 143 1856 dum
165 1793 246 1858 iuris
268 1794 487 1876 suptilitatem,
510 1800 560 1860 set
580 1813 637 1875 per
658 1793 868 1874 benigniorem
891 1793 1181 1876 interpretationem

66 1913 247 1994 proximum
263 1911 375 1978 intanti
389 1913 492 1978 ualide
507 1913 660 1995 stipulari,
683 1912 776 1978 sicuti
797 1913 972 1995 proximum
993 1911 1179 1994 pubertatis.

67 2031 208 2114 pupillus
235 2035 355 2110 autem,
386 2033 439 2114 qui
465 2031 497 2096 in
524 2032 623 2115 patris
652 2035 810 2115 potestate
836 2037 898 2109 est,
926 2031 1025 2114 patris
1053 2032 1180 2114 quidem

27 2153 259 2220 uauotoritate
281 2150 445 2233 obligatur.
490 2154 537 2214 11.
560 2151 669 2216 Potest
689 2155 722 2216 et
744 2150 942 2233 impossibilis
965 2150 1104 2216 condicio
1126 2152 1181 2217 sti·
1200 2160 1231 2214 lu

66 2273 223 2353 pnlationi
249 2272 372 2339 adiecto
399 2271 479 2339 hano
504 2269 675 2356 infirmare;
710 2290 747 2336 ea
774 2275 823 2336 est
849 2275 954 2335 autem
980 2269 1180 2351 impossibilis

68 2391 220 2470 condicio,
243 2393 331 2458 cuius
347 2392 471 2458 euentui
491 2395 607 2456 natura
619 2391 841 2476 impedimento
862 2390 916 2455 sit:
940 2390 1038 2456 ueluti
1061 2390 1087 2455 si
1110 2391 1180 2472 quis

67 2510 113 2574 ita
143 2509 241 2577 dieat:
272 2512 328 2576 »si
357 2481 483 2593 digito
510 2528 588 2576 meo
615 2511 766 2577 caelum
788 2509 990 2591 attingero
1013 2509 1180 2576 dabisne

68 2629 165 2694 mihi
187 2630 315 2696 decem
336 2631 521 2696 aureosi«
546 2631 598 2696 uel
623 2630 677 2695 »si
699 2647 802 2695 mare
823 2628 1016 2695 ebibero«.
1060 2629 1087 2694 si
1109 2629 1179 2710 quis

68 2749 116 2813 ita
145 2750 329 2832 stipuletur:
365 2750 557 2815 »dabisne
586 2749 679 2814 mibi
707 2749 738 2815 si
766 2747 891 2831 digito
919 2766 1001 2814 meo
1029 2748 1231 2814 caelumau

68 2887 146 2933 non
168 2870 397 2952 attigero?«‚
420 2890 499 2953 pure
518 2869 679 2952 stipulatio
693 2868 777 2934 laeta
789 2868 991 2951 intellegitur,
1014 2887 1084 2934 oum
1107 2868 1180 2934 inde

23 3004 59 3055 ra.
68 2987 215 3070 protinus
244 2995 351 3072 petere
379 2989 488 3072 possit.
535 2992 581 3054 12.
611 2990 693 3054 Item
723 2988 891 3054 uerborum
921 2987 1068 3070 obligatio
1097 2989 1180 3053 inter

69 3105 215 3174 absentes
243 3112 404 3174 contracta
429 3109 462 3173 ui
491 3113 585 3174 earet.
629 3114 678 3174 set
703 3126 773 3174 eum
798 3106 857 3172 hoo
886 3109 1050 3172 materiam
1075 3107 1179 3172 litium

69 3229 272 3294 contentiosis
301 3227 477 3294 hominibus
506 3227 704 3311 praestabat,
738 3245 809 3294 cum
841 3226 922 3292 lorte
951 3231 1023 3308 post
1050 3225 1179 3307 longum

70 3350 197 3428 tempus
222 3347 262 3412 ab
288 3348 333 3414 eis
355 3346 506 3414 eiusmodi
533 3347 734 3429 allegationes
760 3349 1005 3431 opponerentur,
1032 3345 1086 3428 qui
1115 3362 1177 3409 non
1196 3360 1229 3413 25

68 3471 251 3548 praesentes
272 3467 368 3534 luisse
389 3471 422 3535 in
443 3489 481 3535 ea
510 3469 637 3536 ciuitate
662 3489 732 3538 sese
752 3469 804 3536 uel
825 3468 1026 3552 stipulatores
1054 3470 1178 3533 eonten-
