2920 4750
504 371 742 433 —478—

77 545 242 610 dominum:
279 548 310 608 et
344 551 475 625 uterque
510 553 649 609 nostrum
688 545 729 608 ad
767 544 968 628 semetipsum
1011 543 1181 608 dominium

75 635 235 734 referebat.
270 668 397 733 tandem
417 689 477 750 ego
502 669 545 733 ita
568 670 688 735 loeutus
705 691 788 734 sum:
813 670 905 734 ‘site
929 669 1087 734 dominum
1111 690 1181 734 esse

75 793 242 876 existimas,
272 814 332 876 ego
362 814 485 858 sernum
514 794 675 877 possideo:
705 786 829 859 actione
849 796 881 858 in
901 814 967 859 rem
987 813 1108 859 meeum
1129 814 1182 858 ex-

74 918 180 1000 perire,
205 926 236 982 et
259 918 286 981 si
302 917 350 981 ius
365 924 451 982 tuum
468 918 663 1000 probaueris,
689 938 814 983 seruum
829 919 982 983 habebis'.
1022 918 1132 982 eadem
1149 927 1182 982 tu

74 1063 191 1125 qnoque
223 1042 347 1106 aiebas:
388 1047 458 1124 ‘ego
495 1041 620 1122 quidem
652 1044 813 1126 possideo,
853 1049 886 1106 tu
920 1052 1024 1108 autem
1059 1063 1181 1106 meeum
1220 1054 1237 1106 5

73 1168 191 1232 actione
224 1168 256 1231 in
283 1187 348 1231 rem
373 1167 536 1250 experire'.
590 1174 622 1231 et
654 1189 724 1232 eum
752 1169 790 1232 de
820 1168 957 1232 dominio
993 1168 1181 1232 contendere

73 1293 277 1376 coeperimus,
309 1293 350 1356 ad
374 1293 583 1376 possessionis
607 1292 822 1372 quaestionem
851 1293 1042 1356 deuenimus.
1088 1313 1182 1372 quae·

72 1418 197 1482 rendum
218 1425 265 1482 est
281 1419 377 1500 igitur
392 1427 423 1483 et
448 1419 687 1498 decernendum,
710 1427 780 1482 uter
803 1438 888 1483 reus
911 1419 961 1498 sit,
985 1424 1056 1483 uter
1077 1424 1181 1483 autem

70 1548 182 1606 sotor.
236 1563 338 1624 neque
367 1543 449 1607 enim
477 1543 561 1607 oiuili
590 1562 692 1623 neque
720 1543 856 1607 naturali
883 1543 1006 1608 ratione
1034 1543 1183 1608 iudicium

70 1665 222 1749 procedit,
257 1667 318 1731 nisi
352 1674 472 1732 eonstet
504 1668 574 1750 quis
609 1673 697 1730 notor
725 1674 757 1732 et
784 1667 854 1748 quis
881 1688 953 1732 reus
981 1661 1052 1732 sit:'
1073 1669 1184 1732 melior
1204 1675 1238 1726 10

70 1798 170 1855 autem
196 1791 228 1854 in
253 1791 376 1856 iudioiis
399 1792 445 1856 rei
469 1791 612 1856 eondieio
637 1811 731 1874 quam
755 1792 871 1856 actoris
899 1811 1023 1874 semper
1050 1799 1106 1856 est.
1152 1800 1184 1856 et

67 1915 137 1980 ideo
178 1916 362 1998 plerumque
400 1915 556 1980 maximae
596 1915 736 1980 oriuntur
773 1916 1006 1980 controuersiae
1039 1915 1078 1980 de
1113 1916 1184 1998 ipsa
1262 1969 1270 1982 .

69 2039 283 2122 possessione,
313 2039 396 2121 apud
419 2046 520 2103 utrum
544 2059 583 2104 ea
607 2040 654 2103 sit.
702 2041 897 2104 commodum
928 2048 1031 2104 autem
1060 2059 1182 2122 posses·

68 2165 164 2228 sionis
189 2164 222 2227 in
246 2183 284 2227 eo
314 2171 375 2245 est,
411 2164 509 2243 quod,
544 2164 618 2229 lieet
644 2185 695 2228 res
723 2165 899 2247 possessori
927 2185 989 2228 non
1017 2165 1182 2247 pertineat,

67 2296 172 2352 tamen
197 2289 224 2352 si
249 2295 337 2352 autor
361 2289 526 2353 ostendere
550 2295 686 2370 nequeat
710 2289 879 2353 dominium
907 2289 968 2354 sibi
995 2295 1183 2372 competere,
1205 2301 1237 2354 15

67 2433 138 2477 reus
169 2413 257 2477 litem
286 2397 396 2493 uincit,
429 2412 563 2495 ideoque
592 2433 661 2477 eum
690 2413 871 2495 ambigitur,
900 2420 1000 2476 utrum
1029 2422 1115 2478 actor
1142 2433 1184 2476 an

66 2557 136 2601 reus
162 2537 307 2601 dominus
323 2537 373 2616 sit,
398 2536 567 2602 seeundum
582 2557 669 2602 reum
689 2537 844 2602 sententia
867 2539 1035 2620 protertur:
1060 2557 1185 2620 semper

66 2661 147 2725 enim
180 2663 296 2727 aetoris
324 2662 544 2745 probationum
573 2661 734 2727 infirmitas
763 2663 848 2745 (nam
874 2663 903 2725 ei
926 2661 1082 2744 probandi
1105 2681 1184 2726 onus

26 2797 53 2846 ia.
64 2785 233 2867 incumbit)
257 2806 311 2850 reo
340 2785 503 2850 uictoriam
528 2793 627 2869 parat.
685 2791 739 2851 4a.
763 2786 850 2850 Haeo
878 2785 974 2867 igitur
1001 2785 1062 2849 duo
1091 2785 1184 2850 inter-

63 2909 149 2974 dieta
175 2910 400 2975 retinendae
428 2909 687 2994 possessionis
715 2930 813 2974 eausa
836 2915 1019 2991 comparata
1042 2915 1127 2974 sunt:
1152 2909 1184 2973 in
1204 2922 1239 2973 20

63 3055 100 3098 eo
134 3041 245 3099 autem
277 3034 435 3115 differunt,
474 3034 557 3114 quod
588 3033 786 3098 interdictum
824 3033 878 3097 uti
915 3033 1121 3118 possidetis
1152 3033 1184 3097 in

63 3160 159 3223 rebus
196 3157 271 3240 soii,
308 3157 406 3222 ueluti
437 3157 533 3222 fundo
567 3165 598 3221 et
630 3157 777 3237 aedibus,
813 3157 917 3222 iooum
944 3157 1053 3238 habet,
1089 3158 1184 3223 inter·

62 3283 186 3348 dietum
211 3289 317 3348 autem
333 3281 460 3347 utrubi
484 3282 517 3346 iu
532 3281 707 3346 mobilibus.
746 3281 843 3345 uinoit
859 3286 963 3346 autem
987 3281 1040 3345 uti
1064 3281 1184 3364 possi·

61 3407 165 3472 detis
192 3408 359 3472 interdicto
387 3407 533 3489 quisine
562 3405 638 3471 nitio
662 3413 734 3470 tuno
757 3406 908 3488 temporis
931 3405 1084 3488 possidet,
1113 3425 1183 3469 oum

60 3541 195 3614 praetor
220 3531 417 3597 interdietum
441 3531 504 3613 dat,
531 3531 614 3596 idest
635 3551 704 3595 neo
729 3531 766 3594 ui
790 3547 857 3594 neo
886 3530 980 3594 elam
1008 3549 1074 3594 nee
1102 3549 1184 3612 pre·
1203 3545 1239 3598 25

60 3657 169 3721 sario
210 3657 256 3720 ab
291 3656 526 3721 aduersario.
572 3677 645 3720 nam
673 3656 714 3736 si,
743 3655 806 3719 alio
830 3654 863 3718 ui
891 3651 1027 3733 deieoto,
1055 3652 1184 3717 fundum
