3092 4702
572 338 783 403 ..70...

141 545 216 592 nemo
236 531 318 592 extet
338 525 393 605 qni
416 530 604 591 testamento
629 533 716 590 tutor
738 525 832 592 datus
853 524 911 604 sit,
939 532 1065 609 oportet
1086 527 1242 610 legitimos

140 645 156 708 i.
175 665 199 710 a.
219 643 370 725 adgnatos
392 642 523 708 tutelam
544 643 714 725 suscipere,
737 643 793 726 qui
814 663 871 728 per
893 643 993 712 uirilis
1015 663 1109 712 sexus
1130 663 1243 728 rogno-

137 763 238 828 tionem
258 764 440 844 iunguntur.
484 769 638 830 uocantur
659 769 765 830 autem
789 763 917 846 adgnati
944 764 1044 830 ueluti
1071 763 1170 832 irater
1191 783 1243 830 eo-

137 881 194 946 dem
214 887 303 963 patre
326 889 418 946 natus
442 882 571 962 eiusque
594 881 677 949 filins
700 883 751 948 uel
774 903 811 948 ex
841 901 878 950 ao
902 900 1008 964 nepos.
1057 881 1113 966 qui
1135 888 1241 948 autern

134 1019 180 1081 par
208 1000 348 1066 seminini
380 1020 472 1067 sexus
503 1019 654 1084 personas
681 1002 771 1068 nobis
803 1001 1036 1084 ooninnguntnr
1073 1019 1134 1067 non
1167 1009 1242 1066 sunt
1276 1002 1293 1052 ⁵

133 1118 247 1201 agnati
261 1125 312 1186 sat
334 1119 471 1186 naturali
491 1120 613 1187 ratione
635 1121 776 1202 cognati3
798 1119 907 1200 itaque
921 1121 1038 1186 amitae
1053 1137 1142 1186 mena
1156 1117 1241 1184 fitius

134 1245 251 1304 nonest
272 1238 352 1303 mihi
373 1238 527 1320 adgnatos
549 1247 599 1304 set
621 1245 773 1322 cognatus
794 1242 828 1304 at
849 1257 907 1320 ego
928 1237 958 1303 ei
986 1245 1137 1320 nognstus
1160 1255 1240 1316 sum,

132 1357 194 1438 qnia
223 1355 316 1422 lineri
351 1359 449 1438 patris
490 1376 551 1423 non
594 1357 704 1422 matris
744 1356 892 1421 familiam
924 1364 1099 1436 saonntur,
1139 1374 1241 1438 nsque

131 1475 222 1540 obsmt
242 1477 413 1558 adgnatam
437 1495 506 1541 esse
528 1477 654 1541 amitam
682 1475 849 1556 quominus
879 1475 946 1540 eius
974 1471 1057 1540 filius
1087 1480 1240 1554 cognatus

131 1595 172 1658 sit.
206 1612 360 1678 quaenam
383 1604 432 1661 est
453 1603 559 1661 autem
581 1593 699 1661 musa?
721 1593 862 1662 feminini
884 1593 965 1660 enim
988 1611 1082 1658 sexus
1103 1611 1240 1672 persona
1260 1600 1292 1651 10

129 1712 332 1780 interueniens
354 1714 568 1794 cognationem
591 1715 768 1795 interrupit
812 1713 984 1796 generatim
1006 1719 1112 1778 autem
1134 1711 1241 1777 admo·

130 1830 236 1896 nendos
256 1849 293 1898 es
316 1849 411 1912 qaam
433 1833 504 1912 quis
525 1831 741 1914 cognationem
756 1850 877 1898 mecum
897 1829 1080 1912 praesefert
1103 1847 1153 1895 ma
1167 1849 1241 1896 ean-

96 1949 190 2016 adom
209 1969 279 2016 rum
302 1969 342 2015 oo
363 1951 488 2017 habere.
522 1951 552 2014 2.
575 1948 675 2016 Sionti
689 1956 794 2016 numm
810 1951 928 2016 dietum
943 1953 1001 2028 ast,
1023 1948 1240 2032 lncnssdgna-

128 2067 163 2133 tis
182 2069 210 2134 in
232 2070 337 2136 tutela
358 2070 394 2136 fit
415 2089 477 2136 non
499 2072 599 2138 solum
622 2073 649 2138 si
671 2081 762 2155 pater
783 2078 1006 2138 testamentum
1034 2089 1096 2136 uon
1118 2069 1239 2144 iecerit,

129 2188 175 2267 qui
193 2195 319 2271 poterat
341 2197 462 2257 tutores
483 2192 577 2276 dare;
606 2199 656 2258 sat
682 2191 777 2258 etiam
805 2192 833 2258 si
859 2197 1010 2274 quantum
1038 2190 1080 2256 ad
1108 2190 1239 2256 tutelam
1260 2201 1291 2252 ln

127 2309 249 2388 pertinet
269 2310 444 2376 intestatus
466 2311 650 2392 decesserit;
673 2311 757 2394 quod
778 2310 894 2380 accidit
916 2317 949 2376 et
970 2309 997 2376 si
1012 2315 1150 2376 tutorem
1172 2309 1240 2391 qui-

92 2425 186 2492 sdam
207 2428 342 2506 dederit,
370 2429 464 2498 datus
491 2435 598 2498 autam
626 2434 701 2496 anta
728 2435 911 2496 testatorem
941 2433 1085 2496 mortuns
1112 2427 1164 2493 sit
1208 2428 1238 2490 3.

127 2543 175 2612 Set
196 2546 399 2629 adgnationis
426 2547 554 2630 quidam
582 2547 631 2614 ins
657 2549 803 2615 omnibus
830 2547 943 2630 ospitis
973 2545 1238 2616 dominationibus

125 2663 298 2750 plerunque
322 2665 503 2750 perimitnr3
525 2667 604 2732 iuris
625 2668 706 2734 enirn
729 2667 831 2734 oinilis
853 2667 1003 2749 adgnatio
1030 2671 1096 2732 est:
1125 2683 1239 2746 nogue-

125 2781 208 2850 tionis
228 2791 340 2852 antem
360 2784 412 2851 ins
433 2804 494 2852 nou
509 2785 654 2852 omnibns
676 2786 787 2868 capitis
816 2785 1082 2853 dominationibus
1104 2801 1238 2851 oommu·
1257 2787 1292 2840 2⁰

124 2907 209 2969 tatur.
252 2904 389 2971 ethaeo
411 2911 460 2970 est
481 2904 513 2969 in
535 2905 725 2986 adgnationa
745 2905 838 2983 ratio,
860 2907 935 2988 qnia
951 2905 1058 2971 ¹ciuilis
1080 2903 1172 2980 ratio,
1194 2903 1241 2968 id·

123 3030 166 3088 ast
178 3023 289 3108 ospitis
305 3023 489 3102 deminutio,
505 3021 840 3106 sirmondianam,
855 3022 1239 3108 idostadgnationisperi·

123 3157 198 3208 nere
218 3149 338 3224 potest,
360 3143 523 3212 naturalia
538 3161 632 3223 uero,
658 3143 740 3210 idest
760 3143 964 3227 cognationis,
987 3161 1049 3210 non
1071 3142 1191 3224 utiquo
