2932 4704
565 320 798 383 —107-

125 511 167 570 tes
189 502 430 572 Sabinianornm
453 513 486 572 et
506 503 774 572 Proculianorum.
819 505 1000 572 Proculiani
1022 504 1166 572 dicebant
1188 507 1242 586 qui

123 626 254 706 speciem
276 627 401 706 parauit
421 645 491 691 enm
520 625 635 708 speciei
658 625 816 690 dominnm
838 623 925 702 fieri,
949 623 1108 690 Sabiniani
1137 631 1242 690 antem

123 746 171 824 qni
190 745 341 810 materiae
362 744 506 810 dominus
527 753 612 811 esset
631 763 702 810 eum
720 745 834 825 speciei
855 762 980 827 quoque
1000 743 1242 825 proprietarium

124 882 185 929 esse
199 863 360 930 uolebant
384 865 478 928 tertia
495 871 601 929 autem
617 863 845 946 quodammodo
860 863 963 927 media
977 861 1135 928 sententia
1156 863 1243 927 inna-

124 983 183 1060 luit,
206 1001 291 1063 quae
312 983 405 1050 modo
421 980 599 1048 Sabinianis
621 983 713 1048 modo
737 981 931 1049 Proculianis
954 979 1091 1058 fauebat,
1115 1001 1196 1064 quae
1212 988 1244 1046 et
1281 983 1298 1033 ὃ

124 1102 257 1182 piissimo
279 1101 411 1182 principi
434 1109 542 1168 nostro
565 1103 692 1182 placuit
729 1118 811 1181 quae
834 1101 990 1166 sententia
1011 1101 1057 1166 ita
1079 1119 1114 1166 se
1135 1101 1245 1166 habet:

125 1221 204 1288 dea
226 1221 349 1302 species
371 1239 453 1303 quae
474 1227 586 1302 parata
615 1228 664 1286 est
693 1220 733 1285 ed
762 1218 925 1300 pristinam
953 1219 1133 1298 materiam,
1161 1220 1245 1284 unde

124 1340 200 1406 lecta
223 1349 283 1418 est,
306 1341 413 1408 reduci
436 1349 549 1424 potest,
572 1342 722 1408 materiae
745 1343 889 1408 dominns
912 1343 1027 1424 speciei
1043 1354 1169 1425 qnoque
1185 1343 1245 1406 erit

124 1460 277 1532 dominum
303 1461 351 1526 sin
380 1468 486 1526 antem
515 1461 635 1543 species
668 1461 707 1528 ad
738 1461 902 1543 pristinam
931 1463 1098 1526 materiam
1128 1462 1244 1524 reuerti

124 1579 243 1662 nequit,
267 1579 323 1661 qni
350 1582 484 1662 speeiem
515 1581 662 1660 coniecit,
689 1581 717 1645 is
747 1581 887 1645 eiusdem
916 1579 1061 1646 dominus
1089 1583 1159 1644 erit.
1209 1584 1297 1644 ut10

125 1717 199 1775 eece,
222 1699 355 1779 exempli
377 1702 489 1780 gratia,
511 1720 549 1766 ex
571 1717 674 1766 massa
696 1701 778 1766 aeris
800 1698 852 1766 uel
874 1701 998 1781 argenti
1021 1698 1073 1764 uel
1094 1700 1165 1764 auri
1186 1717 1244 1764 uas

124 1815 286 1884 conflatum
308 1827 414 1900 potest
436 1821 476 1885 ad
498 1820 663 1902 pristinam
686 1838 821 1886 massam
851 1821 934 1885 aeris
963 1821 1014 1884 uel
1043 1819 1166 1900 argenti
1190 1811 1244 1883 inei

125 1937 190 2002 anri
210 1938 328 2019 redigi:
351 1939 459 2003 uinum
483 1946 588 2004 antem
611 1938 663 2004 uel
685 1939 788 2004 oleum
809 1941 860 2005 uel
889 1939 1080 2004 frumentum
1103 1936 1143 2002 ad
1166 1952 1245 2002 uuas

125 2055 172 2121 uel
192 2057 293 2122 ednas
314 2055 366 2122 uel
388 2057 490 2138 spicas
512 2057 629 2122 reuerti
658 2059 781 2141 nequit,
811 2064 860 2124 set
889 2076 929 2122 ne
955 2057 1090 2122 mumum
1119 2056 1245 2137 quidem

126 2175 163 2239 ad
183 2176 289 2241 ninum
313 2183 345 2241 et
367 2177 427 2242 mel
450 2177 567 2242 resolui
588 2185 703 2260 potest
748 2179 826 2244 haec
853 2197 929 2243 uero
959 2179 986 2242 si
1016 2182 1084 2242 tota
1113 2175 1245 2242 materia
1264 2185 1296 2236 lo

127 2293 220 2358 aliena
232 2295 345 2360 inerit:
362 2314 433 2361 nam
456 2297 484 2359 sl
506 2315 544 2360 ex
566 2304 775 2378 meatusque
798 2297 930 2362 materia
951 2298 1087 2376 speciem
1108 2295 1244 2372 fecerim,

127 2413 220 2477 ueluti
242 2433 280 2478 ex
301 2415 376 2478 uino
399 2433 467 2480 meo
490 2423 521 2481 et
545 2421 600 2479 tuo
623 2414 714 2481 melle
736 2413 886 2490 mulsum,
914 2423 970 2482 ant
1001 2433 1039 2480 ex
1068 2416 1145 2480 meis
1169 2415 1246 2480 tuis·

93 2529 101 2548 '
127 2550 184 2612 que
205 2533 438 2599 medicamentis
461 2534 664 2616 emplastrum
688 2533 739 2600 uel
762 2533 934 2616 collyrium,
956 2543 1012 2600 ant
1032 2554 1070 2600 ex
1084 2552 1155 2600 mea
1177 2543 1246 2599 tua-

126 2667 184 2730 que
204 2652 274 2716 lnna
295 2658 426 2729 uestem,
450 2653 658 2719 dubitandum
681 2671 742 2719 non
766 2660 815 2719 est
828 2655 903 2737 quin
926 2655 959 2719 in
986 2655 1045 2720 hoc
1066 2671 1141 2719 casu
1163 2655 1190 2718 is
1204 2655 1246 2718 sit

115 2769 264 2835 dominus
286 2772 341 2854 qui
363 2769 487 2850 iecerit,
516 2790 577 2838 non
605 2772 706 2838 solum
729 2774 811 2838 enim
833 2776 873 2838 ad
896 2773 1031 2854 speciem
1051 2771 1244 2838 efficiendam
1262 2771 1298 2822 2⁰

80 2890 118 2940 26·
126 2905 246 2968 operam
268 2907 358 2954 snam
382 2891 482 2964 dedit,
504 2899 553 2956 set
580 2899 612 2956 et
640 2897 763 2973 partem
793 2891 942 2958 materiae
964 2893 1148 2974 praestauit.
1193 2891 1244 2954 26.

126 3003 247 3090 Siquis
268 3027 345 3076 uero
366 3008 500 3076 alienam
521 3029 696 3092 purpuram
718 3029 776 3077 suo
798 3011 933 3077 intexuit
953 3012 1150 3090 uestimento,
1173 3011 1246 3077 licet

127 3127 243 3193 adiecta
264 3146 407 3211 purpura
428 3147 565 3196 connexo
587 3131 776 3196 uestimento
798 3132 965 3210 pretiosior
986 3136 1049 3206 est,
1073 3138 1178 3196 tamen
1199 3148 1246 3196 ac·

127 3247 269 3313 cessionis
290 3250 393 3316 locum
417 3249 592 3330 optinetet
619 3268 780 3332 purpurae
806 3249 950 3316 dominus
980 3251 1135 3317 aduersm
1164 3267 1247 3326 enm,

127 3367 178 3445 qui
199 3383 265 3432 eam
289 3367 448 3449 subripuit
469 3375 502 3432 et
523 3369 555 3434 id
577 3367 661 3446 iacit,
683 3369 761 3434 iurti
782 3371 936 3436 actionem
958 3379 991 3437 et
1018 3366 1245 3438 condictionem
1262 3373 1297 3426 ao
