2864 4736
565 332 806 396 -422—

125 505 254 586 similis,
297 525 379 586 quae
418 505 450 570 in
493 507 744 588 argentariorum
781 507 917 590 receptis
955 508 1058 578 locum
1096 509 1244 575 habebut

121 628 158 692 id
185 649 261 695 uero
290 631 371 694 inter
398 630 600 713 recepticium
628 637 659 695 et
686 631 841 713 pecuniae
869 633 1060 698 constitutae
1088 635 1244 699 actionem

122 773 288 818 commuue
317 735 378 836 est,
404 754 490 836 quod
515 759 647 836 utraque
675 775 715 820 ex
742 756 911 820 constituto
935 756 1089 838 nescitum
1114 777 1152 822 eo
1167 778 1244 823 uero

121 877 282 960 differunt,
306 878 390 960 quod
406 881 561 964 pecuniae
577 881 767 946 constitutae
791 881 875 947 actio
899 887 1009 946 contra
1033 901 1166 964 omnem,
1190 882 1244 964 qui

125 1003 209 1066 diem
238 1003 448 1084 constituerit,
476 1003 578 1068 locum
605 1004 715 1086 habet,
744 1005 916 1088 recepticia
943 1011 1049 1070 autem
1072 1007 1105 1070 in
1133 1027 1244 1089 argen—
1280 1022 1296 1073 5

125 1126 240 1190 tarium
263 1128 489 1192 tantummodo.
535 1135 584 1193 set
606 1129 684 1192 illud
708 1130 801 1193 etiam
818 1129 957 1210 interest,
982 1129 1067 1211 quod
1089 1131 1243 1212 pecuniae

122 1250 316 1315 constitutae
340 1251 422 1316 actio
446 1257 519 1316 tnnc
546 1251 648 1317 locum
671 1253 781 1334 habet,
810 1272 880 1317 cum
908 1273 947 1316 ea
975 1253 1146 1318 constituta
1173 1254 1243 1336 sint,

121 1395 207 1456 quse
231 1375 372 1458 pondere
394 1396 523 1440 numero
546 1395 735 1441 mensurans
751 1383 909 1458 constant3
933 1376 1106 1460 recepticia
1126 1383 1242 1458 autem,

123 1499 362 1580 qualiscumque
394 1520 446 1565 res
476 1500 642 1583 debeatur,
676 1501 743 1565 siue
771 1501 896 1565 mobilis
924 1501 991 1564 siue
1021 1501 1094 1582 soli,
1123 1501 1243 1567 intendi

120 1629 233 1707 potest.
280 1624 433 1706 pecuniae
456 1624 553 1706 igitur
576 1625 764 1688 constitutae
788 1624 869 1688 actio
893 1624 987 1689 latior
1014 1631 1063 1689 est
1093 1626 1177 1707 quod
1201 1627 1243 1690 ad
1263 1638 1297 1692 10

119 1767 286 1832 personas,
313 1769 386 1812 nam
409 1749 551 1830 quolibet
575 1748 783 1814 constituente
811 1749 914 1813 locum
941 1749 1051 1831 habet;
1080 1750 1243 1832 angustior
1332 1823 1335 1830 ,

121 1891 199 1936 uero
224 1873 308 1954 quod
336 1873 377 1938 ad
404 1889 470 1954 res;
505 1894 579 1937 nam
609 1893 649 1938 ea
676 1873 778 1938 solum
806 1873 953 1938 constitui
980 1880 1126 1956 possunt,
1160 1893 1242 1954 quae

121 1997 264 2081 pondere
291 2017 421 2062 numero
449 2018 596 2062 mensura
624 2003 776 2062 constant
831 1998 1042 2080 recepticio
1070 2005 1182 2078 autem,
1202 2019 1242 2063 ex

124 2121 252 2186 diuerso
277 2123 441 2204 angustior
468 2123 625 2203 estquod
652 2122 694 2187 ad
721 2142 888 2206 personas,
918 2143 987 2187 cum
1016 2122 1128 2186 eadem
1155 2122 1241 2187 solus

123 2247 324 2329 argentarius
348 2253 506 2328 teneatur;
531 2247 625 2312 latior
647 2266 733 2327 uero,
759 2246 841 2327 quod
865 2247 906 2310 ad
928 2266 993 2328 res;
1018 2246 1123 2311 omnia
1147 2248 1294 2327 enim,15

121 2391 205 2453 qnae
236 2371 404 2453 debentur,
433 2371 465 2435 in
493 2391 532 2436 ea
560 2371 765 2436 continentur.
811 2376 859 2436 set
886 2372 965 2436 haec
993 2371 1119 2451 quidem
1151 2370 1239 2435 olim:

123 2495 304 2560 constitutio
329 2502 434 2560 autem
458 2496 574 2579 prodiit
589 2497 740 2579 principis
755 2496 864 2576 nostri,
890 2515 953 2577 qua
976 2502 1102 2559 cautum
1125 2501 1182 2574 est,
1207 2501 1241 2559 ut

122 2626 155 2685 et
178 2621 212 2684 in
235 2621 449 2722 argentarium
478 2626 510 2684 et
537 2620 570 2684 in
598 2619 769 2701 quemlibet
796 2618 891 2682 alium
919 2618 1159 2684 constituentem
1187 2639 1241 2702 pe·

123 2745 237 2810 cuniae
262 2744 449 2809 constitutae
473 2745 555 2809 actio
579 2745 648 2809 sola
676 2749 882 2827 competeret,
909 2743 1082 2827 recepticio
1104 2743 1239 2808 sublata.

120 2890 195 2934 nam
220 2888 289 2933 cum
312 2868 437 2952 plenior
458 2869 543 2934 circa
566 2888 618 2933 res
642 2873 727 2932 esset
748 2867 932 2950 recepticio,
961 2867 994 2931 id
1017 2867 1240 2950 adpecuniae
1259 2877 1294 2930 20

119 2993 310 3060 constitutae
335 2993 491 3058 actionem
514 2993 681 3057 transtulit.
727 2993 835 3074 itaque
862 2991 957 3056 hodie
985 2991 1140 3074 pecuniae
1168 3011 1240 3056 con-

117 3118 251 3184 stitutae
275 3118 358 3184 actio
382 3118 415 3181 in
438 3117 582 3182 omnibus
611 3116 873 3182 constituentibus
900 3117 1003 3181 locum
1031 3116 1127 3180 habet
1154 3123 1185 3179 et
1207 3116 1241 3180 in

118 3243 205 3309 omni
228 3262 273 3321 re,
297 3261 380 3324 quae
399 3241 560 3306 debeatur.
604 3240 774 3324 Proposuit
792 3259 918 3321 quoque
934 3245 1061 3323 praetor
1084 3239 1240 3305 actionem

118 3367 163 3432 de
198 3367 349 3449 peculio
385 3366 538 3431 aduersus
571 3373 693 3449 patrem
728 3364 928 3428 dominumue
963 3383 1070 3429 eorum
1102 3363 1238 3444 nomine,

123 3511 206 3572 quae
230 3511 299 3555 oum
324 3491 424 3555 seruis
449 3490 500 3554 uel
518 3489 729 3554 filiisfamilias
748 3497 840 3570 gesta
856 3493 936 3552 sunt.
974 3487 1143 3570 Proposuit
1165 3487 1239 3550 item
1259 3494 1292 3546 25

121 3616 278 3679 actionem
301 3614 338 3678 in
365 3615 518 3695 factum,
548 3633 629 3695 qnae
657 3613 690 3676 in
718 3611 871 3676 eiusmodi
899 3631 976 3676 casu
1002 3611 1105 3676 locum
1133 3610 1238 3674 habet.

120 3739 247 3804 siste
271 3738 409 3803 debitum
433 3745 553 3822 petam,
582 3745 615 3802 tu
644 3743 749 3802 autem
776 3755 875 3818 neges
897 3743 928 3800 te
951 3735 985 3799 id
1008 3734 1084 3799 mihi
1112 3734 1237 3815 debere,

119 3870 150 3928 et
173 3863 390 3928 iusiurandum
413 3862 490 3927 mihi
512 3862 652 3943 deseras,
682 3880 742 3943 ego
770 3880 846 3924 uero
873 3860 987 3940 iurem,
1017 3879 1056 3923 ex
1084 3859 1143 3923 hoc
1168 3859 1238 3942 ipso

123 3988 326 4054 iureiurando
351 3987 434 4052 aetio
458 3988 490 4052 iu
514 3986 629 4051 scotum
652 3985 729 4050 mihi
744 3985 878 4049 dabitur.
917 3991 949 4048 et
965 3983 1045 4049 alias
1062 3983 1239 4066 complures

89 4123 111 4175 e.
125 4113 266 4178 actiones
296 4117 423 4194 praetor
453 4110 632 4176 introduxit.
678 4113 707 4176 9.
731 4109 889 4174 Pecuniae
918 4119 1022 4174 autem
1050 4109 1239 4173 constitutae
1259 4114 1294 4169 80
