2932 4704
675 325 908 389 -123-

226 508 346 591 rum¹),
375 507 480 596 ἐπειδὴ
505 510 605 572 πάντα
636 511 673 574 τὰ
700 509 852 597 οἰκήματα
881 507 1005 575 urbana
1033 506 1167 592 praedia
1198 528 1344 590 προσαγο-

224 608 413 692 ρεύονταιῖ),
437 610 464 672 εἰ
484 611 534 674 καὶ
554 610 588 672 ἐν
611 612 700 698 κώμη
726 611 818 675 ἐστίν.
863 613 913 675 καί
935 611 1020 674 ποῖαί
1044 609 1103 674 εἰσι
1125 607 1267 672 δουλεῖαι
1289 609 1345 669 τῶν
1449 663 1450 666 ,

226 709 345 791 οἰκιῶν,
372 717 408 772 τὸ
435 711 605 799 ἀνέγειπίαί
627 737 670 796 με
700 717 762 777 τῶν
790 715 904 797 βαρῶν
937 710 993 776 τοῦ
1026 712 1171 793 γείτονος.
1227 709 1285 774 εἰσί
1315 707 1346 769 δί

227 808 326 874 αὗται.
373 809 454 899 εἰχον
482 815 593 892 οἰκίαν,
621 813 702 903 εἰγες
728 816 766 879 δέ
795 819 843 878 καὶ
871 815 909 878 οδ
940 813 1066 901 πλησίον
1096 811 1202 875 οἰκίαν.
1253 803 1348 898 ᾔτησά

193 931 272 992 ῦσε,
295 911 343 975 ίνα
367 913 423 999 ἐξῇ
440 937 495 994 μοι
515 917 572 990 τὰς
593 915 672 1000 ἐμαῖς
694 917 805 990 δοκοδς
829 919 891 990 τοῖς
907 919 973 988 σοῖς
987 913 1185 994 ἐππιδέναιῑ)
1207 911 1347 998 τοίχοιςί)

226 1013 247 1098 ἢ
269 1013 349 1089 ῶςτε
368 1017 421 1098 μοί
444 1015 559 1088 ἐξεῖναι
581 1016 653 1092 τοὺς
675 1017 871 1101 σταλαγμοὺς
893 1017 960 1103 ἢτοι
985 1014 1058 1090 τοὺς
1071 1013 1257 1097 κρουνοδςῆ
1283 1011 1347 1083 τοδς

227 1113 290 1178 ἀπὸ
314 1120 375 1179 τῶν
398 1115 482 1199 ἐμῶν
505 1120 651 1203 κεράμων
674 1118 838 1198 ἐκπέμπειν
867 1119 944 1182 κατὰ
974 1122 1038 1180 τῶν
1066 1120 1131 1179 σῶν
1154 1115 1311 1197 δωμάτων
1331 1111 1348 1197 ἢ

228 1218 304 1279 κατὰ
327 1221 381 1280 τοῦ
404 1216 460 1282 σοῦ
479 1218 648 1301 μεσαύλου.
694 1219 772 1308 ὴιπ)
796 1218 876 1308 εζγες
899 1216 1019 1282 τοιοῦτο
1043 1218 1158 1281 δικαῖον
1188 1216 1269 1279 κατὰ
1292 1217 1348 1302 τῶν

228 1317 312 1402 ἐμῶν
335 1319 518 1404 οἰκημάτων,
542 1313 645 1406 ᾔτησά
665 1344 717 1400 σε,
745 1321 829 1394 ῶςτε
849 1322 892 1405 μὴ
922 1319 1086 1402 ἐκπέμπειν
1117 1340 1154 1381 σε
1182 1319 1262 1380 κατὰ
1293 1320 1349 1378 τῶν

180 1431 212 1482 10
228 1419 313 1503 ἐμῶν
335 1421 490 1505 δωμάτων
517 1421 536 1508 ἢ
559 1423 636 1485 κατὰ
658 1427 719 1485 τῶν
742 1422 827 1505 ἐμῶν
854 1419 1023 1503 μεσαιίλων
1053 1419 1124 1494 τοδς
1155 1417 1346 1500 σταλαγμοὺς

229 1519 323 1606 ἦτδν
346 1523 510 1606 κρουνδνί)
533 1523 594 1586 ἀπὸ
615 1527 679 1585 τῶν
709 1527 775 1586 σῶν
805 1523 961 1608 κεράμων.
1011 1519 1031 1606 ἢ
1058 1513 1161 1606 ᾔτησά
1190 1541 1227 1580 σε
1257 1541 1352 1600 παρα·

225 1626 374 1709 χωρῆσαί
391 1647 446 1704 μοι
466 1627 588 1688 τοιοῦτο
610 1623 738 1703 δίκαιον,
760 1625 840 1700 ῶςτε
864 1648 912 1688 σοι
941 1625 985 1709 μὴ
1012 1623 1125 1694 ἐξεῖναι
1148 1619 1280 1704 ὓφοῦνῗ)
1303 1619 1352 1704 τὴν

230 1725 288 1809 σὴν
310 1725 405 1787 οἰκίαν
426 1727 477 1788 καί
498 1723 645 1788 ἐντεῦδεν
668 1725 874 1808 ἀφαιρεῖσθαι
899 1728 934 1788 τὸ
957 1727 1014 1810 τῆς
1038 1724 1116 1808 ἐμῆς
1145 1721 1244 1796 οἰκίας
1273 1725 1351 1804 φῶς.

231 1825 261 1888 2.
294 1825 342 1888 Ἐν
378 1830 441 1899 ταῖς
474 1828 627 1901 δουλείαις
652 1832 716 1890 τῶν
751 1829 858 1910 ἀγρῶν
891 1827 956 1911 (δεῖ
988 1827 1049 1912 γάρ
1082 1823 1279 1907 ἀναδραμεῖν
1312 1821 1386 1896 ελςί.
1451 1853 1453 1894 3

183 1937 214 1987 15
232 1924 341 2008 αἰντὰς)
365 1927 444 2011 φασί
465 1949 544 2000 τινες
560 1927 822 2010 συναριδμεῖσδαι
837 1927 963 2002 δικαίως
982 1923 1252 2010 aquaohaustum,
1277 1923 1353 1998 ὣςτε
1451 1959 1453 2002 3

229 2052 283 2111 μοι
305 2028 420 2099 ἐξεῖναι
442 2027 621 2116 ἔργεσθαιθ)
644 2030 690 2106 εἰς
712 2033 763 2093 τδν
794 2033 848 2092 σὺν
878 2029 975 2111 ἀγρδν
1005 2031 1055 2092 καί
1082 2029 1144 2090 δπδ
1175 2030 1229 2111 τῆς
1258 2021 1353 2108 οὔσης
1452 2017 1453 2020 “

233 2131 321 2212 παρά
346 2153 396 2194 σοι
425 2136 525 2217 πηγῆς
555 2131 642 2216 ὕδωρ
669 2132 788 2195 ἀντλεῖν
818 2129 836 2216 ἢ
865 2131 946 2204 ῶςτε
973 2131 1047 2213 μεθ)
1078 2127 1213 2201 ποτίζειν
1244 2125 1278 2188 ἐν
1309 2127 1352 2208 τῷ

232 2233 282 2314 σῷ
288 2231 326 2311 ¹⁰)
349 2231 440 2316 ἀγρῷ
462 2233 499 2294 τὰ
521 2231 582 2314 ἐμὰ
604 2232 748 2318 πράβατα
779 2230 798 2317 ὴ
827 2230 1007 2312 κατανέμειν
1038 2229 1118 2293 αὐτὰ
1148 2229 1215 2292 ἐκεῖ
1240 2227 1294 2290 διὰ
1322 2227 1354 2288 τδ

231 2333 322 2419 τυγδν
346 2334 459 2409 πολλὰς
481 2331 561 2420 ἔχειν
582 2333 722 2415 βοτάνας
744 2332 763 2419 ἢ
786 2334 867 2409 ῶςτε
890 2332 1049 2413 ἄσβεστον
1073 2331 1166 2394 καίειν
1189 2328 1209 2415 ἢ
1229 2331 1355 2412 ψάμμον
1451 2339 1452 2362 ³

178 2440 212 2492 20
230 2432 407 2513 λαμβάνειν.
441 2435 471 2499 3.
505 2433 561 2497 Διὰ
583 2438 672 2499 τοῦτο
695 2436 732 2497 δὲ
754 2433 844 2498 αὗται
866 2437 897 2497 αί
921 2433 1082 2519 εἰρημέναι
1106 2431 1251 2512 λέγονται
1272 2429 1390 2492 Bou-³

229 2530 329 2594 λεῖαι
351 2533 490 2615 ἀγρῶν
512 2535 531 2622 ἢ
553 2536 695 2612 οἰκιῶν,
718 2535 826 2621 ἐπειδὴ
841 2536 913 2624 δίχα
935 2540 999 2598 τῶν
1015 2533 1123 2620 ἀγρῶν
1145 2532 1286 2620 ἢοίιιῶν
1307 2553 1357 2592 σν-

230 2633 364 2695 νιστάναι
386 2634 421 2696 οδ
444 2634 608 2699 δύνανται·
636 2635 738 2709 οὐδεὶς
764 2636 825 2719 γὰρ
848 2637 976 2699 δυ’ναται
1009 2635 1152 2699 δουλείαν
1181 2631 1358 2720 κτήσασθαι
1450 2683 1451 2714 ÷

229 2733 325 2810 οἰκίας
350 2735 370 2820 ἢ
399 2737 512 2819 ἀγροῦ,
542 2739 569 2800 εἰ
594 2740 639 2824 μὴ
668 2739 686 2801 δ
716 2735 796 2827 ἔχων
824 2738 921 2802 οἰκίαν
955 2737 974 2824 ἢ
1004 2737 1112 2822 ἀγρόν.
1163 2735 1241 2798 οὐδὲ
1271 2733 1357 2796 πάλιν
1450 2725 1451 2776 ἰ

230 2833 402 2920 ἐποφείλειν
429 2863 473 2915 τις
494 2839 621 2903 δύναται
639 2841 713 2924 μίαν
735 2844 797 2903 τῶν
821 2839 1057 2927 προειρημένων
1080 2837 1243 2916 δουλειῶν,
1268 2835 1294 2898 εἰ
1314 2833 1357 2918 μὴ

178 2957 213 3009 25
231 2935 293 3024 ἔχει
315 2938 450 3025 οἰκίανῆ
478 2941 583 3023 ἀγρόν.
628 2945 658 3006 4.
685 2941 720 3005 Ὃ
745 2943 781 3005 δὲ
807 2942 1007 3025 βουλόμενος
1038 2943 1085 3025 τῷ
1114 2939 1228 3020 γείτονι
1257 2959 1354 3016 παρα·
1370 2941 1390 2989 4·

225 3043 370 3126 χωρῆσαι
391 3042 531 3107 δουλείαν
553 3043 604 3107 διὰ
626 3044 806 3127 συμφώνων
834 3043 928 3126 κοίῃ)
959 3041 1195 3127 ἐπερωτῆσεων
1220 3043 1310 3102 τοῦτο
1319 3035 1356 3116 ¹¹)
1449 3045 1450 3078 ³

230 3139 357 3204 δύναται
379 3147 482 3207 ποιεῖν.
518 3145 690 3229 συμφώνου
712 3146 773 3229 γὰρ
796 3145 966 3228 γενομένου
994 3145 1066 3226 περί
1088 3145 1143 3206 τοῦ
1167 3162 1357 3228 παραχωρη-

230 3239 323 3326 δῆναι
345 3245 398 3328 τὴν
421 3245 574 3326 δουλείαν,
596 3246 745 3332 ἐπερωτᾷ
774 3248 791 3308 δ
812 3246 934 3330 μέλλων
961 3244 1134 3330 λαμβάνειν
1159 3245 1239 3306 κατὰ
1261 3265 1358 3325 παρα·

225 3342 383 3428 χῶρησιν·
430 3347 644 3430 ὁμολογεῖς
689 3346 879 3429 ἐμμένειν
917 3348 967 3432 τῇ
1010 3343 1356 3431 παραχωρηδείση

181 3457 216 3510 80
233 3443 412 3530 δουλείᾳ;
435 3448 469 3510 εἰ
491 3449 533 3512 δέ
552 3449 603 3534 μὴ
626 3447 796 3534 ἐμμένης
825 3448 1046 3531 ὁμολογεῖς
1069 3445 1228 3509 διδάναι
1248 3441 1356 3526 μοιίί)

235 3629 437 3644 ⁸——

303 3732 325 3796 ¹)
342 3731 401 3801 ἤτοι
418 3736 475 3786 τῶν
493 3734 638 3787 πολιτικῶν
657 3733 748 3786 οἰκιῶν
768 3734 828 3789 εδδ.
847 3735 889 3790 Vi.
907 3735 941 3790 R.
1069 3734 1152 3804 ¹)ita
1170 3733 1211 3789 Μ.
1228 3733 1293 3787 L⁶.:
1309 3738 1356 3786 eet
1447 3783 1448 3806 γ

235 3829 338 3868 -εταιι
355 3817 445 3883 paullo
462 3816 663 3886 post'zussmce’
681 3817 731 3872 Ιιῦ.
833 3820 857 3888 ³)
875 3821 1000 3873 -δεῖνσι
1017 3819 1061 3874 Ἦ.
1079 3819 1113 3876 R.
1215 3822 1240 3883 ⁴)
1257 3819 1356 3888 τείχεσι

236 3895 267 3947 F.
335 3901 358 3965 ἰ)
375 3902 487 3967 κρονοὺς
503 3917 553 3957 εετ,
565 3903 604 3957 Μ.
683 3903 788 3971 θεοὺς
805 3907 939 3972 κρουνοὺς
955 3904 1007 3959 m.
1025 3905 1077 3960 12⁶.
1096 3905 1139 3960 vi.
1159 3904 1194 3960 B.
1283 3905 1306 3968 ⁷)
1321 3901 1359 3953 5⁸⁸

236 3977 288 4032 ΜΛ
305 3988 355 4034 cet
373 3983 501 4050 άνοψοῢν.
587 3987 611 4054 ⁸)
628 3987 717 4057 διέρχ.
735 3987 777 4042 Vi.
795 3987 828 4041 R.
930 3989 954 4056 ⁹)
972 3988 998 4043 (ἰ.
1017 3987 1063 4044 vi.
1079 3989 1113 4045 R.
1221 3993 1258 4056 ¹⁰)
1275 3989 1299 4044 d.
1319 3985 1357 4040 Vi.

235 4065 371 4134 ιηηςρ,
488 4071 623 4137 mn,
726 4072 804 4138 της,
822 4071 872 4128 m,

1311 4353 1314 4358 .

1439 4421 1446 4630 ι
