2932 4704
529 357 740 422 ...80-

62 564 78 613 1.
92 549 178 626 gatar,
203 544 236 609 hi
258 549 364 610 autem
386 545 518 612 inuicem
543 545 737 611 contrahenti
760 564 821 612 uon
843 551 998 612 tenentur.
1033 548 1061 609 1.
1084 543 1196 628 Neque

91 664 283 729 hereditatem
304 663 401 742 adire,
425 683 525 747 neque
547 665 699 730 bonorum
714 666 941 747 possessionem
957 671 1073 746 petere,
1096 683 1197 746 neque

90 783 282 848 hereditatem
309 781 627 850 fideicommissariam
658 785 817 867 suscipere
846 785 938 850 aliter
967 791 1107 866 possunt,
1137 785 1195 849 nisi

90 901 189 967 tutona
213 902 411 981 anctoritate,
432 903 576 982 quamuis
597 902 755 971 lucrosum
778 904 822 968 sit
842 901 1113 992 fideicommissum
1129 902 1196 969 nul·

59 1022 178 1086 alumna
215 1023 246 1085 in
280 1041 314 1087 se
348 1023 493 1087 damnum
527 1021 652 1088 habeat
708 1023 737 1086 2.
776 1023 874 1088 Tutor
907 1028 1011 1088 antem
1045 1039 1196 1105 praesens
1230 1033 1247 1084 o

87 1147 185 1207 auctor
209 1139 277 1207 fieri
299 1140 403 1221 debet,
427 1144 453 1207 si
475 1143 533 1207 hoc
555 1141 674 1225 pupillo
695 1143 845 1224 prodesse
863 1139 1104 1216 existimauerim
1125 1148 1197 1223 post

88 1280 150 1326 uero
183 1267 309 1344 tempus
338 1281 486 1343 praesens
518 1268 576 1328 ant
604 1281 660 1344 per
687 1261 852 1343 epistulam
884 1263 996 1328 absens
1023 1281 1083 1326 non
1111 1266 1196 1327 recta

87 1388 182 1447 auctor
206 1381 252 1445 fit
275 1389 312 1446 nt
333 1401 404 1448 ecce
426 1383 452 1447 si
475 1400 532 1462 ego
555 1399 625 1447 curn
647 1380 765 1463 pupillo
787 1381 978 1458 contraham,
1001 1385 1127 1463 oportet
1147 1384 1196 1445 tn·

86 1509 171 1565 torem
197 1500 304 1566 statim
328 1503 359 1566 in
382 1503 450 1584 ipso
471 1503 596 1584 negotio
618 1507 812 1582 praesentem
836 1501 939 1567 dicere
953 1518 1022 1566 sese
1036 1505 1195 1564 auctorem

84 1619 151 1685 fieri.
196 1639 270 1686 nam
293 1621 321 1684 si
344 1623 373 1685 in
398 1622 474 1687 urhe
498 1621 593 1702 degat
616 1627 648 1684 et
671 1629 742 1700 post
773 1639 867 1686 unum
895 1620 975 1685 torte
1003 1619 1084 1684 diem
1112 1616 1196 1682 adsit
1216 1624 1247 1676 to

85 1747 111 1804 et
130 1741 215 1806 dicat
235 1759 305 1805 sese
327 1747 487 1808 auctorem
518 1739 601 1818 fieri,
632 1749 689 1806 ant
718 1740 746 1806 si
773 1739 858 1806 absit
884 1745 916 1804 et
945 1757 1001 1820 per
1029 1737 1194 1819 epistulam

52 1865 70 1915 3·
85 1861 197 1926 nuntiet
219 1879 254 1926 se
276 1868 434 1927 auctorem
457 1859 536 1937 fieri,
559 1861 605 1926 uti
628 1861 744 1926 dictum
769 1867 826 1932 est,
850 1859 925 1924 nihil
952 1859 1027 1940 agit
1072 1857 1102 1921 3.
1135 1854 1196 1921 Pn-

84 1979 166 2058 pillus
188 1998 261 2045 cnm
283 1981 396 2045 tutori·
419 1979 606 2046 auctoritate
628 1997 723 2060 agere
744 1979 846 2046 debet.
895 1979 978 2043 unde
999 1977 1075 2043 illud
1102 1995 1196 2060 quae·

84 2099 168 2164 situm
190 2107 250 2165 est.
295 2120 365 2167 cnm
387 2119 444 2182 ego
466 2099 578 2183 pupilli
600 2106 688 2165 tutor
709 2117 827 2176 essem,
850 2099 1096 2164 controuersiam
1124 2115 1194 2162 cum

85 2236 115 2281 eo
138 2219 247 2296 habui,
277 2222 443 2286 cinereus
471 2221 540 2285 siue
566 2225 662 2284 actor.
717 2219 804 2286 litem
836 2217 994 2298 suscipere
1027 2217 1094 2281 sine
1126 2231 1196 2281 mea
1215 2237 1246 2287 15

83 2341 262 2406 anctoritate
284 2359 346 2405 non
369 2345 502 2421 poterat,
525 2340 592 2422 ipse
614 2344 718 2404 antem
741 2339 773 2404 in
796 2357 861 2403 rem
885 2355 984 2403 meam
1005 2342 1113 2402 auctor
1127 2333 1195 2400 fieri

83 2458 273 2536 prohibebar.
317 2458 463 2524 indicium
494 2465 600 2523 autem
631 2457 749 2523 differri
772 2456 931 2538 nequibat.
982 2457 1014 2520 in
1043 2454 1194 2521 eiusmodi

84 2595 151 2642 casu
172 2578 245 2643 olim
268 2579 393 2661 quidem
415 2580 507 2642 tutor
528 2595 548 2641 a
569 2582 715 2660 praetore
737 2576 881 2653 dabatur,
904 2575 958 2658 qni
981 2575 1051 2641 ideo
1072 2579 1195 2655 praeto-

81 2696 142 2762 rius
173 2698 349 2771 dicebatur;
381 2706 431 2764 set
462 2705 606 2766 aeterum
634 2699 810 2783 suptilitate
841 2698 984 2781 explosa,
1018 2697 1193 2779 praetorius

82 2835 199 2898 qnoque
220 2823 308 2885 tutor
329 2819 471 2887 subiatas
493 2827 551 2887 ast
589 2820 681 2886 hodie
703 2839 779 2885 uero
801 2824 928 2886 curator
949 2818 980 2882 in
1003 2818 1070 2882 eius
1091 2816 1193 2884 locum
1211 2823 1246 2874 2⁰

81 2938 179 3013 datur,
191 2956 252 3020 qno
263 2939 441 3018 constituto,
456 2938 605 3005 indicium
618 2939 793 3021 peragitur:
810 2937 954 3004 hocnero
967 2933 1110 3002 adfinem
1125 2954 1193 3016 per·

81 3056 182 3134 ducto,
205 3058 343 3123 curatela
363 3059 523 3124 liberatur.
553 3065 585 3123 et
606 3059 638 3123 in
662 3059 719 3124 hoc
742 3057 867 3141 quidem
890 3075 964 3123 casu
987 3055 1095 3123 eodem
1117 3059 1193 3118 tam·

81 3193 152 3254 pore
174 3175 308 3260 pupillus
329 3176 363 3241 in
385 3179 484 3244 tutela
505 3184 601 3262 atque
623 3197 699 3246 cura
721 3184 778 3243 est
823 3177 855 3242 in
884 3177 996 3242 ceteris
1023 3173 1104 3240 enim
1135 3189 1193 3252 ego

81 3295 143 3360 eius
166 3303 253 3361 tutor
273 3315 352 3374 snm,
374 3298 406 3362 in
428 3297 485 3364 lite
507 3303 622 3376 autern,
646 3315 738 3380 qnam
762 3297 915 3362 aduersus
937 3311 987 3359 me
1007 3291 1103 3358 habet
1125 3297 1193 3356 tan·

81 3417 236 3484 tummodo
257 3418 289 3482 in
311 3435 386 3484 cura
408 3425 456 3483 est
477 3417 545 3484 eius
567 3419 620 3500 qui
643 3417 736 3482 datus
759 3425 807 3482 est
829 3415 990 3482 curatoris.
1209 3427 1243 3477 aa

131 4255 351 4306 Theophanem.
364 4272 405 4301 rcc-
419 4258 507 4301 Fer-riui.
