3092 4702
581 317 794 381 -63-

137 506 272 588 personis
294 522 378 586 quae
399 506 430 570 in
453 509 610 587 potestate
632 521 693 568 non
716 511 791 568 aunt
812 505 967 586 quaedam
989 503 1022 570 in
1046 503 1253 583 tutelerunt,

137 625 283 704 quaedam
313 623 550 702 incuratione,
584 622 741 704 quaedam
771 639 873 704 neque
899 625 930 688 in
960 624 1061 690 tutela
1087 642 1189 705 neque
1222 625 1253 688 in

136 743 300 808 curatione.
352 750 401 807 eet
432 742 637 823 cumplures
664 743 729 806 sint
758 743 811 824 qui
838 749 951 808 neutro
980 745 1049 810 iure
1077 749 1254 818 teneantur,

136 859 331 940 dispiciamus
352 861 392 926 de
414 861 472 937 hie,
495 860 548 940 qai
570 859 603 923 in
618 859 719 925 tutela
740 859 791 925 uel
812 861 973 926 curatione
988 867 1071 939 eunt,
1094 861 1151 945 qui
1172 863 1254 928 eninr

135 979 230 1043 inhia
253 997 316 1044 non
338 986 422 1056 eunt,
444 986 532 1060 patet
561 981 593 1042 in
616 977 678 1043 illia
708 998 786 1046 ease.
837 999 875 1046 ao
904 980 993 1062 prius
1023 980 1186 1046 uideamus
1214 982 1254 1046 de
1288 979 1305 1028 ⁶

135 1098 185 1174 his,
205 1099 265 1178 qui
288 1099 320 1164 in
342 1099 442 1163 tutela
464 1104 548 1162 sunt.
570 1099 602 1162 in
624 1097 738 1179 primia
759 1099 841 1164 enim
863 1099 1081 1164 admonendus
1159 1098 1254 1166 filios·

135 1217 261 1281 umidae
289 1218 322 1280 in
349 1217 449 1282 tutela
474 1233 635 1297 nunquam
665 1234 750 1294 esee,
780 1235 852 1282 nam
881 1217 916 1282 1d
944 1221 975 1284 in
1006 1219 1055 1284 eoi
1084 1219 1164 1284 iuria
1185 1237 1254 1299 par·

104 1349 122 1396 1.
135 1336 211 1401 sonia
235 1342 361 1400 tantum
383 1342 543 1416 receptum
567 1345 625 1402 aet.
662 1339 689 1397 l.
719 1335 763 1401 Et
784 1337 816 1400 in
838 1337 947 1416 primia
968 1335 1155 1402 definiamus
1176 1339 1252 1418 quid

135 1453 226 1518 tutela
238 1455 293 1517 ait
308 1455 409 1518 tutela
422 1463 480 1528 eat,
493 1461 528 1518 ut
540 1453 671 1520 Seruius
683 1453 835 1531 defininit‚
847 1456 898 1518 ius
908 1473 946 1519 aa
956 1461 1096 1535 poteetae
1108 1457 1139 1518 in
1151 1455 1254 1534 capite

133 1571 223 1638 libero
235 1573 314 1637 data
325 1573 410 1638 etad
421 1571 453 1636 id
464 1573 615 1638 tuendum
633 1572 820 1652 excogitata,
832 1572 883 1637 uel
894 1572 1255 1653 proptaraetatiairnba·
1275 1579 1307 1630 10

99 1689 300 1767 utilitatem,
322 1710 404 1774 quae
425 1709 460 1756 ae
482 1691 649 1756 defendere
670 1697 813 1773 nequeat,
837 1693 906 1756 iure
927 1689 1011 1756 ciuili
1031 1691 1194 1772 permissa
1222 1692 1253 1754 2.

134 1809 263 1876 Tutores
287 1810 385 1890 igitur
407 1815 495 1884 eunt,
517 1811 571 1889 qui
594 1808 689 1874 talem
712 1811 777 1873 uim
799 1827 835 1876 ao
857 1815 1045 1890 potestatem
1069 1810 1199 1888 habant,
1222 1817 1255 1876 et

134 1947 237 1992 curam
269 1925 382 2008 pupilli
410 1946 521 2009 gerere
551 1928 667 1992 debent
693 1926 823 2009 eiusque
852 1928 934 1993 bona
962 1945 1100 1994 seruare.
1149 1947 1188 1994 ex
1216 1947 1253 1994 eo

132 2053 233 2112 autem
256 2045 360 2112 officio
382 2065 445 2129 quo
466 2047 641 2129 iunguntur
662 2064 774 2130 noman
798 2053 958 2126 ceperunt.
986 2048 1133 2112 dicuutur
1147 2051 1253 2111 autam

133 2164 224 2232 utine
246 2175 423 2244 tutores,
451 2168 542 2248 quaed
564 2169 712 2243 tritona,
742 2168 826 2231 idest
853 2167 906 2247 qui
934 2181 986 2230 rae
1015 2162 1124 2245 pupilli
1155 2167 1254 2229 tutius
1275 2181 1305 2232 15

132 2289 258 2348 seruent
291 2301 424 2363 eumque
452 2303 582 2367 prorsus
611 2283 788 2349 defendant.
838 2283 930 2350 sicuti
959 2282 1077 2348 aeditui
1107 2283 1256 2349 dicuntur

97 2401 310 2467 asacerdotes
333 2404 386 2482 qui
413 2403 508 2468 eadee
530 2409 669 2467 tuentur.
714 2403 745 2465 3.
778 2403 821 2467 Et
847 2403 981 2484 primum
1010 2401 1173 2466 uideamus
1200 2401 1255 2481 qui

132 2522 243 2600 quibua
267 2529 390 2586 tutores
413 2521 600 2604 relinquant.
645 2528 767 2588 tutores
796 2521 979 2603 relinquunt
1007 2528 1153 2600 parentes
1180 2520 1254 2585 libe·

131 2639 171 2702 ria
191 2641 271 2718 ania,
294 2639 428 2722 quasin
451 2647 607 2722 potestate
630 2641 756 2716 habent,
777 2640 810 2706 in
833 2645 1033 2706 watamento.
1077 2656 1180 2719 neque
1201 2638 1255 2702 ob·

130 2764 191 2822 stat
211 2758 300 2838 quod
321 2765 417 2824 antea
439 2758 556 2823 dictum
586 2766 636 2824 eet
660 2757 877 2824 filiusfamilias
907 2774 1067 2836 nunquam
1095 2755 1126 2819 in
1156 2754 1256 2820 tutela
1272 2765 1306 2816 ad

129 2895 209 2956 eaae3
232 2877 398 2942 sciendum
420 2889 469 2944 eat
491 2880 574 2943 enim
593 2877 728 2958 relinqui
743 2876 870 2959 quidem
884 2884 1022 2942 tutorem
1037 2873 1253 2950 filiafamilias,

128 3003 174 3060 set
195 2995 254 3078 qui
278 3002 351 3076 post
373 3001 506 3061 mortem
528 2997 627 3077 patris
650 3005 736 3060 tutor
763 3013 832 3060 esse
860 2993 1003 3074 incipiat,
1034 2991 1156 3056 seilicet
1172 2979 1255 3055 'cum

127 3111 179 3176 lilii
201 3113 256 3179 sui
280 3109 358 3178 iuria
380 3113 454 3180 iacti
477 3115 555 3179 sint:
580 3124 654 3180 tuno
676 3114 760 3179 enim
783 3133 864 3196 quae
887 3120 1076 3178 testamento
1099 3108 1255 3175 eontinen-
