2960 4704
663 346 854 410 ..2-

193 535 341 616 γοριανού
363 554 445 620 φημι
473 531 523 596 καί
543 527 780 617 Ἔρμογενιανού
810 533 860 594 καί
892 531 1099 597 Θεοδοσιανοῦ
1130 531 1257 617 προσέτι
1285 533 1324 597 δὲ

193 636 243 700 καί
263 633 365 698 ἄλλων
389 634 510 699 πολλῶν
532 635 716 712 διατάξεων,
741 633 773 698 αλ
791 634 873 717 μετὰ
900 636 954 700 τὸν
984 633 1191 699 Θεοδοσιανδν
1213 633 1324 722 ἐτέθη-

192 760 260 817 σαν,
283 737 334 800 καί
356 735 470 823 πολλῆς
491 733 590 822 ούσης
604 735 638 800 ἐν
654 739 720 812 ταῖς
734 736 965 822 ἐμφερομέναις
980 736 1139 811 διατάξεσι
1158 739 1221 810 τοῖς
1237 737 1324 823 ελρη·

190 838 298 922 μένοις
327 840 536 922 συντάγμασιν
556 839 788 914 ἐναντιώσεως,
816 841 834 903 δ
864 841 1026 925 κράτιστος
1054 842 1144 926 ημῶν
1170 838 1325 922 βασιλεὺς

158 941 250 1018 υτδς
273 941 453 1030 ἀχρήστους
472 942 522 1006 καί
543 941 581 1006 τὰ
602 941 680 1006 αὐτὰ
702 942 854 1024 λεγούσας
880 943 931 1006 καί
959 941 1013 1016 τὰς
1037 947 1105 1017 ταῖς
1135 939 1325 1025 κρατούσαις

191 1043 374 1132 μαχομένας
394 1043 634 1131 περιαιρεθῆναι
654 1044 969 1129 παρακελευσάμενος
984 1046 1151 1136 ὁμώνυμον
1173 1046 1210 1130 τῇ
1224 1044 1321 1108 αὐτοῦ

193 1143 374 1232 γαληνύτητι
402 1144 546 1211 ἐκέλευσε
582 1145 699 1210 κώδικα
730 1152 949 1234 συγγραφῆναι
960 1147 995 1229 ¹).
1052 1147 1170 1236 ἠξίωσε
1203 1148 1239 1211 δὲ
1266 1139 1324 1233 τῆς

193 1247 309 1324 ολκιίας
329 1247 501 1332 φροντίδος
523 1249 573 1312 καί
594 1245 632 1312 τὰ
655 1247 854 1334 δνορίθμηια
875 1247 938 1312 τῶν
959 1250 1053 1313 πάλαι
1068 1252 1199 1332 νομικῶν
1213 1247 1324 1331 βιβλία

192 1353 243 1415 καί
265 1356 394 1437 πρᾶγμα
420 1352 525 1439 πάσης
546 1354 684 1437 κρεῖττον
706 1349 831 1424 ἐλπίδος
852 1351 957 1438 ὥςπερ
986 1349 1038 1416 διὰ
1059 1352 1158 1437 μέσου
1180 1350 1323 1434 βαδίζων

145 1454 177 1506 10
194 1451 351 1534 πελάγους
373 1452 450 1516 θεοῦ
484 1451 697 1538 κατώρθωσεν
725 1453 830 1539 εὐνοίᾳ
858 1457 908 1517 καί
937 1453 991 1529 τὰς
1010 1452 1236 1538 εὐδοκιμούσας
1258 1455 1323 1514 τῶν

194 1554 334 1618 παλαιῶν
349 1555 477 1638 γνώμας
491 1553 525 1617 ἐν
541 1555 585 1618 ἑνί
600 1555 756 1640 συνήγαγε
770 1555 898 1640 βιβλίῳ.
931 1555 961 1620 3.
990 1555 1082 1620 Τοῦτο
1110 1554 1147 1618 δέ
1169 1555 1284 1640 πρᾶξαι
1292 1552 1321 1636 ¹)
1344 1568 1378 1619 8.

199 1653 410 1743 Τριβουνιανῷ
438 1659 484 1742 τῷ
511 1655 710 1740 ἐνδοξοτάτῳ
737 1657 901 1741 μαγίστρῳ
936 1659 985 1720 καί
1019 1657 1080 1720 ἀπὸ
1115 1657 1322 1739 κοιαιστύρων

193 1761 248 1822 τοῦ
271 1759 360 1824 θείου
383 1759 530 1824 παλατίου
553 1757 757 1838 προσέταξεν,
779 1758 815 1822 ού
837 1760 909 1845 μὴν,
933 1758 1010 1822 ἀλλὰ
1033 1759 1082 1822 καὶ
1104 1757 1248 1844 θεοφίλῳ
1271 1759 1325 1821 καὶ

194 1860 357 1949 Δωροθέῳ
381 1863 532 1945 ἀνδράσιν
553 1860 757 1945 λλλυυστρίοις
779 1883 812 1926 τε
841 1863 891 1925 καί
912 1861 1154 1950 άντικηνσορσιν.
1197 1858 1242 1923 ῶν
1265 1859 1324 1945 τὴν

145 1964 177 2015 ¹5
194 1963 316 2030 σύνεσιν
338 1965 484 2028 ἁπάντων
507 1965 556 2028 καί
576 1963 632 2049 τὴν
655 1961 689 2026 ἐν
712 1962 817 2045 νύμοις
837 1963 995 2028 παίδευσιν
1027 1965 1076 2026 καί
1102 1964 1138 2026 τὸ
1169 1961 1239 2044 περί
1266 1962 1327 2037 τὰς

192 2065 353 2149 βασιλικὰς
374 2063 533 2140 κελεύσεις
553 2064 736 2129 πιστότατον
758 2063 792 2129 ἐκ
814 2065 935 2130 πολλῶν
959 2064 1093 2154 ἐλέγχων
1116 2065 1134 2128 δ
1156 2063 1326 2141 θειότατος

193 2167 286 2252 γνούς
306 2167 458 2251 βασιλεὺς
478 2166 552 2244 τοὺς
575 2166 758 2253 είρημίνους
775 2167 1047 2249 συγκαλεσάμενος
1062 2166 1282 2255 παρηγγύησεν
1290 2167 1322 2248 ³)

194 2270 306 2348 λδικῶς,
329 2271 409 2344 ώςτε
430 2269 510 2334 κατὰ
532 2272 586 2357 την
608 2269 702 2334 αύτοῶ
725 2269 891 2334 αύθεντίαν
921 2271 970 2334 καὶ
998 2275 1065 2345 ταῖς
1092 2270 1186 2334 αύτοῦ
1215 2267 1326 2334 πειθο-

192 2372 308 2457 μένους
329 2370 502 2459 ύποθηκαις
522 2372 562 2436 τὰ
583 2371 735 2437 Ιυείίίίιύα
757 2372 825 2462 ἦτοι
855 2373 909 2447 τὰς
932 2373 1107 2455 εἰσαγωγὰς
1128 2377 1192 2438 τῶν
1216 2373 1324 2457 νόμων

142 2485 178 2538 20
194 2473 361 2553 συνθεῖναι,
383 2473 465 2550 ώςτε
487 2478 551 2551 τοῖς
573 2474 656 2551 νέοις
682 2475 795 2549 ἐξεῖναι
824 2476 864 2540 τὰ
893 2479 1005 2562 πρῶτα
1032 2481 1096 2541 τῶν
1119 2476 1222 2560 νύμων
1244 2497 1324 2556 προ-

194 2575 277 2660 οίμια
304 2576 361 2640 ούκ
387 2575 425 2649 ἐξ
456 2574 597 2664 ἀρχαίων
626 2575 741 2661 μύθων
770 2577 1028 2663 παραλαμβάνειν
1056 2579 1108 2661 (τά
1136 2579 1196 2664 γὰρ
1226 2579 1326 2641 πάλαι

191 2677 250 2762 μὲν
265 2675 474 2765 κῳατήσαντα,
497 2680 550 2740 νῦν
571 2676 608 2741 δέ
631 2681 687 2766 τῆς
696 2679 848 2764 γρησεως
862 2677 1082 2766 έκβεβλημὲνα
1098 2681 1325 2762 ἀναγινώσκον-

193 2800 246 2852 τες
267 2777 384 2844 ἐοίκασι
411 2783 475 2854 τοῖς
501 2777 718 2868 ἐντυγχάνουσι
744 2778 886 2864 μύθοις),
915 2779 984 2844 ἀλλ’
1017 2780 1051 2844 ἐκ
1078 2787 1132 2868 τῆς
1159 2781 1324 2868 βασιλικῆς

193 2883 293 2944 ταῦτα
314 2881 518 2961 γινώσκοντες
538 2880 779 2968 λαμπὴδονοςέ),
801 2885 891 2947 τοῦτο
923 2882 982 2966 μέν
1003 2883 1061 2960 τὰς
1081 2885 1202 2948 ἑαυτῶν
1224 2884 1326 2960 άκοδις

142 2987 285 3048 τοιοῦτο
307 2983 344 3047 δέ
365 2984 415 3047 καί
434 2983 492 3060 τὰς
513 2983 645 3072 φυγὰςί)
665 2984 767 3071 μηδέν
789 2982 948 3072 ἄχρηστον
969 2985 1051 3072 μηδὲ
1082 2987 1147 3074 ελκη
1170 2986 1324 3070 κείμενον,

194 3084 265 3149 ἀλλ’
287 3087 367 3169 ὅπερ
390 3083 436 3148 δι’
459 3084 555 3172 αὐτῆς
576 3088 639 3148 τῶν
661 3086 853 3170 πραγμάτων
876 3087 973 3174 λσγύει
995 3091 1052 3174 τῆς
1067 3089 1176 3178 πειρας
1196 3087 1324 3172 μανθά-

193 3211 286 3255 νοιεν.
328 3188 379 3253 καί
399 3188 479 3274 ὅπερ
501 3188 627 3272 πάλαιί)
647 3191 729 3272 μετὰ
751 3193 855 3276 τριετῆ
864 3189 889 3272 Ι)
915 3189 1004 3274 μόλις
1022 3189 1139 3276 χρόνον
1162 3195 1225 3266 τοῖς
1245 3190 1326 3253 άνα-

193 3291 376 3375 γινώσκουσι
397 3290 593 3374 συνέβαινεν,
616 3283 701 3365 ώςτε
724 3290 807 3375 μετὰ
833 3291 984 3354 τοσούτου
1008 3290 1129 3380 χρόνον
1158 3291 1326 3375 παραδρο-

190 3394 253 3481 μὴν
273 3394 448 3475 βασιλικαῖς
470 3393 664 3482 ἐντυγχάνειν
680 3393 849 3472 διατάξεσι,
873 3396 962 3457 τοῦτο
987 3397 1040 3456 νῦν
1063 3393 1101 3467 ἐξ
1120 3394 1233 3472 αὐτῶν,
1256 3383 1324 3467 ώς-

139 3519 177 3572 30
194 3518 253 3582 περ
274 3495 379 3575 ελπείν,
395 3501 458 3560 τῶν
473 3498 665 3583 πραγμάτων
688 3494 878 3578 ἐφάπτονται
901 3494 1053 3582 τοσαύτης
1067 3493 1257 3568 ἀξιωθέντες
1279 3519 1323 3556 τι-

191 3603 255 3684 μῆς
282 3599 331 3661 καί
359 3597 512 3686 τοσαύτης
542 3596 776 3674 ἀπολαύσαντες
804 3593 953 3685 εύτογίας,
981 3589 1070 3672 ώςτε
1095 3600 1147 3663 καί
1174 3599 1227 3685 τὴν
1256 3601 1322 3661 τῶν

194 3700 298 3784 νύμων
320 3699 420 3789 ἀργὴν
441 3703 490 3764 καί
513 3701 547 3763 τδ
571 3698 670 3784 πέρας
693 3704 748 3787 τῆς
769 3699 888 3764 τούτων
910 3699 1111 3776 διδασκαλίας
1138 3701 1199 3766 ἀπὸ
1227 3700 1321 3784 βασι·

193 3802 279 3890 λιτῆς
299 3802 405 3878 αὐτοῖς
427 3800 653 3887 προσγίνεσθαι
675 3806 794 3889 φωνῆς.
845 3801 1023 3866 συντίθεται
1049 3806 1111 3887 γὰρ
1134 3803 1183 3866 καί
1202 3805 1239 3867 τδ
1261 3826 1322 3868 πα-

263 3971 426 4037 ῑ)κινδ.ἐκ.
446 3970 477 4027 F.
512 3971 598 4035 δμτ.
618 3968 955 4037 a.r.r'nfl11.habet.R.
1056 3969 1320 4032 ¹)1.¹.1.¹.r.ed.

193 4069 295 4110 omnes.
312 4055 422 4124 πράξας
439 4055 472 4110 R.
584 4055 608 4125 ι)
626 4055 674 4110 L1.
698 4055 748 4111 11¹.
775 4056 957 4128 παρήγγειλεν
982 4055 1013 4112 F.
1037 4055 1070 4111 R
1181 4055 1205 4122 ⁴)
1223 4061 1272 4126 τῆς
1288 4059 1320 4122 β.

192 4140 274 4204 λαμπ.
293 4157 317 4195 τ.
334 4156 361 4207 γ.
379 4139 412 4194 F.
430 4139 463 4195 R.
565 4143 589 4208 ὅ)
607 4141 737 4210 τέρπουσι
760 4156 904 4211 perperam
929 4141 980 4194 inr.
1004 4141 1054 4196 ἐπ’.
1156 4141 1180 4208 ⁶)
1198 4137 1247 4195 m.
1266 4140 1319 4196 11².

193 4225 287 4296 πρῴην
306 4225 337 4282 F.
355 4224 389 4280 R.
490 4227 513 4294 ἲ)
530 4225 571 4280 δια
588 4225 649 4280 libri
666 4241 767 4290 omnes,
784 4241 854 4295 quos
872 4225 986 4281 contuli:
1005 4229 1144 4296 τετραετῆ
1163 4241 1213 4282 rm.
1231 4225 1263 4280 F.
1279 4221 1316 4278 1³.
