3092 4702
579 341 789 404 -p4-

136 545 211 592 erum
233 525 279 593 ibi
301 531 335 590 et
358 525 475 594 tutelae
497 546 577 594 nnus
599 545 669 594 esse
690 526 793 594 debet.
837 527 907 595 ideo
932 533 1037 594 eutem
1064 525 1128 593 dixi
1156 526 1238 611 nple

133 663 287 728 rumque«,
308 647 383 729 quis
404 647 432 712 ei
453 645 569 713 femine
591 647 782 730 impuberem
797 647 998 728 munumittit,
1020 645 1060 714 ad
1083 649 1150 713 eius
1170 646 1237 729 qui-

134 768 189 833 dem
214 767 443 832 successionem
464 772 607 845 uneutur,
629 771 679 832 set
700 765 768 832 eins
789 765 889 833 tutele
910 785 972 834 nou
993 771 1154 850 grnuutur.
1190 770 1237 832 tu-

133 887 180 952 telu
205 887 288 953 enim
313 886 404 952 uirile
426 885 561 954 officium
584 892 633 952 est
654 891 750 968 etque
770 903 790 951 e
810 885 932 954 feminis
953 885 1100 953 alienum.

756 1210 759 1220 ι

578 1227 782 1239 -n—

295 1549 343 1614 De
364 1547 503 1630 legitime
525 1551 689 1632 parentum
711 1547 819 1614 tutele.
863 1547 984 1614 Titulus
1007 1548 1056 1614 18.

206 1735 323 1800 Filium
346 1752 450 1802 meum
472 1741 528 1800 unt
548 1733 643 1801 filiam
666 1753 776 1814 meum,
799 1741 856 1802 eut
877 1741 1020 1819 nepotem
1035 1743 1091 1802 eut
1104 1740 1237 1818 neptem,
1271 1764 1289 1816 5

137 1873 197 1920 uum
219 1855 325 1921 adhuc
346 1862 453 1922 esseut
479 1855 672 1938 impuberes,
699 1855 900 1938 emancipnni.
949 1858 1055 1922 tutore
1080 1853 1238 1938 indigeut3

136 1976 269 2060 quisnam
291 1979 380 2040 tutor
401 1971 483 2040 erit?
506 1979 642 2042 tutorem
664 1979 851 2042 testamento
866 1975 973 2042 datum
994 1993 1035 2042 ne
1049 1973 1152 2042 dicere
1172 1971 1239 2054 qui·

136 2092 197 2158 dem
229 2101 279 2160 est
311 2099 498 2160 testamento
531 2094 612 2160 enim
642 2095 669 2160 is
697 2099 833 2162 tutorem
865 2093 1030 2178 relinquit,
1058 2091 1112 2175 qui
1142 2091 1239 2175 impu·

135 2213 231 2280 berem
252 2214 284 2280 in
308 2217 465 2294 potestate
486 2213 596 2294 hubet;
624 2219 673 2280 set
693 2231 794 2296 neque
815 2213 1000 2296 pugnatum,
1027 2212 1102 2296 quin
1130 2209 1239 2278 dissel-

135 2336 244 2399 uuntnr
264 2333 512 2417 emancipatione
533 2332 731 2416 signationis
751 2333 832 2398 iurn.
874 2331 943 2414 quis
971 2348 1046 2414 ergo
1068 2330 1110 2397 nd
1131 2347 1290 2412 eorum10

135 2452 254 2519 tuteinm
282 2451 472 2520 uocabitur?
508 2452 590 2519 sieut
617 2454 679 2518 iem
708 2453 852 2536 superius
885 2449 1035 2526 diximus,
1070 2454 1160 2533 puter
1186 2447 1239 2517 uel

133 2587 214 2650 suns,
235 2573 289 2653 qui
311 2591 364 2638 eos
386 2572 631 2650 manumiserint,
653 2570 783 2638 tutelam
801 2587 925 2653 quoque
943 2567 984 2636 nd
1003 2565 1238 2635 similitudinem

130 2695 324 2770 patronorum
346 2698 464 2774 gerent,
484 2689 538 2774 qui
560 2695 592 2756 et
614 2691 673 2774 ipsi
694 2688 825 2773 legitimi
847 2695 968 2756 tutores
989 2689 1194 2757 necabuntur.
