2932 4704
538 348 769 412 ..104-

99 553 227 618 rusuque
259 536 328 604 loeo
355 537 557 604 iuueuioutur
585 537 786 604 nibilominus
813 539 845 604 iu
878 543 932 604 tuo
955 537 1093 602 dominio
1115 555 1220 612 meua-

100 655 171 718 bunt
211 660 244 718 et
275 655 330 736 qui
369 655 429 722 sibi
468 657 603 722 habendi
640 657 763 738 gratia,
803 657 886 723 idest
924 657 1065 722 lucrandi
1105 645 1218 725 uuim⁰s

99 790 132 837 eu
150 773 302 838 animalia
325 774 501 852 retinuerit
525 773 643 840 furtum
666 776 861 842 committere
883 774 1076 857 intellegitur
1095 781 1127 840 et
1142 773 1218 838 furti

59 889 218 958 ¹⁷·eetioue
240 893 408 960 tenebitur.
445 895 492 956 17.
516 893 678 960 Naturalis
701 895 869 975 adquisitio
892 899 941 958 est
963 909 1071 958 eorum
1094 909 1219 976 quoque

98 1028 172 1092 quus
198 1029 237 1076 ex
257 1011 402 1077 hostibus
424 1013 573 1094 capimus
618 1013 667 1078 ius
694 1013 835 1094 gentium
864 1013 945 1078 euim
975 1011 1081 1078 statim
1112 1017 1219 1077 nosue
1252 1023 1269 1072 o

98 1147 130 1194 aa
156 1147 230 1196 esse
258 1131 342 1204 uult,
369 1149 449 1212 puae
476 1151 514 1196 ex
541 1131 686 1198 hostibus
713 1130 905 1212 ceperimus,
934 1131 1042 1211 itaque
1069 1136 1102 1196 et
1127 1129 1218 1196 liberi

96 1250 235 1316 bomiues
264 1249 350 1330 cepti
378 1251 409 1314 iu
438 1251 624 1316 seruitutem
651 1258 793 1317 nostrum
824 1251 1027 1318 deducentur.
1082 1249 1108 1314 si
1142 1267 1218 1314 uero

96 1368 246 1433 eiusmodi
270 1387 321 1434 res
343 1375 482 1434 nostram
505 1369 665 1434 suaserint
690 1375 896 1451 potestatem,
926 1368 1024 1434 ueluti
1054 1369 1217 1449 mancipia,

57 1495 88 1546 rs
97 1492 127 1551 et
146 1487 188 1552 ad
211 1504 286 1552 suos
308 1504 456 1553 reuersae
477 1487 603 1564 fustist,
627 1489 792 1569 pristinum
816 1488 971 1570 recipiunt
992 1493 1120 1553 statum.
1167 1488 1216 1552 18.

99 1605 206 1687 Lapilli
231 1605 362 1686 pretiosi
383 1613 415 1671 et
436 1625 577 1688 gemmae
600 1614 632 1672 et
655 1613 777 1683 cetera,
806 1624 888 1687 quae
910 1607 939 1671 iu
963 1606 1055 1672 litore
1083 1607 1217 1672 inueniri
1238 1610 1270 1662 1⁰

55 1725 201 1802 19-soleut,
224 1726 292 1790 iure
315 1726 450 1790 naturali
471 1725 579 1790 statim
594 1726 767 1790 inuentoris
787 1724 876 1789 fiunt.
904 1727 952 1788 19.
976 1725 1056 1790 ltem
1074 1744 1120 1802 ea,
1137 1745 1217 1808 quae

96 1863 130 1908 ex
156 1845 344 1910 animalibus
371 1844 509 1910 dominio
538 1863 606 1910 meo
633 1843 783 1910 subiectis
813 1851 1000 1922 nuscuntur,
1031 1861 1100 1910 meu
1127 1843 1216 1922 fiunt

95 1965 172 2030 siout
193 1971 228 2029 et
247 1964 300 2030 illa
322 1983 360 2028 ox
382 1965 495 2046 quibus
516 1970 592 2029 truta
614 1970 698 2046 suut.

51 2085 86 2134 2⁰-
175 2083 226 2147 20.
259 2083 421 2149 Naturalis
443 2083 612 2166 adquisitio
635 2091 684 2150 est
706 2102 743 2150 ee
764 2100 890 2166 quoque
912 2102 993 2166 quae
1015 2103 1072 2166 per
1086 2083 1217 2152 alluuio·

96 2219 162 2266 uem
183 2201 229 2266 lit
251 2202 370 2268 alluuio
385 2221 497 2284 graece
511 2203 741 2285 iuterpretatur
757 2204 938 2288 πρόςκλυσις
959 2203 1011 2268 uel
1034 2204 1215 2290 πρόςχωσις.
1237 2220 1268 2271 15

99 2319 246 2404 quidquid
270 2323 350 2386 euim
373 2339 432 2403 per
452 2321 640 2388 alluuionem
664 2327 772 2387 nostro
798 2323 896 2388 fundo
918 2319 1031 2388 flumen
1056 2319 1215 2398 adiecerit,

96 2442 229 2506 naturali
251 2441 319 2505 iure
341 2445 482 2506 nostrum
504 2439 549 2506 fit
595 2439 735 2507 definitio
758 2441 902 2507 ulluiouis
924 2448 1029 2508 autem
1052 2441 1129 2507 bueo
1151 2447 1214 2508 est:

95 2560 316 2628 incrementum
339 2559 450 2626 latens.
502 2579 559 2642 per
586 2559 776 2627 alluuiouem
803 2579 880 2626 uero
910 2561 942 2624 id
969 2559 1050 2626 adici
1079 2559 1214 2638 uidetur,

95 2680 175 2760 quod
200 2680 247 2745 ita
275 2679 439 2762 paullatim
468 2679 638 2756 adcrescit,
669 2687 706 2745 ut
733 2679 873 2762 intellegi
900 2685 1035 2761 nequeat
1061 2687 1213 2762 quandum

95 2815 217 2880 quoquo
239 2799 389 2879 temporis
410 2803 566 2864 momento
588 2805 697 2864 nostro
711 2799 875 2864 adcrescat
889 2798 1025 2864 dominio
1040 2799 1125 2879 quod
1147 2797 1213 2864 udi·
1232 2805 1267 2856 2⁰

94 2918 183 2981 citur.
220 2916 302 2998 finge
325 2917 407 2982 enim
429 2917 508 2982 duos
530 2933 600 2982 esse
621 2916 745 2994 fundos,
768 2924 857 2982 tuum
880 2927 912 2982 et
934 2934 1053 2983 meum:
1077 2915 1213 2982 medium

94 3043 197 3100 eutem
218 3033 331 3100 flumen
359 3032 470 3100 fluere:
501 3037 527 3100 si
554 3033 668 3101 flumen
697 3034 860 3116 paullatim
888 3041 920 3100 et
948 3037 1016 3101 siue
1043 3053 1137 3102 sensu
1160 3034 1215 3100 ali·

36 3154 169 3236 mquid
192 3154 286 3220 lundo
309 3171 379 3220 meo
400 3153 534 3232 adiciat,
564 3155 595 3219 id
619 3155 688 3220 iure
717 3154 884 3220 alluuiouis
913 3171 1015 3222 meum
1046 3153 1091 3219 fit.
1136 3155 1213 3219 20⁸.

96 3274 212 3352 Quodsi
233 3275 281 3339 uis
300 3271 437 3339 fluminis
460 3281 492 3339 et
514 3275 650 3355 impetus
672 3282 794 3354 partem
817 3274 953 3356 aliquam
984 3293 1021 3339 ex
1049 3279 1104 3339 tuo
1126 3292 1214 3355 prae-

97 3395 146 3460 dio
169 3395 339 3461 detraxerit
360 3401 392 3462 et
414 3413 484 3460 meo
505 3395 662 3477 appulerit
684 3395 828 3476 praedio,
851 3393 955 3476 palam
985 3399 1034 3457 est
1059 3392 1212 3459 adiectam
1231 3407 1266 3458 25

95 3521 214 3594 partem
235 3520 320 3580 tuem
343 3532 537 3596 permanere,
561 3533 622 3580 uon
646 3516 727 3581 euim
750 3514 817 3578 siue
839 3531 932 3579 seusu
956 3511 988 3578 id
1016 3512 1214 3578 factumest.
