2870 4716
555 315 783 379 -349-

102 505 133 565 et
162 501 302 567 scribere
328 501 369 567 ad
399 521 487 579 curn,
514 465 613 583 ‘quem
642 502 756 567 litteris
784 502 916 584 obligari
943 501 1096 566 uolebam.
1147 486 1229 566 baec'

105 626 213 686 autem
236 625 327 686 erant
349 621 456 700 uerba,
479 641 560 704 quae
583 621 713 688 dicenda
735 622 960 703 scribendoque
982 626 1087 686 erant:
1118 640 1225 686 »cen-

102 742 182 803 tum
205 758 357 815 aureos,
381 758 476 821 quos
492 740 585 804 mihi
606 759 647 805 ex
664 741 1014 806 causalocationis
1030 740 1142 806 debes
1165 758 1224 805 er·

101 877 246 940 pensos
269 860 341 925 tibi
363 860 478 925 tulis:
501 861 613 926 deinde
629 861 888 927 adscribebantur
902 861 942 926 ab
964 861 1017 926 illo
1033 862 1086 942 qui
1107 861 1171 926 iam
1186 879 1227 926 er

102 977 260 1046 locatione
283 986 376 1047 antea
398 981 554 1062 obligatus
576 987 645 1047 orat
666 983 742 1047 baec
764 981 875 1047 uerba:
905 999 1110 1064 »expensos
1136 979 1257 1045 mihi5

100 1100 268 1178 tulisti«,
293 1105 325 1165 et
342 1101 429 1182 prior
444 1099 569 1183 quidem
584 1102 732 1183 obligatio
749 1102 997 1184 extinguebatur,
1020 1119 1104 1165 noua
1118 1106 1224 1165 autem

102 1219 303 1300 gignebatur,
326 1219 409 1286 idest
430 1219 616 1286 litterarum.
657 1221 735 1288 haec
757 1241 834 1286 uero
856 1239 927 1287 cum
949 1220 1062 1286 littaris
1085 1220 1225 1302 concipe·

102 1343 203 1418 retur,
226 1339 299 1404 inde
321 1340 562 1422 appellationem
578 1339 674 1405 duxit.
707 1341 849 1406 inuenire
871 1346 977 1406 autem
999 1340 1081 1419 licet,
1104 1341 1131 1405 si
1153 1340 1224 1423 quis

104 1457 288 1540 diligentius
311 1459 466 1541 inquirat,
489 1458 582 1524 bodie
603 1476 728 1541 quoque
750 1459 927 1526 litterarum
943 1455 1169 1540 'obligationem
1191 1459 1223 1524 in

103 1597 165 1644 usu
188 1596 258 1644 esse
280 1579 425 1660 quamuis
446 1578 539 1660 plane
561 1579 620 1644 sub
642 1579 704 1643 alia
725 1571 833 1644 forma
878 1599 950 1644 num
972 1579 999 1645 si
1021 1580 1102 1662 quis,
1128 1579 1183 1661 qui
1205 1597 1224 1643 a
1245 1578 1275 1629 ¹⁰

103 1717 153 1763 me
177 1699 317 1763 mutuari
339 1698 426 1773 uelit,
449 1697 488 1763 de
509 1697 569 1764 hoc
590 1697 666 1762 mihi
688 1699 844 1780 loquatur,
868 1717 989 1781 egoque
1010 1697 1164 1776 mandem,
1188 1703 1225 1764 ut

102 1818 349 1886 instrumentum
365 1817 516 1896 conficiat,
539 1817 634 1900 idque
653 1819 719 1900 ipse
735 1817 886 1897 conficiat,
908 1838 958 1884 me
972 1837 1034 1883 non
1048 1824 1223 1902 praesente,

101 1937 189 2003 bisce
218 1936 283 2002 iere
310 1938 428 2004 uerbis:
465 1942 663 2003 amutuum
697 1940 831 2021 accepi
863 1939 1055 2004 hodierna
1081 1939 1145 2005 die
1178 1940 1223 2004 ab

103 2057 190 2136 illo,
215 2058 367 2123 ethaeo
388 2058 450 2123 illi
473 2058 644 2138 debcoa;
666 2059 829 2142 stipulatio
844 2077 920 2124 uero
943 2079 1003 2124 non
1026 2059 1225 2125 adscribatur

105 2177 260 2259 (quinimo
275 2177 428 2243 inutiliter
450 2177 691 2258 adscriberetur,
715 2198 785 2254 cum
805 2179 956 2245 eiusmodi
979 2180 1222 2245 instrumentum
1243 2184 1274 2234 15

104 2316 166 2361 non
183 2302 349 2379 praesento
363 2297 518 2363 creditore
533 2297 736 2381 conficiatur),
753 2299 917 2380 quaeritur
931 2319 970 2363 an
986 2298 1106 2378 deinde,
1122 2299 1223 2364 multo

105 2417 214 2508 elapso
235 2422 384 2500 tempore,
408 2419 567 2483 conueniri
589 2419 698 2502 possit,
727 2419 785 2502 qui,
802 2419 1045 2485 instrumentum
1068 2420 1223 2502 conscrip-

106 2536 197 2602 serit:
221 2541 254 2602 et
275 2536 406 2604 dicimus
426 2555 528 2620 neque
549 2557 591 2602 cx
613 2558 655 2604 re
676 2539 834 2602 conueniri
851 2557 922 2604 eum
937 2556 1029 2620 posse
1051 2513 1222 2622 (nonenim

105 2658 283 2722 numeratio
297 2656 382 2722 facta
396 2658 456 2739 cst)
480 2676 581 2740 neque
603 2677 645 2724 ex
667 2658 794 2724 uerbis
817 2662 898 2743 (cum
922 2678 961 2724 ne
975 2664 1140 2741 praesente
1154 2660 1222 2741 qui-

105 2777 176 2842 dem
191 2779 327 2859 utraque
341 2783 431 2859 parte
447 2778 609 2860 stipulatio
628 2777 669 2842 sit
683 2777 767 2842 fucta
782 2783 838 2842 aut
853 2778 947 2843 ctiam
962 2779 1087 2845 omnino
1102 2797 1164 2844 non
1179 2780 1222 2843 sit
1239 2779 1273 2829 2⁰

105 2897 216 2976 factal:
232 2903 333 2963 restat
347 2898 445 2979 igitur
458 2903 495 2962 ut
509 2898 622 2962 litteris
634 2902 758 2963 tantum
770 2902 924 2975 teneatur,
937 2903 970 2963 et
984 2917 1053 2963 ecce
1065 2897 1221 2980 quomodo

105 3015 200 3081 etiam
220 3016 312 3102 bodie
333 3018 403 3100 quis
418 3017 532 3083 litteris
555 3017 654 3083 teneri
674 3017 782 3100 possit
817 3019 951 3084 multum
971 3023 1076 3084 autem
1095 3023 1220 3102 tempus
