2884 4728
524 368 764 432 -389—

87 557 161 610 tuas
184 544 323 626 fugauit,
347 551 382 607 nt
405 563 460 607 eas
484 543 565 607 alins
589 542 757 626 exciperet.
802 541 834 606 in
862 541 910 606 his
938 541 1022 606 enim
1050 540 1202 624 exemplis

87 688 153 733 non
176 669 386 734 contreetauit
407 667 457 732 hic
480 687 531 731 res
555 675 625 732 tnas
649 673 681 731 et
704 673 809 731 tumen
832 665 908 730 fnrti
930 665 1056 730 actione
1072 670 1203 744 tenetur,

87 795 115 858 si
138 794 234 858 modo
258 793 303 872 (id
326 793 408 857 enirn
432 792 626 857 extrinsecus
656 792 751 876 scias)
780 791 914 855 amissas
942 810 993 854 res
1020 797 1092 855 tuas
1123 788 1204 852 alius

86 917 342 982 contreetauerit.
393 917 461 982 sine
496 917 578 981 enim
614 916 858 981 contrectatione
897 934 1056 994 nunquam
1088 912 1203 976 furtum

85 1043 303 1108 committitur.
348 1042 381 1108 id
405 1049 509 1107 antem
533 1041 572 1106 de
596 1061 634 1106 eo
658 1048 781 1105 ueteres
805 1041 1005 1123 seripserunt,
1029 1039 1083 1118 qni
1099 1057 1204 1122 panno
1242 1052 1257 1103 5

84 1168 186 1231 rubro
210 1173 383 1232 armentum
406 1167 538 1249 fugauit.
573 1166 601 1232 si
623 1185 700 1230 nero
724 1186 780 1250 per
802 1165 967 1230 lasciuiam
990 1171 1022 1228 et
1044 1183 1106 1228 non
1129 1162 1205 1228 data

85 1312 204 1376 opera,
227 1298 262 1356 nt
289 1291 406 1356 furtum
430 1290 658 1372 admitteretur,
685 1291 802 1356 factum
831 1295 892 1369 est,
921 1289 953 1352 in
980 1289 1099 1354 factum
1121 1287 1204 1352 aetio

85 1417 185 1482 datur
206 1417 239 1481 in
263 1435 343 1496 enm,
368 1415 422 1496 qni
444 1414 611 1497 fuganerit,
636 1416 668 1479 in
684 1434 753 1480 eum
770 1433 846 1478 nero
870 1413 925 1493 qni
941 1412 1205 1478 abduxerit-furti

84 1541 183 1606 actio.
229 1546 262 1606 at
285 1541 340 1604 ubi
362 1539 479 1604 Maeuii
507 1559 566 1622 ope
590 1539 691 1603 'litius
719 1540 836 1602 furtum
863 1537 986 1619 feeerit,
1014 1538 1106 1601 ambo
1129 1536 1204 1600 furti

85 1673 244 1730 tenentur.
290 1665 373 1730 illins
398 1684 522 1746 qnoque
547 1684 607 1746 ope
631 1663 761 1728 consilio
789 1664 905 1726 furtum
934 1661 1122 1742 admittitur,
1151 1661 1258 1742 qui10

86 1791 196 1856 scalas
224 1790 370 1854 fenestris
403 1789 567 1872 supposuit
601 1796 655 1852 ant
682 1789 837 1852 fenestras
870 1787 956 1870 ipsas
990 1786 1042 1850 nel
1076 1785 1203 1850 ianuam

85 1915 225 1997 effregit,
250 1921 282 1978 nt
305 1915 386 1978 alins
409 1913 580 1994 furaretur;
608 1913 724 1994 quique
747 1913 939 1978 ferramenta
962 1911 1003 1974 ad
1026 1929 1129 1974 seram
1153 1910 1204 1973 nel

86 2040 249 2104 fenestras
284 2037 496 2120 effringendas
531 2037 582 2100 nel
610 2037 714 2102 scalas
749 2035 960 2100 commodanit
993 2043 1028 2100 ut
1059 2034 1203 2098 fenestris

87 2168 356 2246 supponerentur,
385 2162 487 2226 sciens
516 2162 606 2225 ouius
635 2161 737 2243 gratia
765 2159 1018 2225 commodauerit.
1065 2165 1148 2222 certe
1176 2159 1203 2222 si

88 2287 161 2368 quis
185 2285 304 2350 nnllam
329 2289 455 2369 ope'ram
473 2284 513 2349 ad
529 2285 645 2348 furtum
661 2283 838 2348 faciendum
850 2283 993 2347 adhibuit
1016 2289 1064 2347 set
1082 2287 1202 2346 tantum
1225 2295 1256 2346 15

88 2411 256 2476 consilinm
280 2409 366 2474 dedit
393 2417 424 2475 et
451 2409 607 2474 nolentem
637 2410 677 2472 ad
709 2410 825 2473 furtum
856 2407 1035 2472 faciendum
1063 2407 1203 2471 hortatus

38 2547 76 2597 12.
87 2543 138 2600 est
162 2554 227 2599 non
250 2541 373 2599 tenetur
396 2535 477 2598 furti.
527 2537 575 2600 12.
599 2534 633 2596 Si
657 2553 767 2598 seruus
790 2553 878 2596 mens
902 2539 956 2596 ant
978 2531 1070 2612 filius,
1095 2531 1147 2611 qni
1171 2531 1203 2594 in

87 2680 161 2724 mea
185 2665 342 2742 potestate
367 2666 428 2740 est,
458 2678 523 2722 rem
551 2657 627 2722 mihi
655 2658 824 2740 subripiat,
854 2658 968 2722 furtum
997 2655 1120 2736 quidem
1150 2655 1203 2718 ad-

87 2783 223 2848 mittitur
246 2788 277 2847 et
299 2783 415 2847 furdua
438 2803 489 2846 res
513 2783 646 2848 efficitur
668 2801 770 2861 neque
795 2783 835 2846 ab
860 2780 923 2844 ullo
941 2787 1044 2862 potest
1063 2780 1202 2863 usnnapi,

86 2915 258 2988 antequam
283 2907 314 2971 in
338 2915 525 2990 potestatem
549 2907 666 2972 domini
689 2913 874 2982 reuertatur,
899 2906 981 2970 aetio
1000 2913 1105 2969 antem
1129 2904 1203 2968 furti
1222 2915 1257 2965 20

88 3033 211 3112 ineos,
235 3033 289 3112 qni
312 3033 542 3115 subripuerunt,
567 3051 629 3096 non
653 3032 815 3114 competit,
840 3031 988 3111 quoniam
1012 3049 1113 3110 neque
1137 3028 1202 3091 ulla

88 3157 155 3220 alia
178 3157 261 3220 aetio
290 3177 329 3220 ex
358 3162 521 3220 contractu
549 3163 603 3220 ant
631 3177 670 3220 en
699 3156 812 3221 delicto
840 3155 922 3220 inter
949 3174 1002 3219 eos
1031 3154 1201 3218 consistere

89 3287 201 3363 potest.
248 3281 276 3344 si
299 3300 373 3344 uero
398 3281 527 3344 alterins
551 3300 610 3363 ope
634 3280 765 3344 consilio
782 3281 896 3344 furtum
920 3280 961 3343 ab
984 3278 1042 3359 his,
1067 3277 1120 3358 qni
1142 3277 1202 3340 iuri

88 3412 196 3470 nostro
221 3405 353 3469 subiecti
377 3405 451 3486 sint,
481 3405 571 3469 nobis
594 3405 662 3486 fiat,
689 3413 774 3468 recte
802 3404 856 3468 ille
879 3403 952 3466 furti
979 3401 1102 3466 actione
1131 3421 1202 3465 eon·

90 3529 248 3608 uenietnr‚
278 3530 367 3593 onius
391 3548 450 3612 ope
474 3529 506 3592 id
530 3530 646 3593 factum
671 3535 732 3604 est,
763 3528 905 3608 quamuis
930 3527 983 3606 qni
1011 3527 1130 3589 furatus
1154 3529 1202 3589 est
1220 3536 1254 3586 25
