2876 4712
575 397 615 406 -
660 359 808 424 293-

125 545 237 612 haberi
260 553 316 612 ant
337 545 429 612 simul
452 565 520 612 uum
544 546 582 612 iis
604 547 711 614 uocari
732 547 786 630 qui
803 547 934 614 eundem
951 549 1092 630 optinent
1106 549 1248 630 gradum,

127 664 276 746 quotiens
298 681 399 746 neque
420 683 497 731 suus
518 668 647 747 quidam
669 667 760 732 heres
783 673 877 744 extet,
901 686 958 733 nec
980 669 1033 751 qui
1056 670 1104 734 sui
1127 669 1250 734 heredis

125 783 233 850 locum
255 787 404 868 optineat,
427 806 528 870 neque
549 787 718 871 adgnatos:
740 787 773 851 hi
796 789 876 853 enim
899 787 1037 871 potiores
1052 787 1252 855 habebuntur

126 907 161 970 in
185 905 390 972 successione.
435 907 521 974 Haec
542 927 619 974 uero
642 907 783 988 dicimus,
804 911 941 990 exceptis
963 909 1061 976 fratre
1091 916 1123 976 et
1145 927 1251 976 sorore

127 1025 344 1107 emancipatis.
391 1025 544 1092 eiusmodi
570 1028 651 1094 euim
680 1045 831 1108 personae
859 1035 987 1110 propter
1015 1027 1127 1111 capitis
1156 1029 1285 1095 demi-⁵

126 1145 290 1212 notionem
312 1145 344 1210 in
366 1147 562 1212 successione
584 1147 804 1212 detrimentum
826 1165 888 1214 non
910 1148 1084 1230 patientum,
1114 1154 1163 1212 set
1189 1166 1253 1213 om·

127 1264 226 1331 nibus
247 1266 391 1349 adunatis
413 1263 475 1332 111¹
494 1266 545 1332 uel
568 1263 645 1331 lIll¹
662 1268 713 1332 uel
734 1267 893 1334 ulterioris
914 1267 1031 1351 gradus
1052 1268 1253 1333 habebuntur

127 1385 282 1467 potiores,
306 1387 397 1451 sicuti
424 1389 623 1453 anastasiana
653 1387 742 1454 iubet
769 1387 960 1453 constitutio.
1009 1385 1117 1468 itaque
1147 1385 1252 1470 paullo

126 1505 272 1572 anterius
295 1505 429 1571 diximus
454 1507 722 1593 ,plerumqum
749 1515 877 1591 propter
898 1509 1108 1590 emancipatos
1123 1507 1250 1572 iratres:

125 1633 160 1698 hi
186 1631 270 1698 enim
293 1633 435 1714 quamuis
458 1629 652 1714 cognationis
674 1630 744 1694 iura
766 1627 981 1694 tantummodo
1002 1627 1176 1710 antiquitus
1199 1624 1252 1690 lra-
1272 1621 1304 1674 ¹⁰

126 1753 267 1830 tuerint,
290 1751 433 1834 praelata
454 1751 675 1818 constitutione
696 1746 927 1831 praeferuntur.

593 2039 796 2052 *—

342 2361 390 2427 De
412 2361 606 2428 successione
628 2359 820 2426 libertorum.
865 2357 987 2424 Titulus
1010 2357 1039 2420 7.

217 2549 307 2615 Haec
329 2555 423 2614 antea
443 2551 608 2628 perspecta
636 2545 762 2610 habeas.
812 2545 955 2626 cognatio
984 2561 1095 2608 nomen
1126 2547 1173 2607 est
1202 2559 1254 2623 ge·

129 2671 253 2746 uenale,
280 2665 498 2749 complectitur
523 2671 627 2730 autem
656 2671 818 2748 parentes,
847 2664 961 2728 liberos
992 2671 1024 2726 et
1053 2663 1188 2742 eosqui
1217 2679 1255 2726 ex

127 2797 319 2854 transuerso
341 2787 464 2868 cognati
487 2792 570 2852 snut.
615 2791 664 2850 set
686 2784 745 2850 hae
767 2790 831 2848 tres
853 2781 1058 2848 successionis
1073 2783 1191 2860 species
1214 2779 1254 2844 ad

126 2909 287 2990 ingenuos
309 2915 431 2972 tantum
454 2905 641 2981 reseruntur,
663 2905 693 2968 in
715 2903 836 2968 libertis
858 2921 934 2967 uero
956 2901 1181 2967 adscendentes
1203 2917 1253 2963 ue·
1275 2916 1305 2966 ro

128 3037 221 3093 teres
253 3044 314 3090 non
349 3037 518 3091 nonerunt:
547 3024 702 3105 quomodo
730 3023 812 3087 enirn
842 3040 910 3087 cum
940 3022 971 3086 in
1002 3022 1154 3086 seruitute
1186 3036 1256 3100 pro

129 3146 237 3212 creati
263 3145 347 3210 sint?
388 3164 489 3228 neque
522 3164 542 3209 a
574 3144 674 3208 latere
708 3149 873 3225 cognatos,
908 3143 963 3223 qui
998 3141 1078 3206 enim
1110 3144 1256 3221 parentes

128 3284 204 3332 non
230 3265 339 3343 habet,
367 3283 404 3330 ex
433 3273 613 3330 transuerso
641 3269 790 3345 cognatos
818 3261 933 3326 habere
966 3258 1091 3340 neqnit;
1128 3277 1165 3324 ex
1193 3255 1256 3320 illis

130 3385 225 3450 enim
247 3385 267 3448 ii
289 3385 510 3465 suscipiuntur.
555 3382 651 3450 solam
674 3391 778 3447 autem
808 3380 925 3446 habent
950 3381 1118 3445 liberorum
1147 3395 1255 3457 cogna-

129 3506 268 3576 tionem,
289 3521 395 3569 corum
425 3523 536 3586 nempe
563 3503 617 3584 qni
646 3509 717 3584 post
746 3502 1016 3566 manumissionem
1045 3499 1089 3562 eis
1118 3496 1256 3575 concepti
1273 3519 1307 3571 ω

95 3673 98 3678 ,
126 3641 176 3690 ac
206 3624 267 3686 nati
289 3631 370 3688 sunt
414 3641 483 3690 cum
505 3622 582 3688 haec
603 3628 768 3704 perspecta
789 3620 919 3696 habeas,
946 3637 984 3684 eu
1012 3613 1095 3700 quod
1117 3616 1189 3681 inde
1211 3633 1257 3679 se·
