3092 4702
560 334 771 398 ..76-

129 519 218 602 purint,
253 517 491 602 appellationem
526 519 671 586 mutent?
702 538 774 586 num
806 524 952 604 parentes
983 519 1114 604 legitimi
1144 527 1226 587 tutu

129 637 335 713 resumuntur,
355 637 447 705 liberi
469 644 575 705 entem
598 657 705 706 eorum
727 639 889 708 fidueisnii.
926 647 976 708 set
997 640 1078 707 ratio
1098 648 1224 725 praesto

128 765 172 823 est
209 757 341 824 sienim
361 759 476 825 uinens
496 756 598 826 tilium
628 778 730 826 meum
752 777 813 826 non
836 759 1097 843 emancipessem
1124 767 1225 828 morte

129 876 248 943 messui
271 876 349 943 iuris
371 884 457 944 esset
477 879 593 957 tantus,
616 895 717 960 neque
745 879 776 944 in
803 877 911 944 nattis
932 884 989 944 sut
1013 877 1120 962 patrui
1139 884 1226 962 pote·

126 1002 218 1062 statem
238 996 416 1072 incidissem
438 999 507 1064 ideo
529 1016 630 1080 neque
652 998 781 1064 eundem
803 999 933 1065 tutelam
954 996 1036 1063 lilius
1051 996 1226 1081 emancipe·
1258 1000 1276 1052 ὅ

126 1114 186 1182 tonis
205 1113 352 1198 hebebit,
379 1123 430 1183 set
451 1123 539 1184 tutor
559 1115 741 1185 fiduciarius
768 1118 944 1185 nombitur.
985 1117 1116 1184 libertus
1138 1135 1225 1198 uero,

127 1235 174 1299 nisi
192 1238 398 1302 manumissus
419 1236 543 1314 luisset,
566 1243 616 1304 set
636 1238 668 1302 in
683 1237 835 1303 seruitute
851 1237 1025 1316 mansisset,
1049 1237 1225 1304 omninodo

128 1355 347 1422 nmnmissosis
369 1356 544 1422 liberorum
566 1374 678 1423 seruus
700 1357 824 1422 intutus
845 1361 923 1422 erut
955 1356 1042 1423 Tune
1063 1373 1140 1423 uero
1161 1374 1225 1422 om·

127 1491 178 1553 nes,
198 1493 274 1557 quos
299 1473 442 1552 diximus,
465 1475 505 1540 nd
527 1474 680 1542 eiusmodi
706 1473 823 1541 tutelus
845 1481 1017 1554 uocantur,
1044 1492 1114 1540 cum
1136 1471 1225 1540 XXV

125 1593 197 1659 annis
215 1593 350 1660 melones
372 1595 447 1659 sint.
491 1593 524 1659 id
547 1595 629 1660 enim
652 1594 838 1676 genereliter
857 1593 1006 1678 principis
1031 1593 1132 1660 nostri
1153 1609 1225 1660 enn-
1244 1603 1277 1655 10

121 1713 226 1780 stitutio
248 1714 413 1780 obseruari
434 1715 594 1798 praecepit
615 1714 646 1780 in
669 1716 751 1781 omni
782 1714 882 1781 tutele
907 1719 1003 1796 utque
1031 1731 1123 1791 euru,
1152 1731 1223 1779 cum

122 1833 273 1900 absurdum
296 1851 368 1900 esse
395 1834 587 1900 existimaret
615 1852 686 1902 enm
714 1831 769 1918 qui
804 1832 934 1899 ulterius
965 1851 1042 1898 curn
1073 1832 1223 1915 indigeat,

119 1952 234 2018 alinmm
255 1952 339 2020 bona
360 1951 589 2021 administrare

564 2241 767 2255 m

189 2563 234 2631 De
255 2565 386 2634 stiliano
408 2572 514 2632 tutone
536 2566 588 2634 uel
610 2585 657 2646 sn,
679 2567 734 2649 qui
756 2583 793 2632 ex
815 2565 887 2650 lege
907 2565 987 2632 Iulis
1008 2570 1040 2630 et
1061 2564 1143 2630 Titia

471 2717 617 2785 debatur.
661 2717 783 2786 Titinius
806 2719 857 2783 20.

188 2904 332 2990 Pupillus
353 2911 410 2973 sut
438 2906 559 2989 pupille
587 2911 691 2973 tulere
719 2906 912 2989 indigebant.
954 2923 1015 2972 non
1047 2905 1224 2972 eratenim

115 3029 293 3093 testamento
318 3026 421 3105 dutus,
442 3044 546 3107 neque
568 3028 740 3109 adgnetus3
767 3025 877 3093 deerat
898 3032 930 3092 et
950 3031 1151 3106 patronorum
1177 3032 1225 3091 tu·
1243 3027 1276 3080 15

116 3143 177 3209 tels
219 3165 326 3230 neque
347 3151 437 3229 puter
459 3151 529 3212 erut
550 3145 604 3230 qui
632 3144 672 3210 nd
695 3151 898 3226 patronorum
920 3142 1154 3211 similitudinem
1177 3147 1226 3209 tu·

114 3271 244 3332 teresse
266 3266 409 3344 deberet,
431 3282 533 3346 neque
554 3265 654 3332 tutela
675 3264 838 3332 fiduciaria
858 3263 960 3331 lucum
982 3262 1128 3330 habebut
1156 3263 1226 3344 quis

116 3383 299 3454 mentalem
324 3385 485 3452 uomndus
506 3359 578 3450 est?
601 3383 734 3451 dicimus
757 3385 875 3450 Romae
895 3384 1021 3468 quidem
1050 3386 1226 3464 pnnetorem

116 3504 258 3571 urbanum
282 3523 357 3571 enm
379 3502 496 3571 maiore
517 3509 607 3586 perte
629 3503 827 3570 tribunorum
848 3500 949 3584 plebis
972 3501 1082 3586 (quill
1101 3499 1226 3567 omnino
1289 3497 1296 3512 '

117 3626 216 3709 erunt),
239 3627 328 3693 idest
350 3643 419 3692 eum
442 3621 487 3688 VI
509 3629 565 3691 eut
586 3623 656 3704 VII,
678 3623 880 3708 inquisitione
900 3621 993 3702 lectu,
1016 3621 1162 3687 idoneum
1177 3627 1226 3686 tn-

118 3749 202 3812 lnrem
224 3744 315 3824 dere,
340 3743 434 3827 idque
455 3741 524 3827 lege
544 3744 640 3811 Atilia
660 3750 785 3812 cautum
809 3749 887 3810 eret.
909 3741 964 3824 qni
985 3747 1072 3808 tutor
1094 3757 1114 3805 s
1135 3736 1227 3822 legis·
