2876 4712
516 365 750 429 -295-

88 553 290 636 inurendam:
312 551 447 636 quodsi
468 551 545 618 nihil
567 551 618 620 uel
640 531 742 618 minus
763 551 950 635 reliquisset,
977 557 1109 635 patrono
1124 569 1193 620 eon·

89 680 130 738 tra
147 671 251 738 liberti
277 671 456 738 testamenti
484 667 609 738 tabulas
636 673 788 738 bonerum
816 669 1043 755 possessionem
1072 673 1195 755 pollice·

87 793 177 869 batur,
201 811 258 874 per
278 809 372 875 quam
393 791 554 858 semissem
577 797 711 874 caperet.
754 789 811 856 filii
841 799 946 857 autem
975 791 1134 860 naturales
1162 792 1196 858 li-

87 911 165 991 berti,
195 911 223 976 si
244 917 394 990 extarent,
416 917 582 995 patronum
604 910 812 992 repellebant,
842 931 899 979 nee
927 908 1028 979 solum
1056 930 1136 997 quos
1164 913 1194 978 in

86 1035 231 1112 potestate
252 1029 391 1110 haberet,
413 1036 463 1096 eet
484 1049 563 1112 quos
590 1031 815 1113 emancipasset
841 1030 892 1098 uel
922 1033 1116 1115 adoptandos
1143 1031 1197 1098 de·
1229 1042 1247 1094 ο

87 1149 191 1215 disset:
214 1149 267 1230 qni
289 1168 365 1216 uero
386 1149 422 1214 in
440 1149 639 1230 adoptionem
654 1150 720 1216 dati
736 1149 871 1226 inerant,
892 1157 959 1217 tum
975 1152 1109 1232 demum,
1124 1169 1195 1218 eum

87 1267 290 1334 inminimam
312 1268 428 1335 saltem
446 1274 567 1351 purtem
591 1269 723 1336 heredes
749 1269 858 1351 scripti
885 1275 1001 1336 esseut.
1051 1275 1088 1336 ut
1114 1287 1196 1349 eene,

85 1404 147 1452 curn
167 1403 227 1469 ego
249 1387 380 1454 libertus
402 1403 502 1452 essem
530 1393 759 1468 patronumque
788 1389 934 1455 haberem
961 1394 995 1455 et
1019 1387 1117 1454 filium
1143 1405 1198 1456 na-

84 1505 227 1582 turalem,
259 1507 343 1573 hune
371 1506 584 1591 adoptandum
613 1506 700 1572 dedi:
728 1507 756 1573 si
785 1507 882 1590 igitur
908 1513 1096 1575 testamento
1125 1527 1196 1576 eum

87 1645 136 1707 pro
155 1631 246 1710 perte
267 1626 414 1693 heredem
436 1625 642 1706 instituerim,
671 1625 842 1708 repelletur
868 1633 1039 1709 patronus:
1072 1627 1101 1694 si
1121 1645 1198 1693 nero
1218 1645 1250 1697 ιο

86 1763 150 1812 eum
169 1745 398 1828 praeterierim,
421 1746 490 1812 iure
512 1753 663 1830 patronus
684 1753 794 1813 eontra
815 1747 876 1814 mei
903 1749 1082 1813 testamenti
1109 1748 1196 1813 tabu·

85 1864 127 1930 las
149 1866 299 1932 bonorum
325 1863 554 1948 pumessionem
581 1871 678 1947 petet.
721 1865 804 1932 filins
833 1871 940 1932 autem
968 1883 1057 1933 meus
1085 1865 1198 1950 quiin

86 1989 235 2064 potestate
263 1991 312 2052 est
338 1991 371 2050 et
397 1987 424 2050 is
452 1985 506 2069 qui
535 1985 750 2068 emancipatus
782 1991 832 2052 eet
859 1984 1023 2052 uoluntate
1049 1985 1100 2053 uel
1128 1986 1199 2068 lege

86 2103 156 2169 milri
188 2107 392 2172 succedentes
419 2112 552 2188 patrono
577 2107 716 2188 potiores
751 2111 842 2172 snut:
879 2105 1041 2174 uoluntate
1071 2105 1198 2189 quidem

87 2241 150 2290 rum
172 2243 226 2290 eos
247 2224 380 2292 heredes
402 2225 598 2307 scripserim,
624 2225 694 2308 lege
717 2241 787 2290 eum
815 2224 985 2291 intestatus
1014 2224 1199 2291 deterserim
1219 2251 1250 2305 ln

87 2343 132 2409 uel
156 2349 344 2412 testamento
376 2343 459 2411 lueto
491 2363 545 2412 eos
578 2345 810 2428 praeterierim
849 2345 930 2412 alter
961 2346 1042 2411 enim
1075 2343 1199 2429 quidem

88 2461 151 2544 ipsu
172 2463 241 2530 iure
263 2464 408 2529 destituit
429 2469 664 2544 testamentum,
686 2466 768 2530 alter
789 2455 865 2531 uero
893 2465 1106 2547 emancipatus
1129 2480 1201 2529 ron·

87 2587 132 2646 tra
152 2583 276 2649 ίοοιιΙοι
297 2583 449 2651 bonorum
470 2601 611 2650 meorum
633 2585 861 2668 pumessionem
883 2584 1005 2666 arripit,
1027 2601 1128 2666 neque
1147 2599 1201 2665 pa·

86 2711 173 2772 monn
194 2705 295 2772 locum
317 2706 382 2772 dut
420 2706 572 2772 bonerum
594 2706 675 2772 enim
697 2705 923 2788 possessionem
946 2711 1054 2769 eontra
1076 2701 1201 2770 tabulas

86 2841 239 2905 nunquam
271 2830 399 2909 praetor
429 2825 582 2892 aduersum
614 2825 774 2891 naturales
810 2822 891 2890 filios
922 2822 1096 2907 pollicetur.
1151 2829 1201 2890 set
1217 2838 1252 2891 ao

87 2943 177 3010 etiam
199 2951 270 3028 post
291 2945 446 3029 praeteris
468 2945 604 3012 edietum
627 2945 711 3028 quod
732 2944 811 3012 adeo
832 2949 965 3028 patrono
986 2943 1124 3021 fauebat,
1146 2961 1201 3025 pa·

87 3064 171 3130 tebet
193 3063 303 3132 liberto
326 3065 390 3145 uie,
413 3083 476 3149 qua
497 3067 621 3148 impune
642 3063 721 3129 nihil
742 3063 819 3130 iuris
840 3067 973 3147 patrono
994 3061 1199 3145 relinqueret:

87 3180 215 3250 sienim
239 3185 414 3254 naturalem
442 3183 540 3252 filium
566 3185 715 3266 haberet,
743 3200 844 3266 neque
865 3183 924 3250 XII
950 3179 1130 3249 tabularum
1152 3180 1202 3248 lex
