2864 4736
533 379 773 442 -459-

102 553 260 618 dationum
284 553 357 618 olim
381 551 488 634 fuisse,
513 553 610 618 alium
633 573 708 618 uero
732 553 824 618 hodie
847 553 879 617 in
896 573 956 616 usu
972 554 1102 618 uersari.
1138 554 1212 618 olim
1286 593 1291 602 ·

102 677 191 758 enim,
215 677 243 741 si
266 678 387 742 iurem
411 679 576 760 agebatur,
599 697 673 742 reus
697 677 852 742 satisdare
868 678 1125 761 compellebatur,
1150 699 1213 760 qua

103 802 306 867 satisdatione
330 804 474 882 oauebat,
498 811 531 867 ut
554 803 581 866 si
603 803 705 867 uictus
729 821 786 866 neo
809 823 876 867 rem
899 802 999 886 ipsam
1023 803 1211 886 restitueret,

102 927 138 991 de
162 947 226 1008 qua
249 927 504 1008 conueniebatur,
528 946 585 991 neo
609 927 673 992 litis
689 927 948 1008 aestimationem,
973 929 1106 992 liberum
1130 935 1213 992 esset

102 1052 198 1116 actori
222 1059 277 1116 aut
299 1071 369 1116 oum
393 1071 431 1116 eo
455 1072 495 1116 ex
518 1051 669 1135 stipulatu
693 1071 789 1134 agere
813 1059 867 1115 aut
890 1071 959 1116 oum
975 1052 1212 1117 fideiussoribus
1251 1065 1266 1115 5

102 1176 177 1240 eius.
229 1177 452 1259 appellabatur
480 1183 584 1241 autem
613 1175 768 1246 eiusmodi
796 1175 960 1241 satisdatio
990 1175 1212 1241 »iudicatum

101 1301 233 1382 solui‹;
262 1301 344 1364 unde
369 1309 473 1366 autern
497 1301 542 1366 sio
563 1301 726 1384 appellata
749 1306 809 1382 est,
833 1300 927 1367 laoile
951 1308 998 1366 est
1020 1301 1213 1383 intellegere.

99 1425 309 1508 stipulabatur
347 1426 430 1490 enim
472 1433 561 1490 aotor
605 1425 664 1490 hoo
707 1425 815 1490 modo:
856 1425 1082 1509 ‘spondesne
1125 1425 1213 1490 mihi

101 1549 251 1614 soluere
285 1549 382 1629 quod
410 1549 527 1614 fuerit
554 1549 807 1630 iudioatum‘l’3
837 1549 968 1614 ethaeo
994 1525 1213 1629 quidersoum

101 1674 170 1755 quis
194 1695 250 1739 suo
280 1675 405 1738 nomine
433 1674 588 1739 astionem
616 1675 648 1738 in
676 1695 741 1738 rem
770 1675 938 1758 exoiperet.
984 1675 1081 1738 Multo
1110 1681 1268 1739 autem10

101 1799 202 1882 magis
229 1800 270 1881 is,
304 1799 359 1880 qui
386 1799 490 1864 alieno
525 1801 649 1864 nornine
677 1801 709 1863 in
737 1820 802 1864 rem
836 1799 992 1865 sotionem
1024 1799 1212 1883 exoipiebat,

100 1923 308 1988 iudioatum
347 1923 448 1988 solui
481 1924 717 1990 satisdationem
752 1931 914 2008 praestare
956 1924 1213 2008 compellebatur,

100 2057 229 2131 propter
266 2049 424 2130 regulam,
463 2068 544 2129 quae
584 2049 641 2114 ait:
678 2055 795 2114 ‘nemo
834 2048 916 2113 sine
955 2049 1212 2114 satisdatione

99 2173 256 2237 alienae
279 2173 336 2238 rei
359 2172 539 2238 defensor
562 2171 719 2237 idoneus
741 2173 1002 2254 intellegitur’.
1036 2173 1114 2238 haeo
1137 2193 1212 2236 uero

100 2298 185 2376 qnod
208 2297 250 2360 ad
274 2317 360 2361 reum
384 2297 528 2380 pertinet.
574 2297 634 2374 Qui
657 2298 690 2362 in
712 2318 779 2362 rem
803 2299 932 2380 agebat,
956 2298 983 2362 si
1007 2317 1063 2362 suo
1088 2298 1212 2362 nomine
1233 2307 1265 2357 15

99 2423 333 2504 experiebatur,
358 2422 474 2486 nullam
499 2422 736 2488 satisdationem
752 2423 828 2487 dare
845 2423 1102 2506 compellebatur.
1138 2442 1212 2502 quo·

99 2547 193 2611 modo
218 2545 300 2612 enim
324 2548 365 2612 ab
389 2567 436 2628 eo,
461 2549 514 2630 qui
537 2548 680 2612 dominus
704 2556 782 2628 erat,
807 2547 914 2612 oaneri
936 2547 1090 2630 potuisset
1112 2555 1213 2610 ratam

100 2691 165 2736 rem
194 2671 353 2736 dominum
388 2672 586 2736 habiturum?
620 2672 649 2737 si
682 2692 757 2740 uero
793 2673 896 2743 alieno
930 2671 1055 2736 nomine
1088 2673 1214 2754 agebat

98 2795 338 2861 satisdationem
362 2803 524 2878 praestare
542 2797 717 2876 iubebatur,
742 2816 824 2876 quae
844 2796 956 2861 dioitur
980 2801 1116 2860 »ratam
1139 2815 1214 2860 rom

99 2919 289 2983 dominum
305 2919 549 3002 habiturum«;
567 2939 629 3002 qua
645 2921 781 2985 oauebat
795 2919 899 2985 omnia
911 2939 992 3000 quae
1004 2920 1073 3002 ipso
1089 2920 1214 2984 lenisset
1233 2931 1268 2982 20

98 3042 164 3108 litis
189 3042 347 3108 dominum
370 3051 441 3108 rata
462 3044 613 3125 firmaque
629 3044 814 3109 habiturum.
853 3044 1022 3109 uerendum
1038 3045 1120 3108 enirn
1137 3052 1213 3126 erat,

97 3187 139 3231 ue
168 3168 251 3234 forte
279 3169 421 3233 dominus
449 3169 576 3234 adesset
604 3169 711 3234 dioens
739 3177 972 3252 proouratorem
999 3189 1063 3234 non
1091 3189 1130 3233 ex
1158 3188 1215 3232 sua

99 3293 264 3357 uoluntate
288 3293 403 3376 egisse,
428 3301 460 3358 et
482 3315 588 3358 rursus
613 3293 652 3357 de
676 3293 787 3359 eadem
810 3313 844 3358 re
869 3294 954 3358 litem
977 3293 1160 3374 institueret
1185 3298 1216 3358 et

100 3417 146 3482 ita
171 3417 242 3499 quis
257 3417 449 3484 inueniretur
467 3418 507 3484 de
523 3418 633 3488 eadem
649 3439 684 3484 re
700 3419 811 3486 iterum
827 3425 1008 3483 oonuentus.
1043 3424 1074 3481 et
1096 3423 1215 3481 tutores

100 3549 132 3606 et
169 3549 330 3608 ouratores
365 3543 476 3608 eodem
503 3542 611 3624 modo,
647 3561 707 3622 quo
740 3547 974 3626 proouratoras‚
1009 3539 1215 3604 satisdatione
1235 3552 1269 3603 as

100 3672 285 3748 onerantur,
310 3667 401 3732 siouti
424 3667 519 3732 edisti
542 3668 640 3732 uerba
664 3666 839 3732 ostendunt
879 3665 1033 3731 interdum
1056 3669 1162 3728 tamon
1178 3665 1217 3729 iis

100 3791 274 3873 agentibus
298 3791 462 3857 satisdatio
490 3792 669 3873 remittitur,
698 3811 767 3856 oum
791 3790 912 3855 soilioet
939 3809 1046 3854 eorum
1074 3788 1216 3854 oondioio
