2920 4750
560 381 798 446 -468-

95 567 220 636 tegere
244 575 389 638 coepero,
414 557 470 620 rei
493 557 689 621 iudicatae
706 557 889 640 exceptione
911 556 1060 639 expellar.
1099 559 1128 622 6.
1152 555 1239 620 Haec

126 680 270 762 exempla
301 681 452 745 hactenus
481 683 625 746 retulisse
656 681 784 762 sufficit,
822 701 860 745 ex
889 682 1001 761 quibus
1037 681 1239 764 exceptiones

125 811 302 868 nascuntur.
348 805 431 870 aliae
456 807 562 890 plures
586 813 658 871 sunt
685 827 815 885 causae,
844 826 926 888 quae
955 806 1157 889 exceptiones
1186 805 1239 868 ad-

125 929 256 1006 mittunt,
282 952 359 1010 eluas
384 932 507 1014 plenius
532 953 570 996 ex
592 932 723 1012 digestis
747 952 803 996 seu
826 931 990 1014 pandectis
1013 930 1239 1012 intellegemus.

92 1069 114 1117 7.
127 1059 152 1119 i.
171 1054 337 1118 Sciendum
361 1063 409 1121 est
425 1063 529 1120 autem
547 1057 766 1139 exceptionum
784 1056 937 1138 quasdam
954 1076 993 1120 ex
1010 1056 1133 1137 legibus
1155 1055 1239 1136 oriri,
1278 1071 1292 1120 o

124 1179 277 1260 quasdam
301 1201 340 1244 ex
365 1181 413 1245 his
442 1202 523 1263 quae
552 1182 632 1264 legis
661 1182 761 1246 uicem
790 1182 931 1264 optinent
959 1181 1072 1254 (ueluti
1099 1185 1240 1244 senatus·

124 1305 276 1369 consultis
300 1312 331 1369 et
348 1306 635 1390 constitutionibus)
652 1327 723 1371 esse
738 1307 943 1380 introductas,
968 1303 1121 1386 quasdam
1138 1305 1240 1388 ipsum
1267 1327 1269 1332 ’

90 1441 112 1492 a.
123 1436 301 1512 praetorem
317 1431 529 1515 proposuisse.
566 1435 594 1497 8.
610 1431 835 1514 Exceptionum
854 1431 1011 1511 quaedam
1035 1437 1240 1514 perpetuae

123 1559 205 1634 sunt,
222 1575 302 1636 quae
320 1562 351 1619 et
367 1555 646 1639 peremptoriae
662 1561 824 1636 uocantur,
843 1555 998 1635 quaedam
1010 1555 1240 1638 temporales

89 1691 111 1740 9.
123 1680 176 1742 uel
207 1679 422 1744 dilatoriae.
469 1683 497 1746 9.
521 1681 561 1744 Et
587 1681 869 1765 peremptoriae
893 1687 978 1761 suut,
1008 1700 1089 1761 quae
1118 1700 1242 1764 semper
1261 1693 1295 1742 lo

122 1805 232 1888 agenti
268 1808 408 1889 obstant,
445 1815 476 1872 et
511 1829 636 1892 semper
670 1808 842 1882 actionem,
877 1829 940 1888 qua
970 1809 1039 1890 ipse
1075 1806 1241 1888 experitur,

121 1939 304 2014 peremunt;
345 1931 388 2019 [et
425 1933 497 1997 idco
536 1933 582 1996 ita
619 1931 781 2018 uocantur]
822 1932 896 2014 quia
934 1937 1128 2014 peremunt
1169 1930 1240 1994 uim

123 2055 305 2138 actionis3
330 2058 404 2122 talis
428 2065 476 2122 est
499 2058 642 2141 exceptio
660 2059 724 2122 doli
741 2065 772 2122 et
787 2062 888 2121 metus
905 2064 937 2122 et
952 2057 1046 2140 pacti,
1071 2076 1141 2120 cum
1162 2057 1242 2119 inter

122 2200 172 2243 me
202 2187 235 2244 ct
269 2182 443 2246 debitorem
479 2184 674 2264 conuenerit,
710 2203 750 2247 ne
779 2183 903 2247 omnino
933 2184 973 2246 ab
1002 2201 1040 2246 eo
1075 2181 1241 2265 pecuniam

79 2313 246 2388 repetam.
296 2311 343 2372 10.
367 2307 612 2390 Temporalcs
641 2309 708 2372 siue
737 2307 941 2372 dilatoriae
976 2313 1060 2388 sunt,
1096 2305 1294 2386 quaeadm

121 2441 243 2494 eertum
266 2439 389 2515 tempus
413 2453 512 2514 usque
537 2434 654 2517 opponi
677 2442 824 2516 possunt,
854 2432 951 2496 ueluti
979 2431 1063 2514 pacti
1087 2429 1240 2513 exceptio,

120 2575 193 2620 cum
218 2555 300 2620 inter
326 2577 376 2622 me
405 2577 442 2622 ae
471 2563 502 2622 te
531 2578 634 2622 meum
663 2559 837 2623 debitorem
866 2557 1064 2638 conuenerit,
1092 2576 1132 2620 ne
1160 2555 1242 2620 intra

120 2681 368 2762 quinquennium
398 2703 418 2746 a
450 2688 481 2746 te
514 2684 679 2766 pecuniam
715 2690 830 2766 petam.
888 2682 970 2746 intra
996 2663 1088 2761 'quod
1120 2687 1242 2763 tempus

120 2807 232 2888 agenti
255 2807 331 2871 mihi
355 2813 531 2890 opponetur
554 2809 713 2892 exceptio:
744 2808 957 2890 quinquennio
986 2817 1092 2871 autem
1121 2807 1241 2889 elapso,

119 2930 331 3013 extinguetur.
377 2933 495 3013 itaque,
520 2933 564 2996 uti
581 2933 697 2996 dictum
713 2913 780 3014 ests
795 2932 915 2996 uolenti
930 2931 1005 2994 mihi
1021 2931 1104 2994 intra
1120 2937 1242 3013 tempus
1262 2948 1296 2998 20

118 3075 221 3138 agere
246 3056 391 3140 exceptio
415 3057 500 3140 pacti
516 3057 671 3140 praedicti
696 3063 872 3141 opponetur
896 3061 950 3120 aut
974 3056 1038 3119 alia
1055 3055 1172 3119 similis.
1212 3061 1243 3118 et

119 3171 208 3245 ideo
228 3201 284 3264 per
311 3181 556 3263 quinquennium
585 3189 754 3266 expectare
782 3181 898 3256 debeb,
932 3187 963 3245 ct
993 3187 1106 3264 postea
1138 3199 1242 3261 agere.

118 3306 195 3370 ideo
236 3313 341 3370 autem
387 3306 596 3370 dilatoriae
637 3307 851 3390 appellantur,
899 3305 975 3386 quia
1020 3305 1241 3368 dilationem

118 3430 283 3512 quandam
299 3431 433 3513 pariunt
468 3430 544 3513 quid
561 3437 665 3495 autem
682 3430 709 3494 ei
725 3431 808 3494 intra
824 3429 1068 3510 quinquennium
1085 3428 1241 3492 actionem

118 3554 324 3636 instituerim,
358 3555 437 3619 baec
472 3575 594 3618 mecum
630 3554 698 3638 ipse
727 3555 884 3636 cogitans:
922 3555 1002 3618 forte
1034 3554 1061 3617 si
1089 3554 1242 3635 obrepere
1261 3570 1294 3619 ab
