2884 4728
543 347 783 412 -397—

108 521 139 586 in
155 522 222 586 eius
245 520 456 608 patrimonio],
486 522 602 587 actioni
625 523 657 586 ui
680 523 833 588 bonorum
860 529 1020 606 raptorum
1049 519 1137 586 locus
1159 522 1220 586 fiet.

109 648 185 712 baec
205 655 309 712 autem
330 654 411 728 sunt,
435 667 567 730 quorum
582 668 640 712 nos
657 646 781 728 quidem
798 645 915 711 domiui
930 667 993 711 non
1006 666 1121 726 sumus,
1139 666 1220 726 quae

107 779 212 836 tamen
234 773 268 836 in
290 773 478 856 patrimonio
502 779 608 838 nostro
633 773 842 838 continentur:
866 777 900 837 ut
916 791 990 836 ecce
1007 771 1163 836 hominem
1179 771 1221 834 ab

107 897 216 978 aliquo
239 899 388 962 utendum
412 898 531 982 accepi,
555 903 609 964 aut
631 898 776 962 mercede
800 897 944 978 conduxi,
968 903 1022 962 aut
1045 896 1159 980 pignus
1182 916 1222 960 en

109 1022 208 1086 mutui
231 1042 328 1087 causa
352 1023 477 1106 accepi,
508 1032 635 1087 autres
664 1023 748 1107 apud
775 1042 825 1088 me
853 1021 999 1106 deposita
1026 1028 1088 1102 est,
1117 1022 1163 1086 ita
1188 1029 1223 1086 ut
1260 1037 1275 1088 5

105 1168 179 1212 mea
208 1147 342 1230 intersit,
370 1149 451 1214 hanc
480 1169 547 1214 rem
575 1147 650 1213 mihi
683 1169 747 1213 non
781 1147 885 1232 abripi
916 1148 1010 1230 idque
1045 1147 1161 1212 accidit
1195 1145 1222 1210 si

106 1273 286 1357 depositum
315 1274 474 1358 accipiens
501 1281 612 1358 pactus
636 1274 694 1339 sim
718 1295 767 1338 me
791 1274 914 1358 culpam
939 1293 1062 1354 quoqne
1090 1273 1223 1357 praesti·

103 1407 219 1462 turum.
260 1404 355 1482 pacta
378 1399 460 1463 enim
483 1406 698 1464 contractuum
722 1404 865 1464 naturam
888 1405 1008 1463 mutare
1036 1398 1154 1464 solent:
1184 1417 1222 1463 ex

105 1523 287 1588 huiusmodi
314 1524 396 1588 enim
425 1525 632 1589 conuentione
661 1524 797 1608 depositi
829 1523 953 1589 actione
985 1542 1048 1587 non
1081 1543 1119 1587 ex
1150 1521 1223 1588 dolo

102 1655 238 1730 tantum,
261 1656 310 1713 set
333 1669 372 1713 ex
396 1649 490 1732 culpa
513 1668 637 1731 quoque
660 1651 800 1715 tenebor.
845 1650 894 1714 sin
918 1656 1021 1713 autom
1050 1649 1134 1713 bona
1161 1648 1277 1712 fidolo

104 1793 175 1838 rem
198 1773 393 1856 possideam,
421 1773 474 1838 uel
501 1775 724 1839 usumfructum
747 1772 779 1838 iu
803 1793 836 1838 re
861 1774 966 1838 aliena
994 1775 1141 1856 habeam,
1172 1773 1223 1839 nel

105 1896 194 1978 quod
218 1897 305 1962 aliud
329 1898 387 1980 ine,
413 1904 447 1963 ut
461 1899 583 1964 intersit
598 1920 669 1964 mea
690 1921 760 1964 eam
777 1919 840 1963 non
856 1898 967 1984 abripi,
990 1904 1074 1964 recte
1092 1898 1223 1964 dicimus

104 2023 140 2086 in
165 2022 308 2087 omnibus
323 2023 409 2088 hisce
425 2024 551 2089 casibus
567 2025 598 2088 ei
614 2025 667 2105 qui
682 2026 825 2108 rapinam
838 2045 951 2108 passus
963 2031 1012 2090 est
1026 2025 1058 2088 ui
1072 2027 1223 2090 bonorum

106 2154 271 2232 raptorum
282 2148 438 2213 actionem
450 2157 637 2232 competere.
661 2150 785 2215 ethaeo
802 2169 883 2232 quae
900 2150 986 2216 dicta
1001 2159 1072 2215 sunt
1082 2151 1224 2235 optinent

107 2273 206 2337 otiam
230 2273 342 2338 sinon
366 2274 398 2337 in
422 2274 512 2339 bonis
535 2275 611 2354 eius,
635 2283 683 2339 set
706 2295 746 2338 ex
769 2276 860 2340 bonis
883 2281 1003 2340 tautum
1025 2294 1077 2340 res
1101 2275 1150 2339 sit.
1192 2282 1225 2338 at
1244 2289 1277 2342 15

109 2419 168 2483 per
200 2399 232 2462 ui
260 2405 420 2482 raptorum
453 2399 605 2470 bonorum
640 2401 794 2465 actionem
822 2421 885 2466 non
913 2400 1083 2465 dominium
1116 2418 1224 2464 conse·

110 2533 232 2606 quetur,
257 2523 339 2605 quod
363 2523 395 2589 in
418 2545 452 2588 re
468 2545 531 2588 non
547 2525 665 2606 habuit,
690 2533 738 2591 set
753 2524 830 2590 iilud
845 2533 973 2606 tantum,
997 2525 1080 2606 quod
1097 2545 1137 2588 ex
1157 2524 1224 2589 eius

110 2649 290 2713 substantia
313 2669 425 2713 reuera
449 2649 489 2713 sit
504 2649 655 2732 ablatum,
680 2649 762 2714 idest
777 2651 835 2731 ius,
861 2649 945 2730 quod
960 2650 992 2714 in
1008 2670 1041 2714 re
1063 2649 1092 2714 ci
1107 2649 1224 2714 fuerat:

113 2779 148 2837 ut
174 2793 248 2838 ecce
277 2774 304 2838 si
331 2775 555 2838 usumfructum
578 2775 629 2838 uel
653 2796 741 2839 usum
766 2776 797 2840 in
820 2796 854 2840 re
878 2775 987 2839 ablata
1009 2775 1172 2839 habuisset
1195 2780 1225 2838 et

110 2899 160 2962 eis
191 2919 249 2982 per
280 2898 425 2980 rapinam
454 2899 494 2962 sit
521 2899 702 2980 destitutus,
730 2901 763 2964 iu
796 2899 921 2964 eosdem
954 2900 1141 2964 restituetur.
1194 2908 1225 2962 et
1245 2911 1279 2962 20

111 3022 304 3104 generaliter
328 3022 493 3088 dicendum
518 3031 565 3088 est
589 3044 627 3087 ex
652 3024 765 3104 quibus
781 3025 885 3090 causis
901 3024 975 3088 furti
995 3045 1052 3088 noc
1068 3023 1224 3087 manifesti

111 3147 197 3210 actio
213 3147 373 3230 competit,
390 3169 429 3212 ex
446 3149 544 3213 isdem
561 3169 668 3213 omnes
685 3150 717 3212 ui
733 3151 884 3212 bonorum
897 3157 1056 3232 raptorum
1069 3149 1224 3214 actionem

111 3271 240 3337 habere.
