2926 4708
536 361 768 431 -215-

85 549 169 619 iacto
208 567 266 616 seu
298 547 371 614 dolo
403 548 528 614 heredis
546 549 624 614 ‘mei
656 548 800 614 decessit
862 547 1033 628 legatarius
1067 547 1214 618 damnum

85 667 213 734 sentiet
256 670 283 734 si
306 666 428 734 alienus
449 675 519 732 erut
546 684 657 733 seruus
679 675 775 746 atque
802 684 822 732 a
850 665 976 733 domiuo
1006 665 1216 730 manumissus

86 795 143 866 eet,
167 805 230 853 uon
246 805 284 852 ex
308 786 471 852 uoluntate
493 785 629 865 heredis,
652 787 703 851 uel
726 785 872 865 decessit,
895 803 957 851 nou
981 784 1141 851 tenebitur
1162 783 1216 850 he·

85 925 143 973 res.
184 907 235 972 sin
259 913 365 972 autem
387 906 513 971 heredis
536 924 662 972 seruum
685 906 743 971 tibi
766 905 878 988 legaui,
902 905 993 971 heres
1012 913 1121 978 ,autem
1144 923 1214 970 eum

86 1026 279 1104 manumisit
303 1026 403 1091 teneri
425 1025 520 1091 etiem
543 1025 689 1091 heredem
713 1023 856 1090 Iulianus
879 1024 989 1092 scribit
1011 1024 1053 1089 ed
1080 1023 1214 1104 pretium
1249 1037 1267 1087 s

85 1147 292 1226 soluendum
327 1163 428 1228 neque
460 1144 594 1211 interest
628 1145 734 1212 scierit
765 1162 805 1210 au
839 1145 1034 1226 ignorauerit
1061 1144 1216 1211 eiusmodi

85 1265 244 1331 hominem
266 1284 285 1330 a
307 1282 358 1330 rue
379 1260 476 1330 luisse
502 1262 651 1344 legatum.
701 1261 787 1328 idem
816 1270 866 1330 est
890 1263 984 1328 etiam
1011 1262 1040 1329 si
1067 1281 1125 1344 ego
1152 1282 1216 1330 ser·

87 1402 165 1450 uum
187 1401 252 1449 nou
274 1383 455 1460 manumisi,
484 1381 539 1447 elii
567 1389 673 1448 autem
701 1379 866 1446 bonafide
888 1383 1021 1461 domani,
1048 1383 1131 1447 idest
1153 1400 1216 1449 uon

86 1505 118 1568 iu
163 1501 307 1568 taudem
351 1500 515 1584 legatarii,
559 1509 592 1566 et
635 1501 690 1583 qui
733 1502 853 1582 accepit
895 1519 966 1566 eum
1014 1503 1214 1567 manumisit:

88 1631 165 1690 tuuc
187 1639 313 1703 quoque
335 1620 419 1686 euim
442 1621 510 1686 eius
528 1619 707 1686 aestimatio
730 1621 770 1686 ub
792 1621 907 1686 herede
929 1623 1082 1703 petictur,
1109 1637 1215 1701 quam-
1235 1628 1267 1681 lo

46 1743 139 1808 1⁷·uis
161 1741 355 1824 ignorauerit
377 1759 447 1806 eum
471 1759 541 1806 esse
561 1739 711 1824 legatum.
764 1740 813 1804 l'l.
847 1739 998 1806 Ancillam
1027 1758 1117 1806 suum
1144 1759 1214 1807 cum

89 1863 172 1928 natis
194 1861 261 1927 suis
284 1861 412 1942 quidam
434 1861 561 1942 legeuit,
584 1859 634 1924 his
656 1859 764 1926 uerbis
786 1877 877 1926 usus:
899 1859 1005 1926 Titio
1028 1859 1215 1932 ancillam

90 1999 171 2048 cum
195 1981 305 2046 uatis
326 1981 406 2048 suis
426 1980 522 2060 lego.
567 1981 642 2046 uiuo
663 1985 831 2057 testatore,
857 1978 971 2046 ancille
993 1979 1138 2047 decessit
1183 1981 1215 2047 iu

91 2119 128 2166 sa
148 2100 275 2181 quidem
298 2098 492 2180 extinguitur
513 2099 661 2198 legatum,
684 2101 716 2164 in
744 2099 827 2166 uatis
848 2106 955 2165 autem
983 2097 1086 2177 ualet,
1115 2115 1217 2180 neque

92 2237 160 2285 cnm
181 2219 254 2300 ipsa
275 2218 395 2284 subolis
416 2235 541 2301 quoque
567 2220 651 2302 perit
676 2218 824 2302 legatum.
869 2217 989 2284 Seruus
1018 2236 1107 2284 meus
1134 2216 1268 2284 ordi-1⁶

92 2339 198 2404 uarius
221 2337 348 2412 dicitur,
370 2337 438 2404 eius
460 2343 566 2403 autem
588 2337 724 2404 lemnius
745 2337 836 2404 audit
857 2338 1005 2405 moeriua.
1051 2356 1121 2404 cunr
1144 2337 1216 2419 quis

93 2476 217 2526 seruum
241 2457 367 2526 nomine
389 2455 529 2524 Stichum
556 2457 702 2537 haberet,
731 2461 785 2541 qni
811 2458 948 2526 uicarios
970 2457 1117 2537 haberet,
1141 2459 1218 2525 milri

92 2578 282 2646 ordinarium
309 2595 384 2646 cum
412 2578 539 2644 uiuariis
566 2577 696 2659 legauit
747 2578 883 2645 decessit
911 2579 1104 2661 ordinarius,
1132 2580 1218 2663 lega·

92 2707 220 2780 tumque
247 2700 332 2781 quod
363 2700 404 2766 ad
432 2699 626 2766 ordinarium
654 2697 843 2778 extinctum,
870 2698 903 2764 iu
931 2671 1058 2776 uiuariis
1088 2699 1217 2768 ualebit

93 2819 168 2886 haec
196 2820 255 2887 tibi
283 2821 419 2904 primum
449 2825 615 2901 perspecta
645 2820 718 2885 sint.
767 2819 922 2901 quaedam
949 2837 1002 2884 roe
1029 2818 1217 2902 principales
1234 2829 1269 2882 uo

93 2945 176 3017 suut,
196 2940 354 3020 quaedam
376 2940 569 3006 accessorius
592 2945 624 3004 et
645 2944 802 3022 quatenus
823 2937 1012 3022 principales
1026 2938 1215 3019 subsistunt
1240 3021 1251 3032 .

94 3056 262 3124 subsistere
282 3072 408 3140 quoque
423 3058 616 3125 accessorius
630 3057 870 3138 intelleguntur3
893 3055 954 3123 illis
976 3075 1052 3124 uero
1074 3058 1217 3134 sublatis,

95 3174 200 3242 stltae
214 3177 452 3258 extinguuntur.
477 3181 512 3242 ut
526 3193 599 3243 ecce
620 3195 672 3242 res
693 3175 875 3260 priucipdis
898 3195 1011 3244 seruus
1033 3183 1090 3254 est,
1113 3194 1217 3244 acces·

94 3294 179 3359 soria
195 3301 302 3364 autem
324 3294 490 3378 pecudium.
513 3313 607 3364 sarno
629 3311 705 3362 uero
729 3303 854 3364 mortuo
877 3295 929 3364 uel
951 3295 1143 3362 manumisso
1165 3291 1217 3360 uel
