2870 4716
537 329 767 392 -348-

101 515 255 581 fideiussor
281 521 366 582 recle
393 516 452 582 sub
475 515 667 594 condicione,
696 534 758 580 non
785 520 870 580 reete
899 519 1004 580 tamen
1031 535 1109 598 pune
1136 535 1207 598 pro-

100 635 201 700 mittit:
225 653 327 717 neque
348 635 429 701 enirn
449 635 550 701 solum
572 637 604 699 in
626 634 804 716 quantitate
825 640 875 700 set
896 635 991 700 etiam
1013 636 1045 699 in
1067 638 1207 717 tempore

99 755 161 837 plus
184 759 217 819 et
237 755 339 819 minus
366 755 503 836 intellegi
531 759 664 838 oportet.
709 754 780 837 plns
802 754 937 819 etenim
960 755 1066 820 statim
1089 755 1207 838 ahquid

65 879 85 928 6.
100 874 182 938 dare:
205 875 307 939 minus
330 879 403 956 post
421 879 545 955 tempus
568 873 652 938 dare.
687 875 715 937 6.
739 873 921 939 Fideiussor
942 875 969 939 si
990 894 1048 956 pro
1071 893 1125 939 reo
1147 873 1207 941 sol-

99 1001 150 1059 uat
169 995 247 1073 eius,
270 993 354 1076 quod
377 993 517 1073 soluerit
540 994 735 1076 reciperandi
750 1013 846 1059 eausa
858 994 955 1059 habet
975 1012 1046 1060 eum
1062 1013 1099 1060 eo
1122 998 1240 1060 man-5

62 1117 80 1168 ⁷·
97 1113 155 1180 dati
177 1115 340 1180 actionem.
386 1117 415 1176 7.
439 1112 558 1180 Graece
585 1112 750 1180 fideiussor
777 1114 962 1196 plerumque
988 1114 1033 1179 ita
1058 1113 1206 1197 spondet:

100 1236 149 1320 »τῇ
171 1233 230 1319 ἐμῇ
254 1232 349 1296 πίστει
368 1231 502 1296 relatio«
532 1230 652 1297 »bela«
682 1232 810 1314 »leym«.
846 1237 895 1298 set
916 1233 942 1300 si
961 1235 1075 1321 »φημὶι
1094 1233 1208 1300 dixerit

60 1354 219 1436 aperinde
241 1353 303 1420 erit
330 1372 367 1418 ao
396 1354 423 1419 si
446 1353 559 1420 dixerit
589 1353 679 1435 λέγω.
725 1354 753 1418 8.
784 1354 820 1417 lu
849 1353 1104 1437 stipulationibus
1133 1353 1208 1420 lide-

94 1475 247 1540 iussorum
270 1473 429 1540 sciendum
445 1479 494 1539 est
509 1473 728 1555 quodcumque
747 1473 838 1554 quasi
854 1480 959 1540 actum
981 1473 1133 1557 seriptum
1154 1475 1205 1552 sit

93 1595 343 1677 praesumptione
365 1593 443 1658 iuris
459 1597 564 1658 aetum
586 1592 695 1658 uideri.
730 1592 863 1675 ideoque
885 1597 1009 1659 constat
1030 1593 1058 1658 si
1078 1595 1149 1675 quis
1171 1612 1206 1660 se
1227 1605 1257 1656 lo

92 1715 250 1798 scripserit
271 1713 470 1791 fideiuss'mse
494 1713 599 1778 omnia
620 1712 783 1777 sollemnia
809 1718 938 1795 peraeta
963 1713 1079 1794 uideri3
1105 1714 1205 1780 ueluti

91 1835 316 1917 interrogatum
338 1853 409 1901 eum
436 1853 505 1900 esse
526 1839 678 1916 tanquam
700 1832 929 1914 fideiussorem,
956 1840 989 1900 et
1009 1834 1112 1918 ipsum
1135 1854 1207 1901 oon·

91 1963 237 2038 gruenter
258 1957 448 2041 promisisse

293 2541 339 2605 De
360 2539 539 2606 litterarum
562 2541 760 2622 obligatione.
805 2540 928 2605 Titulus
952 2543 1001 2604 21.

169 2694 250 2759 Post
279 2695 448 2759 uerborum
477 2693 698 2774 obligationem
725 2693 764 2758 de
792 2694 971 2759 litterarum
993 2694 1202 2777 dispiciamus.

88 2813 266 2878 litterarum
295 2813 444 2894 obligatio
470 2813 544 2878 olim
571 2813 650 2878 hano
677 2811 887 2878 definitionem
909 2813 1092 2897 recipiebat:
1122 2814 1205 2879 litte-
1225 2821 1255 2870 ¹5

86 2954 192 2999 rarum
216 2934 365 3016 obligatio
392 2941 442 3000 est
463 2939 556 3000 uetus
580 2934 720 3000 debitum
742 2937 774 3000 in
803 2954 919 3000 nouum
950 2941 1094 3000 mutuum
1122 2935 1204 3000 adsi·
1330 2919 1334 2930 ’

85 3027 231 3118 miletum
253 3053 358 3120 uerbis
381 3058 413 3119 et
434 3056 592 3137 scriptura
613 3052 799 3120 formulatis.
845 3055 871 3120 si
894 3055 976 3120 enim
999 3055 1069 3136 quis
1091 3073 1203 3120 aureos

86 3173 192 3240 decem
216 3174 292 3238 milri
313 3173 442 3240 deberet
464 3192 500 3238 ex
523 3175 679 3257 emptione
706 3175 757 3239 uel
779 3194 817 3240 en
838 3155 992 3240 locatione
1021 3175 1073 3239 nel
1094 3179 1203 3238 mutuo

84 3294 133 3359 uel
157 3293 363 3375 stipulatione
386 3294 506 3378 (plures
529 3295 610 3360 enim
625 3299 700 3359 sunt
714 3294 847 3360 debendi
869 3295 1006 3376 causae),
1029 3294 1204 3375 pellemque

84 3432 154 3480 enm
164 3413 347 3480 litteramm
359 3413 548 3495 obligatione
561 3413 669 3491 teneri,
686 3433 813 3481 neeesse
829 3420 899 3480 erat
912 3415 971 3480 hoe
987 3413 1086 3480 uerba
1100 3413 1203 3478 dicere
1219 3429 1254 3479 ao
