2876 4712
502 336 735 402 -286-

35 545 53 594 s.
69 524 143 590 enuit
164 543 202 588 ex
223 521 271 588 III
293 523 402 590 ordine
415 527 559 606 ‘amatos
583 523 612 587 3.
637 523 740 589 Habet
761 543 837 589 uero
852 525 964 589 tertius
979 523 1056 590 ordo
1078 522 1172 588 etiam

67 643 152 708 filium
175 642 385 722 adoptandum
409 644 527 719 datum,
550 659 620 706 cunr
644 640 721 706 uelit
747 640 787 707 ad
810 642 962 706 naturalis
984 645 1083 722 petris
1105 661 1173 724 per-

34 769 51 816 ι
66 764 161 827 uenire
183 763 418 830 successionem.
462 763 492 826 4.
528 762 641 826 Mulier
662 763 815 841 quaedam
837 761 932 843 uulgo
959 761 1117 844 quaesitos
1139 760 1174 825 fi·

65 882 115 948 lios
136 883 257 948 habuit:
281 902 341 948 oon
364 883 481 948 habent
502 879 535 946 hi
556 882 708 947 aduersus
739 880 893 961 quendam
921 879 1060 962 legitima
1087 883 1171 946 iura:

64 1004 199 1081 adgnatio
228 1003 309 1067 enim
340 1022 359 1066 a
386 1013 475 1084 petre
505 1002 716 1084 cognoscitur,
745 999 776 1064 hi
807 1019 882 1066 uero
912 1008 1031 1081 patrem
1058 1000 1174 1066 nabere
1207 1011 1225 1061 o

64 1141 114 1187 non
145 1121 378 1203 intelleguntur.
427 1122 535 1204 itaque
567 1140 667 1203 neque
700 1121 759 1187 sibi
792 1122 922 1188 inuicem
953 1123 1173 1205 consanguinei

63 1241 231 1324 suntquis
253 1243 524 1323 consanguinoitas
539 1241 736 1324 cognationis
754 1242 872 1324 species
894 1246 958 1308 est:
981 1243 1174 1323 cognationis

63 1371 154 1427 autem
177 1363 248 1427 iura
271 1362 366 1442 uulgo
396 1360 530 1442 quaesiti
559 1359 674 1426 iratres
702 1362 833 1427 inuicem
861 1363 918 1426 sibi
948 1362 1173 1443 praescierunt,

62 1482 140 1546 sicuti
167 1489 200 1549 et
228 1499 306 1562 erga
334 1501 440 1547 omncs
473 1501 529 1564 per
562 1489 691 1548 matrem
725 1483 784 1546 sibi
818 1489 908 1548 notos
940 1490 1098 1564 cognatos.
1141 1482 1174 1548 hi

62 1610 152 1665 antem
176 1621 214 1665 ex
238 1603 331 1666 tertio
354 1601 472 1666 adeunt
493 1601 609 1666 ordine.
639 1601 734 1682 igitur
756 1603 867 1666 tertius
890 1603 967 1665 ordo
989 1620 1009 1666 a
1031 1610 1173 1684 praetore
1195 1602 1226 1654 ¹⁰

61 1722 244 1802 excogitatus
267 1722 418 1788 continet:
442 1723 594 1802 adgnatos
617 1721 671 1802 qui
694 1723 803 1804 capitis
826 1723 910 1806 passi
933 1731 1006 1788 sunt
1034 1723 1173 1789 deminu-

60 1843 173 1920 tionem,
197 1842 335 1920 excentis
350 1841 509 1919 iratribus,
533 1860 703 1924 eorumque
725 1842 849 1920 liberos,
870 1845 944 1908 item
967 1844 1095 1925 eosqui
1118 1863 1173 1926 per

61 1961 185 2026 feminini
208 1981 304 2028 sexus
326 1979 475 2044 personas
498 1963 588 2026 nobis
609 1964 796 2045 iunguntur,
826 1961 986 2046 filiumque
1016 1966 1047 2028 in
1078 1965 1174 2046 odop-

61 2083 116 2147 tioo
137 2089 309 2146 morantem
333 2081 451 2147 familis
479 2084 560 2163 patri
586 2089 691 2148 autem
720 2101 777 2148 suo
808 2084 974 2149 succedere
996 2086 1172 2166 cupientem

61 2208 87 2265 et
105 2203 197 2283 uulgo
222 2204 397 2285 quaesitos:
425 2203 539 2282 quibus
568 2201 712 2268 omnibus
740 2202 947 2284 proximitatis
975 2204 1097 2270 nomine
1120 2205 1224 2270 b0.1o

61 2338 157 2386 norom
181 2323 411 2405 possessionem
439 2323 520 2389 unde
550 2321 674 2405 cognati
704 2329 830 2404 praetor
858 2321 1036 2404 pollicetur,
1065 2323 1095 2388 id
1125 2333 1174 2393 est

62 2459 112 2504 non
134 2461 244 2508 omnes
267 2441 359 2506 simui
382 2449 431 2508 εει
459 2443 654 2524 proximioris
683 2443 801 2524 gradus
829 2444 1043 2508 tantummodo
1070 2461 1172 2524 perso·

31 2576 49 2624 ε.
63 2577 109 2622 nas
127 2579 256 2626 uocans.
301 2561 331 2624 5.
365 2557 442 2626 Cum
466 2561 571 2642 plures
593 2562 655 2626 sint
677 2559 760 2628 inter
781 2560 935 2642 adgnatos
962 2569 1174 2642 cognatosque

62 2678 255 2759 differentiae,
277 2679 355 2744 hacc
378 2699 501 2762 quoque
522 2681 563 2744 iis
586 2679 731 2746 addenda
752 2687 808 2746 est.
859 2682 885 2744 si
905 2680 976 2763 quis
1005 2683 1173 2746 intestatus

63 2798 211 2878 moriatur,
234 2799 304 2866 eius
326 2801 480 2882 adgnatos
502 2802 541 2866 ad
565 2804 791 2868 successionem
813 2801 979 2866 uocabitur
1001 2801 1051 2866 uel
1073 2801 1098 2865 si
1121 2802 1174 2868 de·
1191 2793 1225 2844 2⁰

62 2919 130 2983 cimo
151 2921 253 3000 gradu
276 2921 327 2998 sit,
351 2926 516 3002 potestque
537 2921 625 2985 adire
646 2939 683 2987 ex
705 2919 769 2985 XII
795 2921 924 3000 tabuiis,
947 2922 998 2986 uei
1021 2923 1172 2987 bonorum

62 3043 278 3120 possessionem
305 3042 423 3106 »unde
442 3039 644 3123 legitimi«
675 3061 712 3108 ex
740 3042 895 3123 praetorio
924 3043 1025 3108 edicto
1056 3049 1172 3124 petere.

63 3159 173 3227 sineru
196 3161 354 3243 adgnatos
375 3181 435 3226 uon
459 3168 553 3240 extet,
575 3168 624 3228 εει
646 3169 766 3228 tantum
790 3164 913 3246 cognati
942 3163 1096 3237 defuncto,
1120 3161 1174 3226 da·

63 3279 136 3345 bitur
165 3283 209 3346 eis
240 3281 393 3347 bonorum
422 3281 578 3363 possessio
610 3283 967 3362 »undecagoni«,
995 3281 1047 3363 qui
1076 3296 1172 3359 usque
