2884 4728
530 371 772 434 -369—

101 547 138 610 ita
158 545 279 629 pariter
301 545 409 610 debito
430 545 654 610 exonerabitnr
670 544 770 629 (dedit
794 544 876 608 enim
892 545 1054 609 uoluntate
1071 545 1211 628 domini).

101 671 146 752 qui
170 671 253 735 enim
277 689 369 734 seruo
393 690 450 734 suo
473 669 618 734 fenerare
641 667 802 754 permittit,
827 669 855 732 is
878 668 1002 733 uidetur
1018 669 1211 734 debitoribus

100 797 275 860 facultatem
309 794 386 859 dare
416 793 519 859 eidem
547 793 759 878 dispensatori
788 793 941 858 soluendi.
986 794 1065 858 haee
1093 793 1211 875 utiquc,

99 920 243 1002 quamdiu
278 919 421 983 dominus
457 920 490 983 in
527 919 639 984 eadem
675 919 832 983 sententia
864 939 942 1000 erga
970 919 1058 982 illum
1087 937 1212 982 seruum

100 1045 362 1129 perseuerauerit:
387 1065 460 1108 nam
486 1044 513 1110 si
536 1045 730 1110 uoluntatem
746 1044 922 1126 mutauerit,
945 1063 1008 1108 non
1023 1051 1109 1108 recte
1126 1043 1212 1106 dcbi-
1250 1059 1264 1110 5

97 1181 178 1235 tores
201 1169 232 1234 ei
255 1170 388 1234 soluunt.
422 1168 496 1250 quid
520 1187 595 1252 ergo
619 1168 647 1232 si
671 1168 921 1251 dispensatorem
938 1167 1082 1232 dominus
1105 1187 1212 1231 manu-

98 1295 214 1358 miserit
229 1301 261 1358 et
276 1293 426 1376 deinceps
449 1292 574 1356 debitor
596 1292 726 1357 soluerit
748 1293 778 1356 ei
801 1292 983 1375 pecuniam,
1008 1312 1081 1354 num
1106 1291 1211 1355 debito

98 1417 268 1482 liberatur?
298 1423 330 1483 et
354 1417 462 1481 stricta
486 1416 611 1497 quidem
634 1417 711 1481 iuris
733 1417 857 1481 ratione
879 1436 943 1480 non
967 1415 1062 1480 debet
1084 1415 1214 1480 liberari

98 1563 162 1606 cum
188 1542 243 1606 alii
267 1541 398 1606 soluerit
421 1561 514 1622 quam
539 1542 590 1605 cui
612 1542 766 1625 pecuniae
791 1542 935 1605 dominus
951 1541 1094 1605 uoluerit.
1127 1561 1213 1604 nam·

98 1687 249 1748 quocum
278 1687 349 1730 cum
378 1667 608 1748 manumiserit,
639 1667 746 1749 palam
776 1671 823 1730 est
849 1667 946 1730 talem
970 1665 1009 1730 de
1037 1685 1075 1730 eo
1104 1665 1267 1734 colun-10

96 1798 191 1856 tatem
215 1791 401 1856 deseruisse.
437 1797 485 1855 set
509 1811 579 1856 cum
603 1791 774 1856 absurdum
798 1791 839 1854 sit
854 1790 1052 1874 probabilem
1067 1790 1213 1873 ignorau-

96 1916 170 1980 tiam
204 1916 350 1980 damnum
384 1915 519 1981 soluenti
552 1914 680 1996 afferre,
716 1915 836 1998 placuit
871 1935 941 1979 eum
978 1914 1116 1978 naturali
1145 1914 1213 1978 iure

97 2041 290 2124 obligatione
313 2041 460 2105 liberare.
513 2039 593 2104 sicut
616 2040 712 2122 igitur
735 2039 767 2104 in
790 2038 1008 2123 dispensatore
1032 2045 1142 2103 contra
1165 2038 1213 2102 ius

95 2165 236 2229 strictum
253 2165 429 2248 probabilis
445 2164 624 2248 ignorantia
647 2164 785 2248 prodest,
809 2164 854 2228 ita
877 2164 982 2246 etiam,
1006 2164 1155 2227 mandato
1178 2183 1213 2227 re

95 2288 197 2353 adbuc
222 2290 347 2371 integra
362 2310 420 2372 per
435 2289 614 2354 mandantis
630 2295 762 2354 mortem
783 2289 897 2370 solute,
920 2289 1062 2353 mandati
1086 2293 1212 2370 agetur:
1234 2307 1266 2357 15

94 2419 225 2496 propter
248 2413 381 2477 eandem
405 2413 525 2478 scilicet
549 2414 713 2494 rationem,
741 2413 823 2478 idest
844 2413 1040 2497 probabilem
1067 2412 1213 2495 ignoran-

44 2554 80 2604 11.
94 2537 180 2601 tiam.
219 2540 267 2604 11.
291 2537 475 2602 Mandatum
498 2538 575 2602 mibi
597 2538 735 2603 delatum
759 2538 833 2604 licet
855 2538 931 2603 mihi
951 2557 1014 2602 non
1037 2537 1212 2620 susciperc3

91 2669 273 2744 susceptum
297 2682 373 2728 uero
398 2681 615 2728 consummare
639 2662 740 2728 debeo
766 2670 820 2728 aut
843 2683 936 2744 quem
953 2663 1086 2746 primum
1102 2681 1214 2727 renun-

88 2783 183 2866 tiare,
207 2793 242 2850 ut
264 2785 433 2852 mandator
456 2795 510 2852 aut
523 2808 582 2871 per
598 2787 811 2871 semetipsum
827 2794 881 2851 aut
895 2807 953 2870 per
968 2787 1064 2851 alium
1081 2787 1214 2852 eandem

87 2929 157 2975 rem
177 2918 361 2993 exequatur.
395 2932 470 2976 nam
485 2913 547 2978 nisi
562 2912 608 2976 ita
623 2912 857 2994 renuntiaucro‚
881 2911 963 2976 utin
979 2912 1101 2994 integro
1118 2932 1214 2995 nego·
1233 2930 1268 2982 20

88 3033 170 3099 tium
194 3037 372 3101 mandatori
395 3045 584 3120 reseruetur,
609 3037 663 3119 qui
686 3037 718 3101 id
741 3037 838 3102 nihilo
863 3037 964 3102 minus
981 3039 1101 3119 absque
1122 3037 1214 3101 detri-

86 3167 201 3226 mento
224 3161 376 3245 perficere
393 3163 503 3246 possit,
527 3161 670 3227 mandati
692 3162 833 3229 tenebor.
868 3161 942 3244 quid
959 3181 1035 3245 ergo
1053 3162 1121 3226 est?
1154 3162 1215 3226 iter

88 3283 134 3348 ad
160 3286 320 3366 quandam
343 3288 505 3370 regionem
529 3307 616 3352 eram
639 3287 793 3352 facturus:
817 3287 947 3352 uolebat
966 3287 1067 3351 Titius
1090 3293 1122 3350 et
1145 3287 1213 3369 ipse
