2932 4704
531 342 762 410 -108-

101 529 234 596 iutiuan
268 524 383 608 habet,
421 531 489 596 siue
522 528 590 612 ipsc
621 529 673 596 iur
706 532 928 598 uestimentum
960 531 1105 612 parauit,
1139 533 1207 600 siue

101 649 168 715 aiter
188 649 343 731 subripuit
369 655 402 714 ct
428 648 510 715 aiter
539 651 721 730 subreptam
750 665 920 731 purpuram
949 650 1085 716 intexuit
1112 655 1208 717 uesti-

100 773 198 834 mento.
241 770 273 833 iu
307 786 372 834 rem
405 768 488 834 enim
521 785 616 850 agere
643 769 751 849 nequit
779 786 938 850 purpurae
970 771 1131 836 domiuus:
1161 775 1207 836 ui·

100 886 179 952 detur
220 887 302 952 enirn
346 903 487 968 purpura
537 905 607 952 esse
653 888 882 968 quodammodo
927 889 1083 967 extincta,
1136 908 1206 956 curn

98 1026 144 1088 per
179 1012 278 1071 semet
309 1006 409 1087 ipsam
442 1025 503 1072 uon
536 1007 670 1089 amplius
710 1008 845 1074 existat:
886 1007 1068 1074 condicatur
1101 1015 1205 1076 tamen
1240 1005 1257 1056 ⁶

96 1129 205 1195 annno
241 1145 261 1192 a
298 1125 378 1194 iure.
441 1143 513 1192 nom
557 1126 631 1192 licet
665 1127 822 1192 extinctae
861 1145 913 1192 res
955 1145 1011 1208 per
1052 1127 1205 1194 actionem

97 1248 201 1314 iurem
224 1246 380 1312 uindicari
402 1265 462 1312 non
485 1247 615 1328 possint,
638 1265 658 1310 a
680 1245 802 1312 iuribus
825 1251 857 1312 ct
878 1246 918 1312 ab
941 1246 1085 1312 omnibns
1100 1263 1207 1328 posse·

95 1366 220 1431 secribus
242 1365 364 1432 cundici
387 1369 527 1447 possunt
552 1369 601 1430 cat
622 1363 650 1429 si
671 1363 722 1429 inr
744 1365 811 1444 ipse
833 1371 882 1430 est
904 1365 958 1445 qni
980 1365 1204 1431 uestimentum

95 1501 219 1566 purpura
240 1489 388 1549 ornatum
415 1484 571 1565 possidet,
598 1487 630 1548 et
652 1481 775 1548 actione
804 1489 837 1548 ot
865 1483 1060 1550 condictione
1088 1483 1206 1552 furtiua

95 1605 296 1682 conueniatur,
319 1603 345 1668 si
368 1603 450 1668 alins
472 1609 599 1682 praeter
620 1601 720 1667 iurem
749 1602 944 1670 condictione
971 1601 1090 1668 furtiua
1118 1577 1203 1670 tene·
1224 1605 1257 1656 1⁰

54 1723 173 1802 iibitur,
195 1742 257 1791 non
282 1724 376 1790 etiarn
398 1721 476 1788 furti
497 1724 629 1788 actione.
674 1723 723 1785 27.
755 1721 897 1789 Duorum
919 1725 1068 1790 materiae
1090 1744 1128 1790 ex
1149 1743 1204 1790 no

93 1841 200 1910 lentate
222 1843 422 1920 dominorum
445 1840 593 1909 confusae
615 1847 705 1907 snntt
734 1849 836 1908 totum
862 1843 896 1908 id
924 1861 1037 1925 corpus
1059 1841 1143 1924 qnod
1166 1863 1203 1908 ex

94 1960 259 2027 contusione
283 1959 319 2026 fit
342 1961 506 2043 utriusque
527 1961 589 2026 erit
610 1977 788 2043 communc3
811 1959 910 2026 ueluti
933 1961 959 2025 si
982 1961 1044 2027 duo
1066 1961 1203 2043 qnidam,

95 2079 187 2144 uinum
208 2097 304 2146 suum
326 2077 525 2145 contuderint
546 2086 602 2144 aut
624 2095 745 2156 massas
766 2081 889 2160 argenti
911 2086 943 2146 et
964 2081 1035 2145 auri
1051 2077 1202 2146 continue·

94 2197 154 2260 rint
179 2203 226 2264 set
247 2199 277 2264 si
301 2197 445 2264 diuersae
468 2196 619 2264 materiae
640 2198 704 2262 sint
725 2215 858 2280 quarum
882 2197 1022 2264 confusio
1045 2199 1203 2281 propriam
1226 2202 1256 2253 15

94 2317 234 2392 quondm
256 2315 393 2395 speciem
417 2315 570 2394 effecerit,
593 2315 691 2381 ueluti
714 2337 751 2382 ex
774 2317 847 2381 nino
877 2323 910 2383 et
939 2318 1030 2383 melle
1058 2316 1202 2395 mulsum,

95 2432 136 2497 uei
157 2452 191 2500 ex
211 2453 292 2500 auro
323 2440 515 2516 argentoque
543 2435 708 2514 electrum,
739 2443 814 2502 tunc
843 2437 936 2502 etiarn
965 2436 1104 2503 dicimus
1121 2455 1204 2503 com·

93 2544 203 2618 nonem
225 2572 297 2620 esse
321 2554 485 2634 utriusque
507 2555 642 2636 speciem
664 2559 887 2636 comparatum.
932 2557 1009 2620 haec
1032 2573 1107 2622 uero
1130 2575 1204 2638 quo

92 2671 161 2736 tiens
182 2691 219 2737 ex
241 2674 409 2738 uoluntate
431 2672 627 2738 dominorum
650 2674 681 2737 id
703 2673 819 2738 iactum
842 2679 906 2754 est3
933 2673 961 2738 si
989 2693 1065 2740 uero
1093 2671 1203 2740 fortui-

91 2794 120 2852 tu
140 2792 169 2855 et
195 2790 309 2856 inuitis
340 2791 472 2856 dominis
500 2788 649 2856 confusae
677 2791 796 2857 tuerint
821 2792 974 2857 materiae
1000 2811 1056 2856 seu
1083 2792 1203 2858 diuersi
1220 2802 1255 2854 20

52 2905 138 2972 ii-seu
158 2910 298 2974 eiusdem
322 2909 460 2991 generis,
490 2911 571 2975 idern
599 2909 762 2990 optinebit.
808 2909 859 2974 28.
893 2911 1010 2989 Quodsi
1039 2910 1113 2976 Titii
1140 2911 1202 2976 iru-

90 3033 215 3093 neutum
238 3035 297 3095 tuo
319 3027 476 3094 frumento
506 3028 637 3094 mixtum
667 3028 778 3108 fuerit,
807 3037 839 3096 et
868 3048 950 3095 nnus
977 3029 1078 3096 iactus
1106 3030 1202 3096 inerit

91 3163 220 3228 acernus,
244 3149 273 3214 si
296 3148 422 3230 quidem
444 3168 482 3214 ex
504 3148 668 3215 uoluntate
690 3155 812 3228 uestra,
841 3149 1012 3215 communis
1035 3149 1097 3214 erit
1118 3167 1204 3214 acer·

91 3283 151 3343 uus,
171 3269 246 3348 qnia
268 3266 394 3348 singula
416 3285 557 3350 corpora,
580 3269 610 3333 id
634 3275 682 3334 est
704 3268 827 3350 singola
849 3286 958 3350 grana,
982 3287 1019 3332 ex
1050 3285 1204 3334 consensu

90 3389 183 3452 uatro
204 3385 437 3452 communicata
459 3393 542 3452 sunt
585 3387 696 3469 quodsi
719 3405 793 3454 casu
815 3387 849 3453 id
871 3387 1002 3452 mixtum
1024 3385 1130 3464 inerit,
1153 3386 1203 3450 nel
1221 3387 1255 3439 25

91 3501 181 3570 Titius
201 3505 396 3571 frumentum
420 3503 582 3571 miscuerit
603 3505 670 3571 sine
693 3507 858 3572 uoluntate
881 3514 946 3583 tua,
970 3523 1032 3571 non
1047 3506 1108 3572 erit
1122 3525 1204 3572 conr·

91 3623 180 3689 nonis
201 3641 340 3690 aceruus
364 3625 439 3706 quia
460 3625 584 3706 singula
598 3641 696 3707 grana
724 3625 756 3690 in
786 3641 844 3690 sua
871 3625 988 3690 durant
1014 3624 1202 3702 substantia,

92 3757 178 3822 neque
200 3761 239 3810 ea
263 3743 373 3808 mixtio
396 3745 539 3810 mutauit.
585 3745 690 3824 itaque
712 3763 773 3810 non
804 3742 858 3810 fiet
884 3744 916 3810 in
947 3743 1099 3811 eiusmodi
1128 3763 1204 3812 casu
