2932 4704
530 329 763 392 -109-

105 516 259 584 communis
282 535 430 594 aceruus,
453 515 546 582 sicuti
569 522 601 580 et
621 533 698 595 grex
725 532 786 579 non
809 513 1089 580 communicabitur
1110 511 1139 578 si
1160 531 1211 594 pe·

106 643 238 702 curatae
259 632 332 699 Titii
355 635 520 717 pecoribus
544 635 641 700 mixta
663 634 789 700 luerint.
813 633 841 698 si
864 651 939 699 uero
957 631 1104 698 frumeuti
1126 649 1212 697 acer·

106 773 154 818 uus
174 753 221 818 nel
243 773 262 817 a
286 762 317 818 te
340 753 390 818 uel
413 773 432 819 a
453 754 534 820 Titio
558 755 740 829 retineatur,
758 752 910 818 alteruter
932 752 963 816 in
987 771 1059 816 enm
1073 751 1127 830 qni
1143 769 1212 832 pos·

105 871 175 936 sidet
195 872 223 936 in
247 891 314 937 rem
337 881 418 954 aget.
441 871 576 939 officinm
599 881 704 936 antem
726 871 840 936 iudicis
856 869 918 935 erit
932 871 1100 936 aestimare
1115 886 1211 949 quau·

104 998 159 1054 tun
188 989 284 1056 fuerit
311 993 475 1076 utriusque
509 990 699 1056 trumentum
733 1000 766 1055 et
792 1009 850 1071 pro
878 987 1031 1072 qualitate
1058 997 1089 1053 et
1119 987 1210 1052 modo
1244 999 1261 1050 t

64 1108 189 1174 nacturi
211 1127 424 1192 possessorem
446 1112 663 1177 condemnare.
702 1110 752 1172 29.
791 1109 824 1175 Si
846 1109 917 1188 quis
940 1107 971 1172 in
996 1125 1052 1172 suo
1076 1104 1142 1170 solo
1158 1106 1212 1170 do-

104 1246 173 1292 num
193 1229 296 1294 aliena
323 1227 453 1294 materia
475 1228 702 1306 aedificaberit,
721 1229 876 1294 'dominns
904 1226 940 1292 fit
962 1223 1110 1292 aedilicii:
1138 1228 1211 1307 quia

103 1349 174 1430 qnod
194 1347 414 1414 inaedificatur
439 1350 506 1414 solo
529 1351 626 1415 cedit:
661 1352 705 1414 ita
734 1357 836 1414 tamen
873 1356 908 1413 ut
935 1346 1086 1412 materiae
1115 1345 1212 1411 domi-

102 1485 150 1530 nus
174 1469 239 1532 eius
269 1469 406 1533 dominio
434 1470 465 1532 in
495 1477 679 1552 perpetuum
709 1489 769 1534 non
801 1469 910 1546 eadat3
937 1477 986 1533 set
1008 1467 1106 1534 donec
1128 1465 1212 1531 aedi-

104 1583 190 1650 ficium
212 1587 382 1666 subsistat,
405 1607 506 1670 neque
529 1590 560 1653 in
583 1607 666 1666 rem,
695 1607 795 1670 neque
817 1587 857 1652 ed
880 1587 1086 1653 exhibendum
1116 1592 1262 1667 egere1⁰

103 1711 186 1784 posu
208 1715 339 1788 propter
360 1709 459 1789 legem
490 1705 553 1772 Xll
583 1706 776 1786 tabularum,
811 1727 873 1790 qna
906 1714 1037 1772 cauetur
1070 1725 1108 1770 ne
1140 1705 1211 1788 quis

104 1822 207 1903 tignum
229 1823 369 1890 alienum
391 1827 457 1890 suis
479 1825 611 1892 aedibus
633 1825 809 1891 iniunctum
836 1828 971 1892 eximere
993 1831 1140 1908 cogatur,
1162 1833 1211 1889 set

104 1948 133 2004 nt
151 1942 277 2026 duplum
301 1943 368 2009 eius
397 1943 489 2027 pretii
520 1951 659 2027 praestet
686 1944 843 2026 personali
873 1951 1048 2010 conuentus
1076 1943 1210 2019 actione,

103 2079 171 2140 quae
191 2069 325 2128 uocatur
347 2065 393 2128 de
417 2063 529 2145 tigno
554 2065 700 2129 iuncto.
747 2064 834 2128 locus
861 2063 933 2128 huic
955 2062 1070 2128 actioni
1094 2061 1129 2126 iit
1151 2081 1211 2127 uon

105 2181 181 2244 inodo
201 2183 348 2260 quotiens
370 2184 491 2265 tignum
515 2202 616 2248 meum
640 2184 711 2265 quis
734 2183 864 2248 aedibus
880 2184 946 2246 suis
961 2183 1139 2258 inunxerit,
1163 2189 1211 2246 set
1233 2177 1262 2226 ¹5

105 2299 184 2363 cuam
211 2302 236 2364 si
262 2302 303 2364 (le
325 2311 415 2381 petra
446 2301 495 2367 uel
525 2302 563 2367 de
592 2303 691 2368 latere
716 2300 766 2368 uel
794 2304 833 2367 de
855 2301 999 2370 columna
1028 2309 1213 2384 nuceretum

105 2421 170 2502 tigni
200 2425 283 2488 euim
317 2424 526 2505 appellatione
555 2427 655 2490 omnis
687 2428 817 2490 materia
844 2423 1051 2507 significatur,
1085 2443 1122 2488 ex
1151 2439 1213 2502 qna

104 2541 243 2608 aedificari
268 2551 382 2622 potest.
426 2545 509 2626 quorl
532 2543 604 2608 ideo
631 2545 700 2624 lege
722 2542 784 2608 llll
807 2545 984 2610 tabularum
1015 2549 1143 2608 cautum
1165 2549 1214 2606 est

103 2678 136 2722 ne
156 2661 306 2726 uindicari
330 2665 494 2744 nequead
517 2661 726 2729 exhibendum
748 2664 800 2744 agi
824 2665 921 2745 possit
943 2669 1071 2744 propter
1093 2659 1212 2744 lignum

104 2779 169 2844 meis
189 2781 322 2847 aedibus
345 2781 528 2856 iniunctum,
551 2801 590 2846 ne
612 2801 681 2847 cum
705 2782 799 2848 iudex
822 2801 871 2848 me
893 2783 923 2847 in
947 2799 1011 2847 rem
1028 2782 1210 2846 condemna·
1229 2787 1262 2838 no

104 2899 182 2978 uerit
203 2899 380 2966 aedilicium
403 2902 581 2966 rescindere
604 2919 708 2982 cogar,
737 2909 772 2965 ut
801 2900 976 2966 sententiae
1005 2899 1212 2964 satisfaciam:

102 3018 215 3098 saepius
237 3019 321 3084 enim
350 3017 500 3084 aedificiis
528 3021 577 3085 lex
600 3019 658 3085 llll
687 3019 865 3084 tabularum
896 3018 1062 3083 consuluit.
1113 3027 1162 3082 set
1187 3018 1213 3081 si
