2876 4712
559 357 786 422 -309-

103 565 225 611 norum
247 546 454 628 possessionis
482 546 637 630 petendae
659 546 736 611 utile
758 550 820 624 est,
843 565 905 610 non
929 544 1126 622 continuum
1148 543 1232 609 idest

102 665 152 730 illi
192 665 398 748 possessionis
435 666 501 731 dies
538 671 685 742 currunt,
730 666 784 746 qui
820 665 946 730 nouerit
981 663 1041 729 sibi
1077 664 1230 729 bonorum

101 786 340 867 possessionem
363 805 432 852 esse
447 786 592 864 delatam,
617 786 733 869 quique
748 786 878 852 eandem
893 790 1000 876 petere
1022 785 1131 866 possit.
1158 803 1232 850 nam

102 907 131 971 si
165 907 239 988 quis
266 904 381 972 deferri
409 905 470 970 sibi
497 904 636 971 delrmcti
665 906 819 970 bonorum
847 905 1074 988 possessionem
1097 905 1230 985 ignorat,

103 1031 167 1091 aut
191 1027 287 1092 etiam
301 1027 383 1092 sorte
398 1026 498 1092 nescit
511 1024 670 1108 quendam
684 1044 813 1090 suorum
829 1030 1032 1107 cognatorum
1050 1023 1229 1101 decessisse,
1248 1033 1264 1082 6

103 1152 166 1210 aut
197 1147 287 1212 nouit
312 1147 439 1229 quidem
469 1153 518 1214 set
545 1148 577 1210 ui
607 1147 717 1212 maiori
745 1146 915 1228 impeditur
942 1163 982 1210 ne
1003 1143 1231 1225 possessionem

101 1272 215 1348 petat,
245 1285 307 1332 non
338 1268 438 1333 currit
465 1266 720 1349 praescriptionis
749 1269 882 1346 tempus.
939 1263 995 1328 Set
1023 1262 1097 1326 olim
1119 1280 1232 1327 reuera

100 1386 264 1468 petendae
287 1392 378 1452 erant
390 1386 545 1452 bonorum
560 1385 783 1468 possessiones
807 1389 902 1466 atque
917 1403 1043 1449 neeesse
1059 1389 1128 1449 erat
1142 1401 1232 1465 prae-

103 1511 211 1572 torem
235 1505 322 1573 adire
342 1527 379 1572 ac
393 1506 571 1589 specialiter
593 1505 708 1570 dicere:
739 1503 787 1568 da
807 1503 900 1568 mihi
921 1503 1018 1568 hanc
1040 1503 1231 1567 bonorum

102 1625 422 1707 possessionem.
456 1624 548 1690 hodie
569 1642 645 1689 uero
660 1623 847 1706 principales
869 1623 1107 1688 constitutiones
1122 1622 1232 1686 iubent
1253 1629 1283 1678 10

104 1763 310 1827 quocumque
336 1745 445 1824 modo,
476 1745 503 1810 si
532 1764 596 1828 qna
625 1745 675 1810 cui
704 1743 858 1810 bonorum
887 1743 1043 1826 possessio
1072 1740 1232 1808 deferatur

103 1862 199 1945 isque
221 1864 306 1930 intra
333 1863 494 1930 definitum
521 1869 645 1948 tempus
673 1883 742 1930 sese
769 1864 1061 1947 quomodocumque
1086 1862 1231 1945 amplecti

105 2003 178 2049 eam
201 1985 359 2064 ostendat,
382 1986 509 2067 plenum
531 1984 670 2051 eiusdem
692 1984 809 2050 habere
831 2001 903 2050 eum
925 1981 1117 2050 beneficium.

235 2596 282 2660 De
305 2595 516 2678 adquisitione
537 2615 594 2678 per
616 2595 860 2678 adrogationem.
908 2596 1030 2662 Titulus
1055 2599 1103 2660 10.

193 2749 262 2848 lam
285 2748 418 2814 diximrm
448 2749 487 2814 de
517 2749 639 2815 duabus
670 2748 932 2831 adquisitionibus
959 2769 1017 2831 per
1045 2751 1230 2816 universita-

106 2875 181 2946 tem,
206 2868 245 2932 de
267 2868 441 2934 hereditate
463 2869 581 2934 scilieet
603 2887 684 2950 quae
705 2869 794 2934 nobis
817 2869 884 2934 siue
899 2889 935 2934 ex
951 2875 1140 2935 testamento
1163 2870 1281 2936 siue15

107 2988 147 3052 ab
169 2988 321 3054 intestato
351 2988 511 3070 peruenit,
540 2989 640 3070 deque
670 2988 824 3055 bonorum
850 2989 1063 3071 possessione,
1094 3009 1175 3072 quae
1198 2995 1230 3055 et

105 3107 176 3189 ipsa
197 3107 342 3173 similiter
362 3109 431 3174 sine
458 3128 495 3174 ex
517 3113 706 3175 testamento
737 3110 804 3175 siue
833 3110 872 3175 ab
899 3110 1049 3175 intestato
1073 3108 1228 3176 defertur:

107 3227 274 3292 dicendum
301 3233 349 3292 est
379 3228 417 3294 de
444 3229 538 3294 tertio
567 3249 680 3310 genere
710 3230 928 3311 adquisitionis
957 3249 1013 3311 per
1042 3230 1230 3296 uniuersita-

108 3351 181 3411 tem.
225 3347 294 3411 Hoc
316 3349 394 3412 uero
414 3366 515 3429 neque
537 3349 604 3430 lege
631 3349 692 3413 XII
715 3348 895 3413 tabularum
916 3367 1018 3430 neque
1040 3366 1060 3411 a
1080 3352 1228 3429 praetore

110 3439 409 3544 introductumest,
436 3473 486 3534 set
507 3487 544 3533 ex
566 3487 628 3533 non
656 3469 772 3551 scripto
794 3468 996 3552 prudentium
1019 3485 1173 3533 consensu
1196 3466 1228 3530 in
1247 3473 1281 3525 ao

111 3585 271 3651 ciuitatem
294 3593 454 3668 receptum
477 3593 534 3653 est.
580 3588 665 3652 aliud
688 3589 769 3654 enim
791 3589 841 3654 lex
863 3594 925 3668 est,
955 3594 987 3654 et
1010 3586 1096 3654 aliud
1116 3587 1166 3652 ius
1189 3587 1230 3651 ci-

108 3704 181 3770 uile:
209 3705 260 3770 lex
283 3703 365 3769 enim
387 3711 435 3771 est
457 3706 542 3787 quod
564 3707 723 3788 propriam
746 3708 987 3790 appellationem
1008 3708 1118 3786 habet,
1143 3706 1231 3772 uelut

113 3825 206 3890 »XII
228 3824 484 3892 tabularum«
513 3825 649 3890 »Aelia
671 3825 832 3892 Sentia«
867 3825 1009 3892 »Fufia
1038 3822 1225 3892 Caninio«
