2920 4750
492 421 609 490 ¹—
657 389 721 451 492
768 423 808 432 ··-

131 579 214 641 quac
238 562 279 625 ab
297 580 374 624 arou
390 561 522 625 mittitur
539 563 686 644 sagittam
703 561 891 644 significare,
916 567 965 626 set
981 561 1134 644 quidquid
1150 582 1243 625 uranu

131 686 294 751 cuiusdam
318 686 457 752 mittitur.
503 687 610 768 itaque
635 692 666 751 et
689 687 771 770 lapis
794 693 826 752 et
848 686 967 770 lignum
992 693 1023 751 et
1045 687 1162 750 ferrum
1187 686 1245 750 boc

116 811 255 876 ,nomine
290 813 494 876 continentur.
539 812 612 876 ideo
643 818 748 876 autem
781 813 894 876 telum
929 819 1074 892 uocatur,
1103 811 1178 891 quia
1206 831 1245 875 ex

129 937 298 1001 interuallo
322 943 354 1002 et
376 937 408 1001 in
431 937 636 1020 longinquum
665 937 809 1018 mittitur,
840 956 999 1020 agracca
1026 956 1138 1021 nempe
1167 955 1246 1001 uoce

129 1062 298 1144 figuratum
325 1059 394 1126 α’πὸ
418 1070 477 1126 τοῦ
500 1059 609 1148 τηλοῦ.
657 1069 687 1127 ct
711 1063 791 1127 hanc
815 1062 1075 1145 significationem
1104 1062 1246 1126 inuenire
1284 1073 1299 1123 5

130 1207 257 1269 qnoque
292 1209 459 1270 possumus
491 1189 522 1252 in
558 1208 673 1270 graeco
708 1189 848 1269 nomine3
887 1207 960 1253 nam
994 1187 1079 1270 quod
1114 1188 1246 1253 Romani

129 1313 245 1376 telum
266 1313 439 1396 appellant,
460 1313 493 1377 id
514 1313 629 1378 Graeci
651 1312 762 1395 βέλος
783 1319 899 1378 uocant
918 1309 985 1376 α’πὸ
1008 1309 1067 1377 τοῦ
1086 1310 1245 1394 βάλλεσ-

130 1441 210 1500 θαι.
247 1437 335 1502 cuius
359 1438 405 1502 rei
428 1438 517 1502 testis
542 1445 590 1502 est
613 1438 778 1522 Xenopho,
804 1439 925 1519 quiite
948 1437 1089 1521 scripsit:
1113 1437 1177 1500 ‘xci
1200 1433 1245 1500 τοὶ

126 1561 221 1646 βέλη
243 1559 326 1644 ὁμοῦ
350 1560 494 1648 ἐφέρετο,
517 1561 632 1647 λόγχαι
646 1559 828 1645 τοξεύματα
845 1561 1020 1645 σφενδόναι
1042 1561 1186 1626 πλεῖστοι
1210 1561 1246 1625 δὲ

127 1687 182 1750 καὶ
216 1688 355 1774 ltdoa'l).
402 1693 434 1752 ct
461 1709 532 1753 cum
569 1708 678 1753 uocem
712 1688 824 1770 βέλος
855 1689 1106 1772 praeposuisset,
1141 1694 1247 1752 cetera
1268 1695 1301 1746 10

128 1811 244 1878 deinde
267 1813 409 1877 subiecit.
456 1813 507 1878 lex
532 1820 636 1878 autem
661 1813 774 1880 dicitur
798 1813 978 1878 Cornelia
1011 1814 1054 1878 de
1082 1812 1246 1878 sicariis.

128 1937 265 2002 sicarii
287 1944 392 2002 autem
416 1945 568 2004 uocantur
590 1939 781 2019 homicidae,
806 1939 949 2003 nimirum
975 1960 994 2002 a
1023 1938 1137 2014 ‘sica’,
1164 1957 1246 2019 qnae

128 2083 194 2126 uox
217 2065 352 2128 ferreum
377 2064 510 2128 cultrum
527 2063 691 2146 significat.
726 2064 838 2129 eadem
854 2063 906 2128 lex
923 2071 954 2128 et
969 2064 1127 2129 ueneficcs
1144 2063 1247 2147 capite

128 2188 247 2272 plectit,
271 2189 324 2270 qui
348 2189 469 2253 artibus
494 2189 611 2253 odiosis
636 2190 813 2253 chuononis
830 2195 862 2253 et
881 2189 1014 2271 magicis
1030 2189 1166 2254 susurris
1190 2207 1247 2253 seu

128 2313 353 2396 carminibns²)
369 2313 511 2378 homiues
527 2314 682 2396 occidunt,
709 2314 759 2378 uel
775 2314 860 2378 mala
875 2314 1106 2379 medicamenta
1121 2313 1246 2398 publice
1267 2323 1299 2374 15

92 2437 306 2502 suenditant.
364 2443 394 2506 6.
423 2439 480 2502 Est
514 2439 565 2503 lex
600 2459 725 2520 quoque
759 2439 912 2523 Pompeia
946 2439 990 2504 de
1024 2438 1246 2523 parricidiis

128 2565 338 2646 asperrimum
363 2563 482 2629 crimen
508 2564 599 2629 nouis
627 2583 821 2648 persequens
849 2565 968 2648 poenis.
1015 2584 1078 2645 qua
1106 2570 1245 2645 cauetur,

129 2696 165 2753 ut
189 2689 216 2752 si
239 2688 310 2770 quis
326 2694 489 2772 parentem
505 2690 557 2754 uel
573 2689 670 2754 filiurn
687 2689 824 2754 aliumue
841 2709 880 2754 ex
896 2689 1005 2754 liberis
1026 2688 1093 2775 [aut
1110 2688 1245 2775 omnino]

128 2813 319 2878 adfectionis
357 2812 440 2894 cius,
480 2835 561 2895 quae
595 2813 757 2897 parricidii
791 2813 1025 2897 nuncupatione
1060 2813 1246 2895 continetur,

128 2939 295 3020 occiderit,
325 2939 393 3004 siue
421 2939 503 3003 clam
527 2940 596 3004 sine
619 2940 745 3032 palam,
769 2958 827 3004 neo
851 2958 914 3003 non
936 2939 978 3022 is,
1006 2939 1093 3004 cuius
1117 2939 1190 3003 dolo
1214 2938 1247 3003 id
1267 2947 1300 2998 20

128 3064 248 3128 factum
273 3065 327 3147 sit,
356 3065 408 3129 uel
431 3065 485 3146 qui
509 3064 647 3130 criminis
676 3064 821 3129 conscius
843 3064 951 3145 fuerit,
980 3063 1055 3128 licat
1078 3071 1247 3128 extraneus

128 3189 182 3270 sit,
207 3189 360 3253 eiusmodi
384 3208 488 3271 poena
510 3195 663 3254 teneatur.
699 3195 731 3254 et
753 3209 856 3270 neque
879 3188 1020 3272 gladium
1036 3189 1089 3252 lex
1109 3187 1246 3267 adducit,

128 3333 235 3394 neque
262 3313 389 3396 ignibus
411 3333 499 3377 reum
522 3312 632 3394 tradit,
661 3333 764 3395 neque
793 3313 848 3377 alii
875 3313 932 3377 ulli
954 3313 1098 3378 sollemni
1125 3331 1247 3396 poenae

128 3436 256 3519 subicit,
280 3445 329 3502 set
352 3438 455 3503 culleo
479 3437 623 3503 ooriaceo
646 3438 770 3502 immitti
794 3438 881 3502 iubet
904 3459 974 3502 cum
998 3457 1077 3502 cane
1101 3444 1133 3501 et
1160 3437 1246 3518 gallo

127 3561 309 3646 gallinaceo
338 3568 370 3627 et
398 3563 509 3647 uipera
539 3569 571 3627 et
599 3562 703 3643 simia,
731 3568 763 3628 et
793 3563 837 3627 ita
865 3582 936 3627 eum
964 3562 997 3626 in
1029 3561 1131 3626 culleo
1165 3560 1247 3626 insui
1267 3568 1300 3620 25

221 3813 243 3880 1)
261 3813 313 3866 Est
335 3810 427 3866 Anah.
452 3813 476 3878 ἧ,
495 3813 520 3879 2,
546 3813 586 3864 14.
632 3813 762 3866 ’πλεῖστοι
786 3810 810 3866 δ’
831 3811 861 3866 ἐκ
883 3813 938 3866 τῶν
960 3813 1063 3883 χειρῶν
1086 3809 1167 3864 λίθοι’
1186 3809 1247 3863 libri

129 3900 332 3970 Xenophontis.
360 3901 444 3954 latino
457 3901 497 3954 sio
509 3898 609 3953 rcddc:
623 3900 660 3953 ‘ot
672 3913 727 3953 una
735 3899 913 3954 mittebantur
925 3899 1005 3969 tela,
1020 3898 1115 3952 hastas
1129 3897 1247 3966 ssglttae

129 3989 232 4044 fundam
251 3993 280 4044 at
296 3989 405 4057 plurimi
424 3990 450 4058 [e
468 3988 601 4056 manibus]
622 3985 744 4055 lapides'.

220 4079 243 4146 2)
262 4077 351 4132 cilex
370 4077 425 4132 XII
443 4077 527 4132 tabul.
538 4075 616 4146 (VIII
626 4079 658 4131 26
680 4077 733 4146 [25]
752 4075 863 4144 Sohbll.)
882 4089 963 4145 quum
981 4075 1065 4130 Thus.
1078 4074 1247 4144 probabilius

129 4167 254 4236 respons
272 4165 315 4236 (n.
336 4169 377 4235 so,
398 4169 439 4235 ιο,
460 4167 529 4234 aas).
