2932 4704
534 337 790 416 -as-'

168 673 220 740 De
241 673 445 740 satisdatione
465 679 604 740 tutorum
628 681 660 739 et
681 680 869 740 curatorum.
914 671 1035 739 Titulus
1058 671 1107 736 24.

164 859 249 926 (inm
271 863 310 928 de
332 864 491 929 curatione
512 861 763 942 uacuuerimus,
786 861 942 942 quomodo
957 879 1068 942 nempe
1090 861 1202 926 consti·

91 987 192 1046 tnatur
216 989 249 1046 et
270 983 412 1048 soluatur
434 989 466 1048 et
487 982 641 1063 quomodo
656 982 783 1064 quidam
806 981 846 1046 ad
862 977 959 1044 XXV
975 998 1089 1045 annum
1104 997 1202 1060 usqne

91 1100 116 1163 in
136 1115 216 1164 eura
236 1101 310 1179 sint,
331 1101 457 1182 quidam
479 1109 594 1180 antem,
618 1100 672 1184 qui
695 1101 734 1166 ob
750 1101 906 1184 quendam
922 1102 1064 1167 morbum
1080 1101 1113 1164 in
1128 1119 1203 1166 eura

92 1225 162 1298 sunt,
189 1219 290 1285 donee
312 1239 349 1286 eo
371 1221 557 1300 liberentur,
587 1241 669 1290 nunc
698 1223 735 1287 de
765 1221 899 1304 quadam
927 1239 962 1285 re
990 1220 1079 1286 nobis
1106 1217 1200 1302 dispi-

91 1338 231 1404 ciendum
259 1347 323 1418 est,
351 1357 432 1422 quae
463 1342 503 1406 ad
533 1347 653 1406 tutores
680 1341 772 1407 simul
800 1347 831 1405 et
863 1345 1023 1406 curatores
1058 1338 1202 1420 pertinet.
1237 1345 1253 1394 ὅ

92 1457 212 1540 utrique
234 1456 317 1524 enim
339 1457 421 1524 datis
445 1457 680 1526 fideiussoribus
702 1461 875 1526 mationem
896 1465 1058 1542 praestare
1081 1457 1204 1533 debent,

91 1593 135 1640 res
150 1577 229 1654 eius,
248 1576 348 1658 quiin
365 1578 464 1644 tutela
479 1584 535 1644 nat
549 1597 624 1645 eura
639 1585 696 1656 est,
719 1581 857 1659 integrm
872 1587 1033 1644 seruatum
1056 1578 1104 1642 iri.
1127 1575 1205 1642 haee

91 1701 134 1759 ast
154 1697 238 1760 enim
262 1696 395 1761 maxima
416 1697 569 1777 praetoris
591 1715 677 1763 nura.
700 1697 807 1780 excipe
830 1705 1085 1763 lamentatorem
1107 1698 1204 1762 testa·

91 1823 193 1880 mento
216 1817 334 1892 datum,
358 1817 411 1899 qni
434 1817 588 1882 satisdare
610 1834 670 1882 non
693 1819 825 1898 cogitur,
849 1815 971 1884 fidelem
996 1815 1076 1882 enim
1100 1833 1136 1881 aa
1159 1815 1204 1880 di·

90 1932 327 2015 ligentissimum
348 1953 419 2001 eum
442 1936 580 2001 futurum
603 1955 671 2002 esse
685 1937 717 2001 in
734 1937 827 2002 rebus
842 1934 1095 2000 administrandis
1110 1941 1206 2000 testa·
1226 1949 1256 1999 10

94 2055 165 2120 toris
187 2054 335 2136 probauit
356 2056 514 2122 iudicium.
551 2057 627 2122 item
648 2057 702 2138 qui
725 2076 762 2122 ex
786 2055 985 2140 inquisitione
1007 2061 1128 2119 tutores
1151 2061 1204 2119 aut

93 2181 250 2240 camuros
272 2175 338 2241 dati
361 2186 434 2246 sunt
455 2177 609 2243 satisdare
631 2196 691 2245 non
714 2183 878 2260 eoguntur,
900 2176 1027 2242 idoneos
1050 2177 1129 2241 enim
1153 2191 1206 2239 eos

93 2313 159 2360 esse
181 2297 387 2377 magistratus
409 2297 566 2379 inquisitio
588 2303 732 2362 testatur.
776 2296 854 2362 haec
883 2303 987 2360 antem
1017 2294 1133 2376 inquiri
1160 2309 1205 2356 so·

94 2413 164 2493 lent,
187 2433 226 2481 an
250 2414 387 2496 locuples
410 2415 467 2491 sit,
497 2433 536 2481 an
564 2416 663 2482 bonae
689 2415 786 2496 frugi,
817 2433 857 2481 an
887 2417 1016 2497 pignera
1045 2413 1131 2478 uitae
1153 2413 1207 2477 ha·

94 2535 177 2612 beat,
204 2535 289 2601 idest
314 2535 442 2602 liberos:
473 2535 526 2618 qui
554 2537 635 2601 enim
664 2535 779 2601 liberos
810 2533 903 2601 habet
932 2533 1020 2599 nouit
1049 2531 1256 2616 quomodote

94 2653 217 2736 pupillis
241 2654 464 2720 consulendum
487 2653 544 2733 sit,
568 2655 680 2736 quibus
708 2655 740 2720 in
770 2654 871 2720 locum
901 2655 1000 2737 patris
1027 2660 1077 2718 est
1104 2652 1205 2728 datus,

60 2793 77 2840 1.
95 2779 125 2836 et
146 2791 186 2838 an
207 2775 340 2855 palmam
363 2793 451 2840 suam
474 2774 591 2856 diligat
635 2777 662 2836 l.
694 2771 855 2840 Interdum
878 2781 981 2838 tamen
1003 2773 1062 2854 ipsi
1084 2788 1208 2853 quoque

94 2893 256 2958 satisdant
280 2912 350 2958 nam
372 2895 399 2958 si
422 2895 483 2960 duo
506 2894 652 2976 pluresne
673 2913 711 2959 en
732 2899 920 2959 testamento
942 2891 994 2958 uel
1008 2888 1208 2972 inquisitione

95 3016 214 3078 tutores
236 3021 439 3080 numerosae
461 3013 678 3088 delituerint,
704 3029 812 3080 eorum
835 3017 939 3078 autem
962 3029 1043 3076 unns
1065 3009 1142 3074 satis
1164 3006 1208 3073 oi·

93 3131 176 3196 ierat
194 3133 232 3197 de
259 3133 463 3200 indemnitate
493 3133 601 3218 pupilli
632 3133 683 3201 nel
709 3133 933 3210 adnlesoemis,
963 3127 1120 3196 contutari
1150 3134 1205 3193 ant
1223 3133 1257 3184 20

93 3251 287 3318 nonnnratori
308 3253 486 3334 praefertur
508 3259 540 3350 et
560 3252 646 3319 solus
669 3252 875 3318 administrat.
908 3251 1006 3316 tutior
1028 3247 1111 3314 enim
1133 3247 1209 3312 adn·

95 3371 221 3437 leseenti
249 3372 297 3438 uei
327 3371 445 3455 pupillo
474 3371 638 3440 satisdatio
667 3377 730 3452 est,
758 3390 852 3456 quam
880 3369 1018 3436 deiuneti
1048 3367 1208 3441 indicium,

94 3491 150 3572 qui
174 3501 205 3558 et
225 3492 287 3558 falli
308 3500 448 3576 poterat,
477 3494 558 3559 sient
580 3501 612 3560 et
634 3493 835 3576 magistratus
864 3491 895 3558 in
924 3487 1132 3574 inquisitione
1177 3494 1210 3551 et
