2876 4712
513 347 744 411 -292-

83 533 155 598 anim
177 533 279 600 ordini
294 533 504 616 anteponitur.
528 539 560 598 et
581 535 634 616 qui
656 534 820 599 anterioris
842 533 960 600 ordinis
974 535 1025 612 sit,
1047 534 1190 615 quamuis

84 653 177 734 gradu
199 652 338 730 ulterior,
361 672 430 718 cum
453 653 585 735 potioris
610 653 653 718 sit
667 655 794 732 ordinis,
816 655 847 718 in
863 653 1035 719 hereditate
1058 653 1192 734 praefer·

87 785 142 837 tur.
187 779 261 838 tone
284 775 365 838 enim
387 775 542 856 graduum
565 773 690 840 collatio
711 773 755 848 fit,
785 791 854 839 cum
882 775 987 856 plures
1015 794 1052 839 en
1082 771 1191 838 eodem

84 891 186 958 ordine
208 892 313 957 adsint
334 911 494 974 personae.
539 893 645 974 itaque
667 895 721 974 qui
743 892 881 959 eiusdem
909 893 1101 976 cognationis
1123 911 1192 974 gra-

82 1011 133 1075 dus
154 1012 219 1077 sint
240 1030 301 1076 non
324 1029 446 1094 semper
466 1011 558 1078 simul
580 1019 742 1086 uocantur,
763 1030 820 1078 nec
842 1030 964 1094 semper
978 982 1124 1078 'nantarior
1144 1020 1193 1078 est
1227 1011 1243 1061 ὅ

81 1133 188 1212 potior.
244 1137 293 1198 est
325 1131 406 1196 enim
435 1131 536 1213 prima
566 1149 661 1196 causa
687 1143 814 1197 snorum
844 1132 993 1198 heredum
1023 1151 1193 1214 eorumque

82 1254 128 1334 qui
150 1251 235 1317 inter
256 1269 330 1316 suos
352 1259 587 1328 enumerantur,
610 1252 692 1316 idest
720 1251 808 1316 liberi
837 1253 1036 1333 emancipati,
1064 1259 1193 1333 nepotes

82 1391 115 1436 cx
136 1371 276 1437 leminini
299 1389 390 1436 sexus
413 1372 554 1454 personis
584 1371 650 1436 nati
677 1388 818 1452 quosque
845 1371 989 1452 superius
1018 1370 1195 1453 specialiter

81 1489 264 1555 addidimus.
318 1487 400 1573 finge
432 1509 507 1570 ergo
532 1497 734 1572 pronepotem
762 1490 813 1556 uel
840 1492 1026 1572 abnepotem
1056 1490 1195 1556 defuncti

82 1615 193 1682 arture,
217 1615 324 1676 extare
346 1618 450 1676 antem
474 1617 506 1675 et
527 1610 654 1675 fratrem
677 1609 727 1676 uel
749 1616 870 1692 patrem
886 1629 941 1674 seu
957 1616 1102 1676 matrem:
1125 1621 1246 1694 pro-10

81 1749 171 1812 nepos
201 1729 252 1795 uel
281 1733 373 1795 etiam
400 1729 537 1811 abnepos
560 1735 776 1809 anteponetur,
800 1749 870 1795 cum
892 1749 930 1794 ex
952 1732 1065 1811 potiori
1087 1731 1195 1796 ueniat

84 1853 204 1930 ordine,
231 1850 375 1932 quamuis
404 1852 503 1933 gradu
531 1851 662 1916 ulterior
693 1852 747 1916 sit:
780 1859 869 1931 pater
896 1849 978 1917 enim
1012 1851 1061 1916 nel
1096 1857 1196 1916 mater

84 1971 180 2050 primo
204 1976 277 2034 sunt
299 1971 409 2051 gradu,
439 1979 534 2054 prout
560 1971 709 2049 diximus,
739 1972 837 2036 irater
863 1971 1013 2048 seeundo,
1041 1989 1195 2052 pronepos

83 2090 137 2170 ΠΙ,
158 2093 296 2174 abnepos
317 2089 392 2154 IIII.
415 2109 547 2174 cumque
568 2092 704 2174 abnepos
726 2100 839 2175 quarto
861 2093 962 2174 gradu
981 2091 1031 2169 sit,
1053 2091 1093 2154 iis
1108 2108 1196 2172 praa·

82 2210 178 2275 fertur
200 2210 253 2294 qui
276 2229 314 2276 ex
335 2211 433 2293 primo
456 2211 507 2275 nel
528 2210 665 2275 seeundo
688 2213 826 2282 ueniunt
849 2230 919 2276 cum
934 2210 1052 2276 ordinis
1067 2209 1196 2289 potioris
1217 2215 1247 2266 15

83 2330 135 2395 sit:
157 2350 214 2396 nec
236 2333 366 2396 interest
388 2331 419 2395 in
442 2336 597 2409 potestate
625 2331 784 2394 morientis
812 2331 907 2395 luerit
934 2349 974 2395 an
1003 2348 1064 2394 non
1091 2329 1196 2408 luerit,

83 2451 163 2531 quod
185 2452 412 2534 emancipatus,
434 2449 485 2515 uel
515 2469 552 2515 en
574 2448 770 2531 emancipato
797 2457 853 2514 aut
883 2469 920 2514 ex
947 2449 1094 2514 leminino
1121 2467 1197 2514 sexu

45 2578 273 2652 inpropagatus
300 2577 358 2636 est.
408 2571 456 2634 12.
494 2569 572 2636 Cum
604 2572 652 2635 sui
682 2570 813 2636 heredes
842 2589 902 2635 non
932 2577 1038 2635 extent
1066 2587 1123 2635 nec
1145 2571 1198 2651 qui

84 2691 164 2756 inter
184 2710 259 2756 suos
282 2697 519 2770 enumerentur,
541 2691 696 2770 adgnatos
724 2707 800 2755 uero
826 2690 979 2772 supersit,
1006 2688 1061 2772 qui
1087 2707 1198 2769 nempe

86 2811 203 2892 integre
224 2813 293 2876 iura
315 2811 511 2892 adgnationis
533 2809 656 2889 habeat,
680 2810 800 2874 etiamsi
823 2809 1002 2890 longissimo
1024 2808 1124 2890 gradu
1145 2808 1197 2884 sit,
1216 2812 1250 2863 2⁰

86 2931 264 3012 plerumque
286 2933 388 3013 potior
409 2931 542 2996 habetur
568 2949 661 3014 quam
691 2931 860 3013 proximior
885 2936 1046 3011 cognatus.
1093 2927 1198 3011 patrui

87 3050 166 3114 enim
187 3069 283 3130 nepos
305 3051 356 3115 uel
378 3069 542 3134 pronepos,
566 3069 634 3116 cum
666 3050 746 3116 alter
769 3050 814 3112 V⁰
836 3049 916 3116 alter
938 3047 1003 3111 v1⁰
1024 3050 1067 3114 sit
1088 3048 1197 3130 gradu,

87 3169 236 3235 auunculo
265 3177 298 3234 et
326 3177 514 3234 materterae
543 3175 765 3251 anteponetur,
799 3169 942 3248 quamuis
975 3167 1006 3232 hi
1033 3165 1102 3230 111⁰
1136 3166 1200 3230 sint

88 3287 194 3369 gradu
236 3291 351 3354 totiens
374 3289 472 3372 igitur
494 3287 626 3354 dicimus
649 3287 828 3354 uiciniorem
852 3293 1017 3368 cognatum
1046 3284 1199 3369 potiorem
