<?xml version="1.0" encoding="UTF-8"?>
<!DOCTYPE html PUBLIC "-//W3C//DTD XHTML 1.0 Transitional//EN"
    "http://www.w3.org/TR/xhtml1/DTD/xhtml1-transitional.dtd">
<html xmlns="http://www.w3.org/1999/xhtml" xml:lang="en" lang="en">
 <head>
  <title>
</title>
<meta http-equiv="Content-Type" content="text/html;charset=utf-8" />
  <meta name='ocr-system' content='tesseract 3.04.00' />
  <meta name='ocr-capabilities' content='ocr_page ocr_carea ocr_par ocr_line ocrx_word'/>
</head>
<body>
  <div class='ocr_page' id='page_1' title='image "./institutionumgr02linggoog_1010.png"; bbox 0 0 2920 4750; ppageno 0'>
   <div class='ocr_carea' id='block_1_1' title="bbox 548 373 787 436">
    <p class='ocr_par' dir='ltr' id='par_1_1' title="bbox 548 373 787 436">
     <span class='ocr_line' id='line_1_1' title="bbox 548 373 787 436; baseline 0.008 -2"><span class='ocrx_word' id='word_1_1' title='bbox 548 407 588 416; x_wconf 91' lang='lat'><em>-</em></span> <span class='ocrx_word' id='word_1_2' title='bbox 635 373 699 436; x_wconf 82' lang='lat'>489</span> <span class='ocrx_word' id='word_1_3' title='bbox 746 407 787 416; x_wconf 86' lang='lat'>--</span> 
     </span>
    </p>
   </div>
   <div class='ocr_carea' id='block_1_2' title="bbox 76 544 1276 1880">
    <p class='ocr_par' dir='ltr' id='par_1_2' title="bbox 76 544 1276 1880">
     <span class='ocr_line' id='line_1_2' title="bbox 113 544 1223 628; baseline 0.003 -21"><span class='ocrx_word' id='word_1_4' title='bbox 113 544 214 624; x_wconf 88' lang='lat' dir='ltr'>tundo,</span> <span class='ocrx_word' id='word_1_5' title='bbox 240 553 366 628; x_wconf 70' lang='lat' dir='ltr'>agatur,</span> <span class='ocrx_word' id='word_1_6' title='bbox 392 547 418 610; x_wconf 90' lang='lat' dir='ltr'>si</span> <span class='ocrx_word' id='word_1_7' title='bbox 443 547 566 627; x_wconf 85' lang='lat' dir='ltr'>quidem</span> <span class='ocrx_word' id='word_1_8' title='bbox 591 549 658 612; x_wconf 89' lang='lat' dir='ltr'>sine</span> <span class='ocrx_word' id='word_1_9' title='bbox 682 547 876 612; x_wconf 86' lang='lat' dir='ltr'>substantiae</span> <span class='ocrx_word' id='word_1_10' title='bbox 901 547 1085 611; x_wconf 90' lang='lat' dir='ltr'>detrimento</span> <span class='ocrx_word' id='word_1_11' title='bbox 1109 547 1223 610; x_wconf 86' lang='lat' dir='ltr'>fundus</span> 
     </span>
     <span class='ocr_line' id='line_1_3' title="bbox 112 670 1223 757; baseline 0.004 -25"><span class='ocrx_word' id='word_1_12' title='bbox 112 670 289 751; x_wconf 81' lang='lat' dir='ltr'>regionibns</span> <span class='ocrx_word' id='word_1_13' title='bbox 315 671 499 738; x_wconf 87' lang='lat' dir='ltr'>diuisionem</span> <span class='ocrx_word' id='word_1_14' title='bbox 524 673 669 757; x_wconf 85' lang='lat' dir='ltr'>recipiat,</span> <span class='ocrx_word' id='word_1_15' title='bbox 701 673 799 737; x_wconf 89' lang='lat' dir='ltr'>ueluti</span> <span class='ocrx_word' id='word_1_16' title='bbox 823 672 849 736; x_wconf 87' lang='lat' dir='ltr'>si</span> <span class='ocrx_word' id='word_1_17' title='bbox 874 671 1021 736; x_wconf 88' lang='lat' dir='ltr'>etinctum</span> <span class='ocrx_word' id='word_1_18' title='bbox 1046 673 1223 736; x_wconf 81' lang='lat' dir='ltr'>uinctumue</span> 
     </span>
     <span class='ocr_line' id='line_1_4' title="bbox 112 795 1223 881; baseline 0 -21"><span class='ocrx_word' id='word_1_19' title='bbox 112 795 282 876; x_wconf 85' lang='lat' dir='ltr'>continent,</span> <span class='ocrx_word' id='word_1_20' title='bbox 307 803 411 881; x_wconf 90' lang='lat' dir='ltr'>potest</span> <span class='ocrx_word' id='word_1_21' title='bbox 433 797 528 862; x_wconf 80' lang='lat' dir='ltr'>iudex</span> <span class='ocrx_word' id='word_1_22' title='bbox 552 799 606 863; x_wconf 90' lang='lat' dir='ltr'>uni</span> <span class='ocrx_word' id='word_1_23' title='bbox 630 798 778 862; x_wconf 89' lang='lat' dir='ltr'>oliuetum</span> <span class='ocrx_word' id='word_1_24' title='bbox 802 797 998 878; x_wconf 87' lang='lat' dir='ltr'>adiudicare,</span> <span class='ocrx_word' id='word_1_25' title='bbox 1023 796 1116 861; x_wconf 84' lang='lat' dir='ltr'>alteri</span> <span class='ocrx_word' id='word_1_26' title='bbox 1138 795 1223 860; x_wconf 92' lang='lat' dir='ltr'>uine·</span> 
     </span>
     <span class='ocr_line' id='line_1_5' title="bbox 111 920 1222 1006; baseline 0.002 -23"><span class='ocrx_word' id='word_1_27' title='bbox 111 925 181 1002; x_wconf 91' lang='lat' dir='ltr'>tum,</span> <span class='ocrx_word' id='word_1_28' title='bbox 204 920 250 984; x_wconf 87' lang='lat' dir='ltr'>ita</span> <span class='ocrx_word' id='word_1_29' title='bbox 266 927 380 1003; x_wconf 87' lang='lat' dir='ltr'>tamen,</span> <span class='ocrx_word' id='word_1_30' title='bbox 405 928 439 985; x_wconf 92' lang='lat' dir='ltr'>ut</span> <span class='ocrx_word' id='word_1_31' title='bbox 455 922 481 986; x_wconf 86' lang='lat' dir='ltr'>is</span> <span class='ocrx_word' id='word_1_32' title='bbox 498 923 550 1004; x_wconf 90' lang='lat' dir='ltr'>qui</span> <span class='ocrx_word' id='word_1_33' title='bbox 567 923 784 1006; x_wconf 82' lang='lat' dir='ltr'><strong>pretiosiorem</strong></span> <span class='ocrx_word' id='word_1_34' title='bbox 800 929 922 1006; x_wconf 83' lang='lat' dir='ltr'>partem</span> <span class='ocrx_word' id='word_1_35' title='bbox 942 922 1106 1006; x_wconf 76' lang='lat' dir='ltr'>receperit,</span> <span class='ocrx_word' id='word_1_36' title='bbox 1131 923 1222 988; x_wconf 90' lang='lat' dir='ltr'>alteri</span> 
     </span>
     <span class='ocr_line' id='line_1_6' title="bbox 111 1046 1276 1130; baseline -0.001 -21"><span class='ocrx_word' id='word_1_37' title='bbox 111 1047 141 1109; x_wconf 91' lang='lat' dir='ltr'>in</span> <span class='ocrx_word' id='word_1_38' title='bbox 155 1046 310 1128; x_wconf 86' lang='lat' dir='ltr'>pecuniae</span> <span class='ocrx_word' id='word_1_39' title='bbox 327 1067 478 1111; x_wconf 88' lang='lat' dir='ltr'>summam</span> <span class='ocrx_word' id='word_1_40' title='bbox 495 1048 724 1114; x_wconf 78' lang='lat' dir='ltr'>condemnetur.</span> <span class='ocrx_word' id='word_1_41' title='bbox 751 1048 777 1112; x_wconf 83' lang='lat' dir='ltr'>si</span> <span class='ocrx_word' id='word_1_42' title='bbox 794 1068 869 1114; x_wconf 91' lang='lat' dir='ltr'>uero</span> <span class='ocrx_word' id='word_1_43' title='bbox 885 1048 917 1112; x_wconf 93' lang='lat' dir='ltr'>id</span> <span class='ocrx_word' id='word_1_44' title='bbox 933 1048 1136 1130; x_wconf 84' lang='lat' dir='ltr'>incongruum</span> <span class='ocrx_word' id='word_1_45' title='bbox 1152 1067 1223 1112; x_wconf 87' lang='lat' dir='ltr'>esse</span> <span class='ocrx_word' id='word_1_46' title='bbox 1261 1060 1276 1108; x_wconf 74' lang='lat'>5</span> 
     </span>
     <span class='ocr_line' id='line_1_7' title="bbox 111 1170 1222 1254; baseline 0.003 -20"><span class='ocrx_word' id='word_1_47' title='bbox 111 1170 263 1252; x_wconf 85' lang='lat' dir='ltr'>uideatur,</span> <span class='ocrx_word' id='word_1_48' title='bbox 288 1179 342 1236; x_wconf 87' lang='lat' dir='ltr'>aut</span> <span class='ocrx_word' id='word_1_49' title='bbox 365 1172 392 1236; x_wconf 88' lang='lat' dir='ltr'>si</span> <span class='ocrx_word' id='word_1_50' title='bbox 415 1192 475 1253; x_wconf 78' lang='lat' dir='ltr'>reo,</span> <span class='ocrx_word' id='word_1_51' title='bbox 500 1173 538 1237; x_wconf 89' lang='lat' dir='ltr'>de</span> <span class='ocrx_word' id='word_1_52' title='bbox 563 1193 626 1254; x_wconf 90' lang='lat' dir='ltr'>qua</span> <span class='ocrx_word' id='word_1_53' title='bbox 648 1174 712 1237; x_wconf 84' lang='lat' dir='ltr'>tate</span> <span class='ocrx_word' id='word_1_54' title='bbox 735 1173 885 1237; x_wconf 90' lang='lat' dir='ltr'>iudicium</span> <span class='ocrx_word' id='word_1_55' title='bbox 902 1173 1003 1253; x_wconf 84' lang='lat' dir='ltr'>datur,</span> <span class='ocrx_word' id='word_1_56' title='bbox 1027 1173 1120 1237; x_wconf 94' lang='lat' dir='ltr'>homo</span> <span class='ocrx_word' id='word_1_57' title='bbox 1141 1172 1222 1237; x_wconf 86' lang='lat' dir='ltr'>forte</span> 
     </span>
     <span class='ocr_line' id='line_1_8' title="bbox 110 1297 1222 1380; baseline 0.003 -21"><span class='ocrx_word' id='word_1_58' title='bbox 110 1305 163 1360; x_wconf 90' lang='lat' dir='ltr'>aut</span> <span class='ocrx_word' id='word_1_59' title='bbox 179 1297 280 1360; x_wconf 90' lang='lat' dir='ltr'>mulus</span> <span class='ocrx_word' id='word_1_60' title='bbox 302 1297 351 1378; x_wconf 87' lang='lat' dir='ltr'>sit,</span> <span class='ocrx_word' id='word_1_61' title='bbox 369 1317 420 1362; x_wconf 88' lang='lat' dir='ltr'>res</span> <span class='ocrx_word' id='word_1_62' title='bbox 440 1303 504 1362; x_wconf 88' lang='lat' dir='ltr'>tota</span> <span class='ocrx_word' id='word_1_63' title='bbox 522 1298 576 1362; x_wconf 89' lang='lat' dir='ltr'>uni</span> <span class='ocrx_word' id='word_1_64' title='bbox 592 1297 804 1380; x_wconf 59' lang='lat' dir='ltr'>adiudicatum</span> <span class='ocrx_word' id='word_1_65' title='bbox 833 1298 879 1362; x_wconf 89' lang='lat' dir='ltr'>sic</span> <span class='ocrx_word' id='word_1_66' title='bbox 896 1305 1010 1378; x_wconf 88' lang='lat' dir='ltr'>tamen,</span> <span class='ocrx_word' id='word_1_67' title='bbox 1036 1305 1069 1361; x_wconf 91' lang='lat' dir='ltr'>ut</span> <span class='ocrx_word' id='word_1_68' title='bbox 1083 1298 1111 1362; x_wconf 90' lang='lat' dir='ltr'>is</span> <span class='ocrx_word' id='word_1_69' title='bbox 1131 1298 1222 1362; x_wconf 85' lang='lat' dir='ltr'>alteri</span> 
     </span>
     <span class='ocr_line' id='line_1_9' title="bbox 76 1422 1222 1505; baseline 0.001 -20"><span class='ocrx_word' id='word_1_70' title='bbox 76 1422 137 1486; x_wconf 72' lang='lat' dir='ltr'>tm</span> <span class='ocrx_word' id='word_1_71' title='bbox 169 1429 286 1486; x_wconf 87' lang='lat' dir='ltr'>certam</span> <span class='ocrx_word' id='word_1_72' title='bbox 316 1423 481 1504; x_wconf 82' lang='lat' dir='ltr'>pecuniam</span> <span class='ocrx_word' id='word_1_73' title='bbox 511 1422 743 1487; x_wconf 80' lang='lat' dir='ltr'>condemnetur.</span> <span class='ocrx_word' id='word_1_74' title='bbox 795 1427 825 1489; x_wconf 90' lang='lat'>6.</span> <span class='ocrx_word' id='word_1_75' title='bbox 850 1423 884 1487; x_wconf 88' lang='lat' dir='ltr'>Si</span> <span class='ocrx_word' id='word_1_76' title='bbox 919 1423 1049 1487; x_wconf 86' lang='lat' dir='ltr'>finium</span> <span class='ocrx_word' id='word_1_77' title='bbox 1084 1443 1222 1505; x_wconf 83' lang='lat' dir='ltr'>regun-</span> 
     </span>
     <span class='ocr_line' id='line_1_10' title="bbox 107 1545 1220 1632; baseline 0.003 -23"><span class='ocrx_word' id='word_1_78' title='bbox 107 1545 236 1610; x_wconf 87' lang='lat' dir='ltr'>dorum</span> <span class='ocrx_word' id='word_1_79' title='bbox 254 1547 335 1611; x_wconf 91' lang='lat' dir='ltr'>inter</span> <span class='ocrx_word' id='word_1_80' title='bbox 351 1547 503 1628; x_wconf 87' lang='lat' dir='ltr'>quosdam</span> <span class='ocrx_word' id='word_1_81' title='bbox 520 1554 643 1630; x_wconf 80' lang='lat' dir='ltr'>agatur,</span> <span class='ocrx_word' id='word_1_82' title='bbox 666 1548 821 1632; x_wconf 84' lang='lat' dir='ltr'>dispicere</span> <span class='ocrx_word' id='word_1_83' title='bbox 838 1547 932 1612; x_wconf 88' lang='lat' dir='ltr'>debet</span> <span class='ocrx_word' id='word_1_84' title='bbox 948 1548 1051 1628; x_wconf 83' lang='lat' dir='ltr'>iudex,</span> <span class='ocrx_word' id='word_1_85' title='bbox 1073 1569 1114 1612; x_wconf 87' lang='lat' dir='ltr'>an</span> <span class='ocrx_word' id='word_1_86' title='bbox 1130 1569 1220 1632; x_wconf 82' lang='lat' dir='ltr'>prae-</span> 
     </span>
     <span class='ocr_line' id='line_1_11' title="bbox 106 1671 1275 1753; baseline 0.001 -19"><span class='ocrx_word' id='word_1_87' title='bbox 106 1672 187 1735; x_wconf 87' lang='lat' dir='ltr'>senti</span> <span class='ocrx_word' id='word_1_88' title='bbox 216 1691 291 1735; x_wconf 84' lang='lat' dir='ltr'>casu</span> <span class='ocrx_word' id='word_1_89' title='bbox 312 1671 504 1737; x_wconf 86' lang='lat' dir='ltr'>adiudicatio</span> <span class='ocrx_word' id='word_1_90' title='bbox 532 1674 714 1738; x_wconf 85' lang='lat' dir='ltr'>neccssaria</span> <span class='ocrx_word' id='word_1_91' title='bbox 739 1673 786 1737; x_wconf 89' lang='lat' dir='ltr'>sit.</span> <span class='ocrx_word' id='word_1_92' title='bbox 838 1693 918 1753; x_wconf 84' lang='lat' dir='ltr'>quae</span> <span class='ocrx_word' id='word_1_93' title='bbox 951 1693 1027 1737; x_wconf 91' lang='lat' dir='ltr'>sane</span> <span class='ocrx_word' id='word_1_94' title='bbox 1055 1692 1117 1736; x_wconf 92' lang='lat' dir='ltr'>uno</span> <span class='ocrx_word' id='word_1_95' title='bbox 1145 1693 1221 1736; x_wconf 83' lang='lat' dir='ltr'>casu</span> <span class='ocrx_word' id='word_1_96' title='bbox 1242 1683 1275 1732; x_wconf 76' lang='lat'>10</span> 
     </span>
     <span class='ocr_line' id='line_1_12' title="bbox 104 1797 1219 1880; baseline 0.001 -21"><span class='ocrx_word' id='word_1_97' title='bbox 104 1798 287 1861; x_wconf 82' lang='lat' dir='ltr'>necessaria</span> <span class='ocrx_word' id='word_1_98' title='bbox 303 1797 375 1878; x_wconf 85' lang='lat' dir='ltr'>erit;</span> <span class='ocrx_word' id='word_1_99' title='bbox 393 1799 420 1862; x_wconf 90' lang='lat' dir='ltr'>si</span> <span class='ocrx_word' id='word_1_100' title='bbox 432 1799 515 1862; x_wconf 89' lang='lat' dir='ltr'>enim</span> <span class='ocrx_word' id='word_1_101' title='bbox 528 1798 737 1862; x_wconf 88' lang='lat' dir='ltr'>euidentiores</span> <span class='ocrx_word' id='word_1_102' title='bbox 750 1798 826 1862; x_wconf 88' lang='lat' dir='ltr'>fines</span> <span class='ocrx_word' id='word_1_103' title='bbox 840 1797 893 1879; x_wconf 88' lang='lat' dir='ltr'>qui</span> <span class='ocrx_word' id='word_1_104' title='bbox 904 1819 998 1880; x_wconf 83' lang='lat' dir='ltr'>agros</span> <span class='ocrx_word' id='word_1_105' title='bbox 1016 1797 1219 1880; x_wconf 83' lang='lat' dir='ltr'>distinguant,</span> 
     </span>
    </p>
   </div>
   <div class='ocr_carea' id='block_1_3' title="bbox 106 1921 1219 2007">
    <p class='ocr_par' dir='ltr' id='par_1_3' title="bbox 106 1921 1219 2007">
     <span class='ocr_line' id='line_1_13' title="bbox 106 1921 1219 2007; baseline 0.001 -22"><span class='ocrx_word' id='word_1_106' title='bbox 106 1921 201 1986; x_wconf 81' lang='lat' dir='ltr'>iudex</span> <span class='ocrx_word' id='word_1_107' title='bbox 231 1942 347 2006; x_wconf 87' lang='lat' dir='ltr'>ponere</span> <span class='ocrx_word' id='word_1_108' title='bbox 378 1931 529 2004; x_wconf 81' lang='lat' dir='ltr'>nequeat,</span> <span class='ocrx_word' id='word_1_109' title='bbox 562 1924 601 1988; x_wconf 89' lang='lat' dir='ltr'>ad</span> <span class='ocrx_word' id='word_1_110' title='bbox 631 1923 698 1988; x_wconf 88' lang='lat' dir='ltr'>eius</span> <span class='ocrx_word' id='word_1_111' title='bbox 726 1923 861 2007; x_wconf 86' lang='lat' dir='ltr'>pertinet</span> <span class='ocrx_word' id='word_1_112' title='bbox 887 1923 1022 1987; x_wconf 82' lang='lat' dir='ltr'>osticium</span> <span class='ocrx_word' id='word_1_113' title='bbox 1052 1943 1091 1986; x_wconf 85' lang='lat' dir='ltr'>ex</span> <span class='ocrx_word' id='word_1_114' title='bbox 1120 1923 1219 1986; x_wconf 86' lang='lat' dir='ltr'>altero</span> 
     </span>
    </p>
   </div>
   <div class='ocr_carea' id='block_1_4' title="bbox 51 2047 1274 3264">
    <p class='ocr_par' dir='ltr' id='par_1_4' title="bbox 51 2047 1274 3264">
     <span class='ocr_line' id='line_1_14' title="bbox 104 2047 1221 2131; baseline 0.001 -21"><span class='ocrx_word' id='word_1_115' title='bbox 104 2067 252 2130; x_wconf 86' lang='lat' dir='ltr'>agrorum</span> <span class='ocrx_word' id='word_1_116' title='bbox 269 2053 389 2131; x_wconf 86' lang='lat' dir='ltr'>partem</span> <span class='ocrx_word' id='word_1_117' title='bbox 407 2048 510 2112; x_wconf 89' lang='lat' dir='ltr'>uicino</span> <span class='ocrx_word' id='word_1_118' title='bbox 528 2048 719 2128; x_wconf 87' lang='lat' dir='ltr'>adiudicare,</span> <span class='ocrx_word' id='word_1_119' title='bbox 744 2053 778 2111; x_wconf 91' lang='lat' dir='ltr'>ut</span> <span class='ocrx_word' id='word_1_120' title='bbox 793 2055 896 2112; x_wconf 89' lang='lat' dir='ltr'>certos</span> <span class='ocrx_word' id='word_1_121' title='bbox 915 2048 947 2111; x_wconf 89' lang='lat' dir='ltr'>in</span> <span class='ocrx_word' id='word_1_122' title='bbox 964 2048 1022 2110; x_wconf 89' lang='lat' dir='ltr'>hac</span> <span class='ocrx_word' id='word_1_123' title='bbox 1039 2055 1127 2130; x_wconf 92' lang='lat' dir='ltr'>parte</span> <span class='ocrx_word' id='word_1_124' title='bbox 1143 2047 1221 2111; x_wconf 86' lang='lat' dir='ltr'>fines</span> 
     </span>
     <span class='ocr_line' id='line_1_15' title="bbox 104 2171 1220 2253; baseline -0.002 -17"><span class='ocrx_word' id='word_1_125' title='bbox 104 2171 289 2236; x_wconf 89' lang='lat' dir='ltr'>constituat:</span> <span class='ocrx_word' id='word_1_126' title='bbox 315 2193 376 2253; x_wconf 88' lang='lat' dir='ltr'>quo</span> <span class='ocrx_word' id='word_1_127' title='bbox 393 2193 469 2236; x_wconf 86' lang='lat' dir='ltr'>casu</span> <span class='ocrx_word' id='word_1_128' title='bbox 485 2172 675 2237; x_wconf 90' lang='lat' dir='ltr'>conueniens</span> <span class='ocrx_word' id='word_1_129' title='bbox 692 2181 749 2252; x_wconf 85' lang='lat' dir='ltr'>est,</span> <span class='ocrx_word' id='word_1_130' title='bbox 774 2179 807 2237; x_wconf 90' lang='lat' dir='ltr'>ut</span> <span class='ocrx_word' id='word_1_131' title='bbox 831 2173 912 2236; x_wconf 89' lang='lat' dir='ltr'>hmrc</span> <span class='ocrx_word' id='word_1_132' title='bbox 936 2171 1027 2236; x_wconf 86' lang='lat' dir='ltr'>alteri</span> <span class='ocrx_word' id='word_1_133' title='bbox 1051 2172 1220 2235; x_wconf 86' lang='lat' dir='ltr'>incertam</span> 
     </span>
     <span class='ocr_line' id='line_1_16' title="bbox 103 2296 1273 2380; baseline -0.008 -18"><span class='ocrx_word' id='word_1_134' title='bbox 103 2297 271 2380; x_wconf 90' lang='lat' dir='ltr'>peemriam</span> <span class='ocrx_word' id='word_1_135' title='bbox 307 2296 499 2362; x_wconf 90' lang='lat' dir='ltr'>condemnet.</span> <span class='ocrx_word' id='word_1_136' title='bbox 547 2297 573 2362; x_wconf 90' lang='lat' dir='ltr'>si</span> <span class='ocrx_word' id='word_1_137' title='bbox 597 2317 672 2362; x_wconf 91' lang='lat' dir='ltr'>uero</span> <span class='ocrx_word' id='word_1_138' title='bbox 703 2298 835 2361; x_wconf 89' lang='lat' dir='ltr'>alterum</span> <span class='ocrx_word' id='word_1_139' title='bbox 866 2297 1002 2362; x_wconf 91' lang='lat' dir='ltr'>uicinum</span> <span class='ocrx_word' id='word_1_140' title='bbox 1033 2297 1117 2360; x_wconf 87' lang='lat' dir='ltr'>cirea</span> <span class='ocrx_word' id='word_1_141' title='bbox 1143 2297 1221 2360; x_wconf 84' lang='lat' dir='ltr'>fines</span> <span class='ocrx_word' id='word_1_142' title='bbox 1243 2307 1273 2355; x_wconf 76' lang='lat' dir='ltr'>tu</span> 
     </span>
     <span class='ocr_line' id='line_1_17' title="bbox 103 2421 1220 2504; baseline -0.001 -18"><span class='ocrx_word' id='word_1_143' title='bbox 103 2423 261 2486; x_wconf 84' lang='lat' dir='ltr'>malitiose</span> <span class='ocrx_word' id='word_1_144' title='bbox 298 2423 418 2486; x_wconf 83' lang='lat' dir='ltr'>uersari</span> <span class='ocrx_word' id='word_1_145' title='bbox 453 2421 629 2504; x_wconf 85' lang='lat' dir='ltr'>contingat,</span> <span class='ocrx_word' id='word_1_146' title='bbox 663 2422 742 2487; x_wconf 87' lang='lat' dir='ltr'>odeo</span> <span class='ocrx_word' id='word_1_147' title='bbox 766 2423 862 2504; x_wconf 87' lang='lat' dir='ltr'>t&#39;orte,</span> <span class='ocrx_word' id='word_1_148' title='bbox 897 2429 931 2486; x_wconf 90' lang='lat' dir='ltr'>ut</span> <span class='ocrx_word' id='word_1_149' title='bbox 959 2422 1081 2504; x_wconf 85' lang='lat' dir='ltr'>lapides</span> <span class='ocrx_word' id='word_1_150' title='bbox 1109 2421 1220 2486; x_wconf 86' lang='lat' dir='ltr'>finales</span> 
     </span>
     <span class='ocr_line' id='line_1_18' title="bbox 102 2547 1220 2630; baseline -0.002 -18"><span class='ocrx_word' id='word_1_151' title='bbox 102 2551 225 2613; x_wconf 86' lang='lat' dir='ltr'>turctur</span> <span class='ocrx_word' id='word_1_152' title='bbox 249 2556 304 2613; x_wconf 86' lang='lat' dir='ltr'>aut</span> <span class='ocrx_word' id='word_1_153' title='bbox 330 2549 460 2613; x_wconf 89' lang='lat' dir='ltr'>arbores</span> <span class='ocrx_word' id='word_1_154' title='bbox 483 2549 593 2614; x_wconf 88' lang='lat' dir='ltr'>finales</span> <span class='ocrx_word' id='word_1_155' title='bbox 617 2549 743 2630; x_wconf 86' lang='lat' dir='ltr'>caedat,</span> <span class='ocrx_word' id='word_1_156' title='bbox 774 2547 927 2612; x_wconf 91' lang='lat' dir='ltr'>eiusmodi</span> <span class='ocrx_word' id='word_1_157' title='bbox 955 2548 1069 2611; x_wconf 81' lang='lat' dir='ltr'>noxiae</span> <span class='ocrx_word' id='word_1_158' title='bbox 1097 2547 1220 2610; x_wconf 89' lang='lat' dir='ltr'>nomine</span> 
     </span>
     <span class='ocr_line' id='line_1_19' title="bbox 51 2673 1222 2754; baseline 0.002 -21"><span class='ocrx_word' id='word_1_159' title='bbox 51 2685 89 2734; x_wconf 83' lang='lat' dir='ltr'>6o.</span> <span class='ocrx_word' id='word_1_160' title='bbox 101 2674 289 2739; x_wconf 86' lang='lat' dir='ltr'>aduersario</span> <span class='ocrx_word' id='word_1_161' title='bbox 325 2674 592 2740; x_wconf 86' lang='lat' dir='ltr'>condemnabitur.</span> <span class='ocrx_word' id='word_1_162' title='bbox 654 2679 708 2739; x_wconf 88' lang='lat' dir='ltr'>6a.</span> <span class='ocrx_word' id='word_1_163' title='bbox 732 2675 889 2737; x_wconf 90' lang='lat' dir='ltr'>Interdum</span> <span class='ocrx_word' id='word_1_164' title='bbox 925 2673 978 2754; x_wconf 89' lang='lat' dir='ltr'>qui</span> <span class='ocrx_word' id='word_1_165' title='bbox 1013 2679 1129 2736; x_wconf 89' lang='lat' dir='ltr'>temere</span> <span class='ocrx_word' id='word_1_166' title='bbox 1165 2693 1222 2736; x_wconf 90' lang='lat' dir='ltr'>seu</span> 
     </span>
     <span class='ocr_line' id='line_1_20' title="bbox 100 2798 1221 2884; baseline -0.002 -22"><span class='ocrx_word' id='word_1_167' title='bbox 100 2800 248 2883; x_wconf 88' lang='lat' dir='ltr'>improbe</span> <span class='ocrx_word' id='word_1_168' title='bbox 282 2799 395 2865; x_wconf 87' lang='lat' dir='ltr'>iudicis</span> <span class='ocrx_word' id='word_1_169' title='bbox 424 2801 603 2884; x_wconf 86' lang='lat' dir='ltr'>praeceptis</span> <span class='ocrx_word' id='word_1_170' title='bbox 632 2820 693 2864; x_wconf 92' lang='lat' dir='ltr'>non</span> <span class='ocrx_word' id='word_1_171' title='bbox 722 2806 849 2883; x_wconf 84' lang='lat' dir='ltr'>pareat,</span> <span class='ocrx_word' id='word_1_172' title='bbox 886 2818 1005 2882; x_wconf 91' lang='lat' dir='ltr'>poenas</span> <span class='ocrx_word' id='word_1_173' title='bbox 1040 2798 1097 2862; x_wconf 90' lang='lat' dir='ltr'>luit</span> <span class='ocrx_word' id='word_1_174' title='bbox 1127 2806 1221 2878; x_wconf 87' lang='lat' dir='ltr'>atquc</span> 
     </span>
     <span class='ocr_line' id='line_1_21' title="bbox 100 2922 1274 3004; baseline -0.006 -16"><span class='ocrx_word' id='word_1_175' title='bbox 100 2925 170 2989; x_wconf 88' lang='lat' dir='ltr'>eius</span> <span class='ocrx_word' id='word_1_176' title='bbox 201 2925 325 2989; x_wconf 91' lang='lat' dir='ltr'>nomine</span> <span class='ocrx_word' id='word_1_177' title='bbox 355 2925 590 2990; x_wconf 90' lang='lat' dir='ltr'>condemnatur.</span> <span class='ocrx_word' id='word_1_178' title='bbox 641 2933 675 2989; x_wconf 93' lang='lat' dir='ltr'>ut</span> <span class='ocrx_word' id='word_1_179' title='bbox 706 2945 795 2990; x_wconf 87' lang='lat' dir='ltr'>eece:</span> <span class='ocrx_word' id='word_1_180' title='bbox 825 2924 914 2988; x_wconf 86' lang='lat' dir='ltr'>iussit</span> <span class='ocrx_word' id='word_1_181' title='bbox 942 2924 1050 3004; x_wconf 84' lang='lat' dir='ltr'>iudex,</span> <span class='ocrx_word' id='word_1_182' title='bbox 1080 2943 1149 2988; x_wconf 92' lang='lat' dir='ltr'>cum</span> <span class='ocrx_word' id='word_1_183' title='bbox 1181 2922 1220 2987; x_wconf 92' lang='lat' dir='ltr'>de</span> <span class='ocrx_word' id='word_1_184' title='bbox 1240 2935 1274 2982; x_wconf 69' lang='lat' dir='ltr'>:n</span> 
     </span>
     <span class='ocr_line' id='line_1_22' title="bbox 99 3047 1219 3132; baseline -0.003 -20"><span class='ocrx_word' id='word_1_185' title='bbox 99 3049 219 3114; x_wconf 86' lang='lat' dir='ltr'>tinibus</span> <span class='ocrx_word' id='word_1_186' title='bbox 242 3056 327 3114; x_wconf 88' lang='lat' dir='ltr'>esset</span> <span class='ocrx_word' id='word_1_187' title='bbox 350 3051 575 3132; x_wconf 86' lang='lat' dir='ltr'>controuersia,</span> <span class='ocrx_word' id='word_1_188' title='bbox 600 3058 763 3132; x_wconf 89' lang='lat' dir='ltr'>utrumque</span> <span class='ocrx_word' id='word_1_189' title='bbox 787 3050 916 3114; x_wconf 90' lang='lat' dir='ltr'>fundum</span> <span class='ocrx_word' id='word_1_190' title='bbox 940 3049 1055 3114; x_wconf 90' lang='lat' dir='ltr'>metiri:</span> <span class='ocrx_word' id='word_1_191' title='bbox 1086 3049 1166 3112; x_wconf 86' lang='lat' dir='ltr'>alter</span> <span class='ocrx_word' id='word_1_192' title='bbox 1188 3047 1219 3110; x_wconf 95' lang='lat' dir='ltr'>id</span> 
     </span>
     <span class='ocr_line' id='line_1_23' title="bbox 98 3175 1218 3264; baseline -0.004 -25"><span class='ocrx_word' id='word_1_193' title='bbox 98 3193 163 3240; x_wconf 92' lang='lat' dir='ltr'>non</span> <span class='ocrx_word' id='word_1_194' title='bbox 190 3180 240 3240; x_wconf 88' lang='lat' dir='ltr'>est</span> <span class='ocrx_word' id='word_1_195' title='bbox 266 3196 378 3264; x_wconf 85' lang='lat' dir='ltr'>passus</span> <span class='ocrx_word' id='word_1_196' title='bbox 402 3175 484 3242; x_wconf 85' lang='lat' dir='ltr'>ficri:</span> <span class='ocrx_word' id='word_1_197' title='bbox 512 3182 671 3258; x_wconf 88' lang='lat' dir='ltr'>tamquam</span> <span class='ocrx_word' id='word_1_198' title='bbox 700 3176 851 3242; x_wconf 84' lang='lat' dir='ltr'>aduersus</span> <span class='ocrx_word' id='word_1_199' title='bbox 879 3175 1015 3240; x_wconf 88' lang='lat' dir='ltr'>iudicem</span> <span class='ocrx_word' id='word_1_200' title='bbox 1042 3180 1218 3252; x_wconf 84' lang='lat' dir='ltr'>contumax,</span> 
     </span>
    </p>
   </div>
   <div class='ocr_carea' id='block_1_5' title="bbox 0 0 1464 4750">
    <p class='ocr_par' dir='ltr' id='par_1_5' title="bbox 0 0 1464 4750">
     <span class='ocr_line' id='line_1_24' title="bbox 0 0 1464 4750; baseline 0 5"><span class='ocrx_word' id='word_1_201' title='bbox 0 0 1464 4750; x_wconf 95' lang='lat' dir='ltr'> </span> 
     </span>
    </p>
   </div>
  </div>
 </body>
</html>
