2926 4708
546 316 780 380 ‚200-

210 605 258 671 De
279 603 430 672 heredum
452 604 606 687 qualitute
628 611 661 671 et
682 604 869 672 differentia.
913 605 1037 672 Titulus
1061 607 1110 670 19.

180 791 316 858 Hmedis
338 810 450 858 nomen
472 791 619 874 gencrale
642 799 706 872 est;
735 792 768 860 in
797 799 862 860 tres
890 798 996 860 autem
1023 795 1143 875 specics
1171 794 1224 860 de-

97 911 232 978 ducitur.
276 909 428 978 heredum
451 911 533 976 enim
555 910 683 993 quidam
706 911 877 978 necessarii
907 911 1072 990 dicuntur,
1100 911 1154 978 aiii
1175 912 1225 978 aui

62 1040 80 1089 1.
97 1035 127 1095 at
149 1029 331 1104 necessarii,
353 1029 408 1095 alii
430 1031 555 1095 demum
577 1031 729 1096 extranei.
769 1035 797 1095 1.
831 1031 909 1111 Quis
936 1050 1013 1098 uero
1043 1037 1091 1096 est
1119 1048 1226 1098 neces·

97 1146 226 1213 sarius?
248 1163 360 1214 seruus
381 1147 473 1214 heres
495 1148 676 1228 institutus,
699 1149 753 1229 oui
776 1149 846 1216 ideo
868 1149 914 1216 sic
933 1150 1118 1233 appellatur,
1141 1150 1225 1233 quod

98 1266 165 1333 siue
187 1265 269 1332 uelit
290 1267 359 1334 siue
380 1267 460 1332 nolit
481 1266 660 1333 omnimodo
683 1275 756 1350 post
777 1268 896 1335 domini
918 1275 1051 1336 mortem
1081 1268 1225 1352 protinus
1258 1294 1276 1345 5

96 1385 174 1452 ldier
198 1393 231 1451 et
254 1387 448 1452 necessarius
470 1386 562 1452 heres
584 1386 629 1453 fit.
676 1388 759 1453 unde
782 1388 835 1468 qui
858 1394 1021 1472 suspectas
1042 1388 1160 1454 hebent
1181 1387 1224 1455 ia

97 1504 233 1572 cultates
256 1523 329 1572 suus
350 1524 388 1573 cc
410 1511 560 1573 uerentur
582 1513 618 1572 ut
640 1523 731 1572 nemo
753 1506 796 1571 sit
822 1512 951 1588 propter
964 1508 1101 1588 inopiam
1116 1525 1223 1573 eorum

98 1625 179 1692 hona
201 1629 401 1706 compturus,
423 1625 527 1692 solent
548 1643 638 1692 suum
662 1643 790 1691 seruum
805 1625 908 1707 ummo
924 1625 1062 1692 secundo
1084 1629 1141 1691 aut
1162 1631 1226 1690 ter·

98 1745 141 1812 tio
162 1744 217 1810 uel
240 1745 335 1811 etiam
358 1746 509 1813 ulteriore
531 1745 632 1827 meda
655 1746 803 1812 heredem
826 1745 977 1824 scribere,
1001 1745 1116 1812 uoluti:
1145 1744 1223 1810 Sti·

97 1864 191 1930 chus
220 1883 368 1931 seruus
396 1883 503 1932 meus
531 1864 648 1932 heres
677 1871 779 1930 esto:
807 1865 892 1945 quod
914 1869 963 1930 est
985 1865 1085 1947 prium
1107 1864 1223 1945 gradu:
1245 1878 1277 1931 10

98 1983 148 2050 uel
171 1984 312 2050 secundo
345 1983 404 2051 hoc
431 1983 539 2050 modo:
570 1981 721 2050 Primus
748 1984 861 2049 heres
890 1987 991 2050 esto:
1020 1983 1100 2049 nisi
1131 1985 1224 2065 erit,

98 2102 261 2170 Stichus
284 2120 429 2168 seruus
451 2119 560 2186 mens
582 2102 701 2169 heres
724 2110 818 2170 esto.
854 2106 954 2170 etita
976 2105 1132 2187 deinceps.
1177 2121 1226 2170 ce·

97 2227 197 2288 terum
222 2223 251 2287 si
273 2240 364 2288 nemo
385 2221 593 2288 hereditatem
612 2221 702 2288 adire
717 2224 881 2303 sustinect,
905 2222 1083 2291 necessario
1098 2221 1225 2290 Stichus

97 2342 193 2407 adibit
216 2341 374 2424 heresque
396 2339 461 2420 fist
484 2349 580 2424 atque
602 2341 664 2407 nisi
686 2341 826 2409 defuncti
852 2341 1061 2408 creditoribus
1084 2342 1223 2409 debitum

97 2460 244 2538 soluerit,
279 2460 331 2526 uel
352 2478 411 2542 pro
433 2478 506 2526 aere
527 2459 630 2527 alieno
659 2460 863 2540 satisfecerit,
898 2461 1069 2544 ignominia
1098 2460 1223 2544 quidem
1246 2481 1276 2532 ro

97 2580 264 2647 defunctus
278 2597 340 2646 non
363 2579 537 2658 adficietur,
560 2581 718 2647 hereditas
741 2588 846 2648 autem
870 2581 1073 2660 distrahetur,
1096 2600 1157 2647 uon
1181 2583 1225 2650 ita

98 2709 200 2766 tamen
226 2706 264 2765 ut
293 2701 398 2766 dicant
429 2701 600 2767 creditores
628 2701 712 2766 iliius
739 2700 879 2768 defuncti
909 2702 990 2768 bona
1018 2703 1142 2778 uenire,
1177 2708 1226 2769 set

97 2817 192 2886 Stichi
216 2819 354 2885 heredis.
401 2838 471 2885 cum
494 2825 601 2887 autam
626 2821 798 2886 creditores
820 2821 852 2886 in
881 2821 1032 2886 bonorum
1055 2822 1225 2903 possessio-

97 2958 164 3006 nem
188 2941 257 3005 sint
278 2940 374 3018 missi,
398 2946 455 3006 aut
476 2939 656 3006 distrahunt
678 2959 717 3004 ec
738 2947 795 3005 aut
817 2942 899 3005 inter
915 2956 949 3005 se
965 2939 1122 3006 diuidunt
1146 2955 1225 3005 mer·

96 3059 202 3124 cedem
227 3063 333 3124 cutem
356 3058 512 3124 eiusmodi
533 3059 723 3140 ignominiae
738 3059 868 3124 hebebit
881 3076 994 3124 seruus
1010 3057 1144 3140 primum
1159 3058 1225 3140 qui·
1242 3081 1277 3132 oo

97 3179 164 3244 dem
187 3178 387 3254 libertatem,
417 3178 507 3244 cuius
534 3177 581 3242 rei
611 3177 687 3243 nihil
717 3179 886 3257 pretiosius
916 3184 981 3256 est3
1008 3177 1122 3244 deindo
1148 3176 1224 3241 iliud

96 3299 188 3361 etiem
236 3296 265 3362 ei
305 3301 508 3376 praestatur,
557 3303 593 3361 ut
640 3311 856 3378 quaecumque
899 3303 971 3378 post
1016 3297 1064 3361 sui
1108 3296 1225 3362 domini

96 3423 230 3482 mortem
253 3415 312 3482 sibi
335 3414 523 3496 adquisierit
545 3413 673 3480 Stichus
696 3434 734 3481 ex
757 3414 829 3481 aliis
851 3417 963 3493 censis,
989 3417 1071 3482 idest
1092 3433 1154 3481 non
1168 3435 1226 3498 per

96 3535 291 3601 occasionem
320 3533 520 3612 hereditatis,
555 3533 585 3599 ei
611 3539 817 3602 reseruentur
845 3552 946 3616 neque
975 3535 1072 3601 iniis
1101 3536 1226 3602 molesti
