2864 4736
537 361 778 423 -457-

107 540 186 613 sunt,
214 538 407 616 competunt,
431 537 628 598 transeamus
659 534 705 631 ad¹
728 533 822 599 aliam
850 534 1023 599 materiam.
1075 540 1106 598 et
1135 536 1215 598 scire

108 663 228 742 oportet
248 677 343 742 posse
365 677 424 724 nos
447 659 562 724 iudicio
586 679 683 742 agere
707 666 761 724 aut
783 679 841 743 per
863 666 986 723 nosmet
1008 658 1110 742 ipson,
1134 660 1217 723 idest

107 789 232 847 nostro
260 783 418 865 nomine,
446 790 502 848 aut
523 803 580 868 per
603 783 697 864 alios,
724 783 806 847 idest
829 784 954 848 alieno
984 785 1140 848 nomine.
1187 789 1218 847 et

107 907 207 971 alieno
236 906 359 972 nomine
387 909 522 990 agimuS,
556 908 655 974 ueluti
689 914 722 972 ut
755 915 976 992 procuratores
1010 915 1130 973 tutores
1165 909 1216 972 uel

107 1038 280 1096 curatores:
305 1052 345 1096 ex
367 1033 435 1096 iure
458 1033 612 1114 nimirum,
636 1033 721 1115 quod
744 1033 835 1098 hodie
860 1033 988 1117 optinet.
1035 1034 1109 1097 olim
1134 1033 1215 1098 enim
1257 1047 1270 1096 5

106 1157 136 1220 in
158 1177 218 1219 usu
241 1176 301 1220 non
325 1164 393 1220 erat
416 1157 520 1221 alieno
544 1157 668 1222 nomine
692 1177 803 1240 agere,
832 1158 892 1222 uisi
916 1159 1074 1223 exsertis
1099 1158 1217 1237 causis,

107 1288 139 1343 ut
156 1299 231 1345 ecce
246 1301 312 1363 pro
336 1282 475 1363 populo
493 1282 562 1361 quis
579 1281 664 1346 litem
680 1283 758 1346 inire
775 1288 909 1364 poterat,
934 1289 988 1346 aut
1011 1301 1077 1365 pro
1101 1282 1219 1346 liber-

106 1411 191 1468 tate.
243 1425 317 1468 uam
345 1424 414 1468 cum
443 1405 512 1486 quis
540 1406 572 1469 in
600 1407 799 1490 possessione
828 1413 913 1470 esset
940 1407 1099 1471 semitutis
1128 1412 1160 1470 et
1188 1407 1219 1470 iu

106 1529 282 1594 libertatem
307 1530 526 1612 proclamaret,
549 1550 612 1594 uon
636 1536 759 1612 poterat
782 1531 850 1614 ipse
867 1550 973 1614 agere,
997 1550 1037 1594 ne
1060 1531 1142 1594 forte
1165 1530 1219 1592 lite

106 1661 290 1734 contestata,
315 1674 425 1718 seruus
449 1674 519 1719 esse
543 1656 731 1738 probaretur
749 1662 781 1721 et
803 1655 892 1720 fieret
914 1661 948 1719 ut
972 1675 1082 1720 seruus
1106 1674 1219 1737 reapse
1240 1668 1273 1718 10

106 1799 176 1842 cum
200 1779 324 1842 domino
348 1786 467 1861 ageret.
513 1787 545 1844 et
566 1779 638 1844 ideo
662 1780 742 1844 alius
769 1801 825 1864 pro
849 1799 888 1844 eo
911 1780 1060 1844 iudicium
1084 1779 1219 1856 subibat,

105 1905 159 1985 qui
183 1903 347 1968 dicebatur
374 1903 554 1968 adsertor.
601 1904 677 1968 item
700 1904 795 1968 etiam
823 1923 887 1987 pro
915 1904 1046 1968 tutela.
1093 1903 1220 1987 saepius

106 2030 189 2092 enim
212 2027 317 2108 fiebat,
342 2034 376 2090 ut
398 2027 536 2110 pupillus
559 2035 661 2092 tutore
685 2028 841 2110 indigeret
865 2035 897 2092 et
920 2028 980 2092 duo
998 2028 1221 2092 contenderent

106 2161 178 2218 uter
209 2153 338 2217 tutelam
374 2152 534 2235 suscipere
569 2153 706 2217 deberet.
752 2158 839 2236 patet
871 2154 1055 2217 alterutrum
1094 2152 1220 2216 uincere

105 2277 263 2342 debuisse.
313 2275 368 2358 qni
402 2275 509 2358 itaque
544 2277 645 2340 uictus
679 2277 782 2341 fuerat
816 2277 920 2341 alieno
957 2277 1081 2340 nomine
1116 2276 1221 2358 egisse
1241 2289 1273 2339 15

107 2403 285 2482 uidebatur,
310 2421 376 2484 pro
400 2401 521 2465 tutela
544 2421 664 2484 nempe,
689 2421 770 2482 quae
795 2400 928 2464 adeum
953 2420 1015 2465 nou
1032 2399 1219 2484 pertinebat,

105 2526 198 2592 sicuti
222 2525 286 2590 litis
301 2525 371 2589 finis
397 2525 541 2590 ostendit.
579 2525 783 2604 lerHostilia
805 2525 957 2608 permisit,
983 2531 1026 2605 ut,
1051 2525 1079 2588 si
1102 2544 1220 2604 eorum,

105 2651 159 2732 qui
183 2649 269 2733 apud
296 2649 402 2714 hostes
430 2656 536 2714 essent
558 2649 610 2714 uel
633 2649 685 2731 qui
713 2649 907 2733 reipublicae
937 2669 1034 2714 causa
1063 2651 1220 2728 abessent,

104 2795 157 2839 res
181 2775 310 2839 ablatae
334 2780 449 2854 essent,
480 2774 565 2854 iurti,
590 2773 643 2853 qui
667 2774 772 2854 uellet,
798 2780 916 2856 ageret.
963 2781 1011 2838 set
1034 2782 1065 2838 et
1089 2774 1117 2837 si
1138 2779 1223 2837 tutor

101 2899 237 2963 fuissem
260 2898 380 2982 pupilli,
405 2898 458 2978 qui
482 2918 530 2962 me
554 2887 640 2981 apud
662 2898 767 2962 hostes
784 2898 953 2962 constituto
971 2897 1058 2962 reiue
1075 2898 1221 2980 publicae
1241 2914 1276 2965 20

103 3043 206 3087 causa
224 3024 364 3102 absente,
380 3023 496 3086 turtum
514 3029 598 3086 esset
609 3042 733 3105 passus,
759 3041 859 3102 aeque
872 3022 926 3103 qui
944 3023 1082 3102 uolebat,
1106 3021 1180 3085 furti
1193 3022 1222 3085 ei

101 3147 190 3212 actio
215 3153 292 3216 erat.
329 3153 360 3210 et
383 3146 458 3230 quia
481 3146 540 3211 hoc
563 3165 625 3211 non
640 3146 800 3211 minimam
820 3146 1107 3212 incommoditatem
1127 3147 1222 3210 habe-

102 3273 161 3336 bat
197 3271 282 3352 quod
312 3289 402 3336 nemo
433 3277 558 3353 poterat
587 3271 692 3335 alieno
720 3272 845 3336 nomine
871 3289 975 3354 neque
1001 3291 1096 3352 agere
1121 3289 1222 3350 neque

101 3396 265 3461 actionem
278 3395 433 3479 excipere,
451 3402 622 3478 coeperunt
636 3395 777 3460 homines
790 3415 847 3478 per
858 3402 1076 3478 procuratores
1088 3394 1221 3475 litigare.

100 3519 264 3585 interdum
280 3519 360 3584 enim
378 3526 432 3584 aut
444 3521 570 3584 morbus
581 3526 634 3584 aut
650 3526 738 3585 aetas
751 3526 806 3582 aut
817 3519 999 3583 necessaria
1010 3517 1222 3602 peregrinatio
1242 3535 1275 3584 25

99 3646 246 3725 itemque
274 3644 356 3708 aliae
383 3644 500 3708 multae
531 3663 648 3708 causae
681 3643 903 3726 impedimento
935 3647 1021 3724 sunt,
1057 3640 1222 3722 quominus

65 3787 89 3838 1.
100 3769 210 3852 possit
236 3769 299 3834 litis
331 3768 473 3833 dominus
496 3769 565 3852 ipse
588 3769 620 3832 in
643 3767 791 3832 iudicium
819 3768 937 3831 uenire.
987 3771 1013 3832 1.
1036 3767 1223 3830 Procurator
