2932 4704
286 1227 444 1334 Incipit
477 1254 573 1306 cum
605 1225 686 1307 deo
718 1225 934 1308 Institutio
969 1224 1046 1311 11².

374 1593 420 1658 De
443 1610 547 1658 rerum
571 1594 733 1658 diuisione.
779 1593 902 1658 Titulus
927 1597 954 1656 1.

187 1777 359 1862 Superiore
382 1779 461 1845 libro
483 1796 553 1844 oum
577 1779 615 1844 de
638 1779 678 1844 iis
700 1778 795 1844 locuti
818 1797 967 1859 essemus,
991 1781 1044 1862 qui
1067 1781 1137 1846 iura
1156 1797 1227 1846 con-

110 1900 179 1964 dere
200 1900 336 1980 possint,
358 1907 391 1964 et
412 1897 491 1964 iuris
519 1897 703 1964 diuisionem
734 1899 995 1977 instituissemus,
1023 1898 1158 1965 diximus
1186 1900 1226 1964 ad

109 2019 166 2084 tria
193 2036 395 2085 romanorum
428 2019 477 2083 ius
504 2018 676 2102 pertinere,
705 2017 746 2084 ad
772 2037 923 2100 personas
950 2036 1061 2098 nempe
1098 2019 1225 2098 adres,

110 2139 145 2201 ad
166 2139 315 2204 actiones.
360 2143 393 2202 et
414 2136 453 2203 de
474 2139 619 2222 personis¹
638 2137 809 2204 docuinam
832 2138 894 2203 iam
915 2137 1006 2220 piene
1028 2137 1225 2204 tradidimus:

109 2255 239 2322 diximus
263 2257 346 2324 enim
368 2257 520 2338 quosdam
550 2257 679 2336 liberos,
707 2258 858 2339 quosdam
885 2274 995 2322 seruos
1025 2274 1108 2335 esse,
1139 2262 1172 2323 et
1192 2255 1227 2322 li·
1260 2270 1279 2319 s

109 2377 249 2443 tuorum
266 2377 347 2444 elios
361 2377 522 2459 ingenuos,
545 2378 622 2445 alios
636 2377 807 2454 libertinos,
831 2383 863 2442 et
885 2377 925 2442 ad
947 2377 1080 2442 aiteram
1102 2375 1227 2442 diuisio-

108 2512 173 2560 nem
186 2496 390 2577 perueuimus
406 2495 553 2562 docentes
568 2497 726 2562 hominum
740 2495 893 2577 quosdam
908 2497 957 2562 sui
972 2495 1060 2575 iuris,
1076 2495 1226 2577 quosdam

106 2613 193 2680 alieni
215 2614 298 2680 iuris
320 2631 399 2692 esse,
423 2621 455 2680 et
476 2615 632 2698 quomodo
647 2621 786 2698 potestas
801 2615 1010 2682 constituatur
1025 2621 1057 2680 et
1071 2615 1226 2697 quomodo

107 2731 314 2812 dissoluatur,
349 2753 519 2817 eorumque
548 2735 601 2814 qui
627 2733 678 2800 sui
705 2734 783 2799 iuris
810 2742 884 2800 suut
915 2733 993 2800 alios
1026 2731 1084 2800 sub
1118 2731 1226 2810 tutela,

106 2851 180 2918 aiios
202 2853 264 2918 sub
289 2871 365 2918 cura
387 2871 465 2918 esse.
510 2849 587 2917 Cum
610 2855 715 2919 autem
737 2860 936 2934 perspectum
958 2853 1129 2920 habeamus
1150 2857 1279 2933 quo-1⁰

106 2969 194 3038 modo
215 2977 341 3038 tutores
364 2976 569 3038 ouratoresue
591 2970 723 3036 tentet
745 2978 881 3051 cessent,
904 2991 986 3056 quae
1014 2973 1078 3038 sint
1099 2987 1227 3038 excum-

106 3089 204 3156 tiones
233 3099 268 3157 st
296 3109 378 3174 quae
405 3092 488 3157 satio
517 3091 656 3173 suspecti
684 3093 814 3170 tutoiis,
845 3092 885 3156 ad
914 3092 1085 3160 seeundum
1111 3091 1226 3158 librum

106 3209 270 3277 ueniamus
293 3217 325 3277 et
346 3210 546 3294 dispiciemus
570 3211 610 3276 de
631 3229 738 3277 rerum
765 3211 928 3278 diuisione.
988 3211 1102 3277 diuisio
1123 3215 1227 3276 summ

107 3335 152 3394 est
171 3329 357 3396 indefinitae
378 3330 529 3396 materiae
550 3329 656 3396 breuis
679 3328 832 3413 quaedam
855 3329 1099 3412 comprehensio.

186 3449 320 3516 Summa
342 3469 447 3517 rerum
469 3449 582 3516 diuisio
604 3449 682 3516 haec
704 3447 857 3533 estquod
884 3467 989 3516 rerum
1018 3451 1172 3530 quaedam
1193 3449 1225 3514 in
1246 3460 1277 3511 u

105 3572 210 3636 nostm
233 3575 393 3654 potestate
414 3576 448 3636 et
467 3569 655 3651 patrimonio
678 3569 831 3654 quaedam
855 3576 944 3636 extra
965 3576 1107 3637 nostrum
1128 3571 1227 3653 patri·

105 3689 243 3756 monium
268 3695 300 3755 et
320 3693 511 3771 potestatem
533 3697 618 3756 sunt
640 3689 794 3771 quaedem
818 3691 898 3758 enim
922 3689 1058 3757 naturali
1080 3689 1148 3756 iure
1169 3707 1225 3755 seu

105 4279 108 4286 .
154 4241 261 4294 theoph.
275 4241 386 4285 Anteceu·
399 4255 442 4286 reo
454 4243 544 4286 Fertini.
