3092 4702
590 323 801 387 ..pp-

145 525 206 574 cors
226 513 296 572 erat
318 512 352 572 et
366 506 445 572 nihil
466 506 607 574 lucratus
630 514 687 572 est.
710 514 782 589 post
808 507 935 588 aliquod
963 509 1115 591 temporis
1136 509 1261 576 nuntiu-

145 631 203 690 tum
223 629 273 690 est
296 631 418 704 patrem
439 644 549 690 eorum
571 627 655 708 apud
678 627 785 692 hostes
807 627 996 708 decessisse;
1018 635 1052 694 et
1071 629 1143 694 ideo
1158 637 1261 711 pater-

145 760 207 807 nom
227 742 436 810 hereditatem
459 744 600 810 diuidere
622 743 780 810 uolebant
829 751 863 810 et
889 763 996 812 socors
1024 745 1151 827 quidem
1178 745 1263 812 tilius

143 860 198 926 ait:
222 880 336 936 inune,
357 863 502 942 quoniam
525 881 639 928 reuera
659 869 751 944 pater
773 863 922 942 decessit,
952 865 1051 930 nostui
1082 865 1160 930 iuris
1185 864 1261 932 iacti

144 997 258 1061 somus;
282 982 380 1061 igitur
401 997 615 1062 quaecumque
637 987 688 1060 tu,
714 980 813 1048 frater
842 981 994 1064 diligens,
1023 982 1193 1062 quaesisti,
1223 1001 1262 1048 ea
1295 981 1312 1032 ὅ

143 1103 285 1177 paternae
308 1098 475 1164 hereditati
496 1101 660 1178 accedunt,
683 1106 716 1166 et
734 1106 860 1182 oportet
875 1119 931 1166 nos
946 1100 1011 1166 tm'a
1032 1099 1130 1168 millia
1152 1119 1262 1166 aureo

145 1234 206 1282 ium
228 1215 384 1295 diuidere,
407 1223 443 1283 ut
464 1236 575 1299 nempe
602 1224 737 1298 uterque
765 1219 827 1282 MD
856 1219 1019 1300 accipiat«
1070 1220 1126 1300 qui
1156 1227 1262 1284 antem

142 1335 217 1416 frugi
238 1341 311 1401 erat
332 1335 510 1415 respondit:
536 1354 593 1400 aex
615 1353 652 1401 eo
681 1343 834 1416 tempore,
863 1355 925 1419 quo
955 1342 1046 1418 pater
1075 1344 1185 1402 noster
1212 1355 1262 1403 ea-

142 1461 208 1534 ptus
229 1461 290 1530 est,
312 1455 365 1520 ille
385 1453 555 1520 decessisse
570 1453 773 1535 intellegitur,
795 1455 928 1536 ideoque
950 1461 1060 1537 utpote
1083 1454 1262 1538 paterfami-

142 1573 193 1638 lias
218 1590 435 1654 qnaecnmque
460 1574 601 1639 lucratus
627 1591 710 1650 sum,
746 1573 888 1639 mihimet
914 1575 981 1656 ipse
1014 1573 1172 1657 quaesiui,
1199 1579 1315 1638 uon1⁰

143 1690 217 1755 alii«
271 1709 354 1773 quae
386 1693 544 1757 sententia
571 1693 661 1757 nobis
689 1693 796 1758 uerior
825 1693 962 1758 uidetur.
1014 1692 1042 1756 si
1071 1710 1146 1757 uero
1178 1691 1261 1757 filius

143 1827 232 1886 mens,
254 1827 388 1875 meusne
403 1827 501 1891 nepos
515 1811 556 1874 ab
579 1809 722 1876 hostibus
744 1811 897 1889 capiatur,
920 1810 1063 1876 similiter
1077 1810 1207 1875 dicimus
1229 1811 1261 1874 in

143 1945 289 2007 suspenso
312 1947 382 1993 esse
403 1929 454 1992 ius
475 1929 644 2009 potestatis
666 1927 699 1992 in
722 1947 810 2008 enm3
834 1947 893 1994 nou
917 1929 998 1993 enim
1015 1928 1118 1993 dicere
1133 1945 1260 2010 possum

143 2065 187 2112 me
206 2045 304 2112 filium
334 2048 366 2112 in
392 2054 551 2128 potestate
580 2047 697 2112 habere
725 2053 854 2128 propter
883 2049 932 2112 ius
962 2047 1160 2128 postliminii,
1190 2065 1260 2112 cum

144 2169 282 2246 speretur
293 2184 364 2230 eum
376 2165 561 2231 rediturum.
583 2167 608 2229 si
622 2165 815 2230 enimamea
827 2183 955 2247 prorsus
967 2165 1084 2230 exisset
1094 2169 1260 2246 potestate,
1281 2177 1313 2228 15

144 2285 291 2364 quomodo
307 2283 394 2348 nulla
408 2303 442 2348 re
457 2283 687 2348 interueniente
708 2283 781 2348 huie
797 2302 907 2350 rursus
923 2283 1155 2350 subiiceretur?
1177 2291 1262 2365 post·

143 2401 289 2466 liminium
311 2400 393 2467 enim
417 2421 478 2467 non
501 2403 601 2468 solum
623 2421 717 2484 quam
739 2403 772 2467 in
795 2403 874 2469 alios
888 2403 1059 2468 habueram
1074 2407 1260 2484 potestatem

144 2520 211 2584 mihi
232 2520 383 2596 restituit,
405 2527 454 2584 set
475 2522 570 2586 etiam
594 2539 688 2602 quam
710 2520 764 2586 alii
786 2522 826 2586 in·
842 2541 891 2586 me
913 2521 1090 2586 habuerant
1105 2520 1180 2586 mihi
1196 2539 1262 2586 ser·

144 2645 202 2702 aaa
245 2647 296 2704 set
318 2657 439 2721 nequeo
461 2641 565 2708 dicere
586 2642 708 2706 serum
730 2641 806 2705 mihi
837 2643 885 2706 ius
908 2641 1075 2722 potestatis
1098 2643 1129 2704 in
1151 2639 1261 2718 fihum‚

144 2757 292 2836 quomodo
315 2761 397 2823 enim
419 2759 557 2823 hostium
580 2777 708 2824 seruum
730 2759 763 2824 in
785 2764 942 2841 potestate
968 2758 1084 2824 hahere
1112 2757 1260 2840 possum?
1278 2776 1313 2827 no

143 2872 244 2954 itaque
265 2877 296 2939 in
325 2893 478 2956 suspenso
506 2877 556 2942 ius
583 2879 749 2974 potestatis
775 2895 844 2943 esse
872 2877 1021 2958 eoeperit.
1072 2877 1190 2942 dietum
1213 2883 1262 2942 est

142 2999 242 3057 autem
264 2994 601 3076 postliminiuma
629 2997 767 3061 limine
797 3003 830 3060 et
856 3003 957 3076 post„
1008 3013 1079 3061 nam
1109 3011 1179 3062 eum
1207 2996 1259 3077 qui

143 3112 178 3175 ab
199 3112 341 3178 hostibus
363 3120 475 3195 eaptus
498 3115 529 3179 in
552 3113 630 3180 fines
653 3133 852 3180 romanorum
875 3121 986 3196 postea
1008 3115 1153 3194 peruenit
1176 3119 1261 3178 reete

143 3230 269 3296 dicimus
296 3231 490 3312 postliminio
511 3251 684 3299 reuersum.
728 3232 837 3299 limina
859 3234 941 3300 enim
972 3233 1054 3298 sieut
1075 3233 1106 3294 in
1129 3231 1261 3298 aedibus

142 3345 230 3413 finem
251 3351 405 3431 quendam
433 3352 544 3417 domus
571 3351 704 3430 faciunt,
732 3354 836 3418 itaet
865 3350 986 3417 romani
1015 3350 1137 3433 imperii
1167 3347 1260 3414 finem
1278 3367 1312 3419 ab

143 3472 262 3533 ueteres
284 3487 353 3536 esse
377 3468 554 3535 uoluerunt.
599 3471 671 3534 hine
693 3477 725 3535 et
747 3471 840 3536 limen
864 3471 966 3536 dictus
989 3477 1052 3547 est,
1076 3466 1166 3551 quasi
1189 3465 1259 3532 finis
