2884 4728
577 379 819 443 —386—

136 552 214 616 furti
237 552 375 634 actione,
406 552 537 617 ulterius
561 554 657 636 enim,
690 574 786 635 quam
809 553 840 618 ei
862 553 966 617 iuerat
990 571 1186 633 concessum,
1221 571 1255 616 re

137 697 216 741 usus
240 683 296 741 eat.
330 677 358 740 si
380 685 485 741 autem
507 677 577 758 quis
601 698 714 760 equum
738 677 884 760 gestandi
906 676 1011 760 gratia
1037 676 1099 740 sibi
1122 696 1255 740 eommo-

137 801 258 882 datum,
282 806 316 865 ut
338 821 408 866 cum
432 821 470 865 co
494 802 600 884 aliquo
625 802 811 886 perueniret,
835 800 958 883 longius
984 801 1116 882 duxerit,
1139 800 1255 864 furtum

138 925 312 990 committit.
356 925 452 1006 idque
485 931 611 991 ueteres
644 927 837 1009 scripserunt
863 925 902 989 de
932 944 984 1006 co,
1012 925 1065 1006 qui
1093 925 1126 989 in
1155 926 1255 988 eciem

100 1060 128 1114 7.
139 1069 257 1132 equum
280 1050 343 1115 sibi
365 1050 595 1114 commodatum
618 1051 825 1135 perduxisset.
873 1053 901 1116 7.
924 1048 1123 1114 Generaliter
1150 1055 1255 1113 autem
1293 1064 1309 1114 5

135 1175 258 1258 placuit
281 1195 398 1257 omnee,
422 1175 477 1255 qui
499 1177 594 1239 rebus
619 1175 821 1240 commodatis
845 1175 937 1239 aliter
960 1180 1136 1255 uterentur,
1161 1194 1255 1255 qnam

136 1299 273 1364 utendas
300 1299 493 1382 acceperint,
528 1300 574 1364 ita
600 1299 717 1364 furtum
745 1299 939 1365 committere
969 1305 1002 1363 et
1028 1298 1103 1362 furti
1131 1297 1255 1362 actione

136 1424 249 1506 teneri,
273 1425 301 1488 oi
323 1443 359 1488 sc
381 1424 567 1506 intellegant
582 1425 681 1489 inuito
698 1424 822 1490 domino
838 1424 871 1488 id
888 1423 1008 1504 facere,
1033 1423 1255 1503 dominumque

137 1548 166 1613 si
178 1548 387 1613 intellexisset
398 1569 462 1613 non
473 1549 704 1632 permissurum.
726 1548 1255 1631 quodsidominumpermissurum

135 1693 240 1754 neque
264 1673 297 1736 id
320 1693 416 1755 aegre
440 1673 574 1737 laturum
604 1673 809 1754 crediderint,
834 1692 889 1736 eos
913 1691 976 1735 non
999 1691 1063 1734 non
1087 1691 1157 1735 esse
1180 1670 1255 1734 furti
1275 1683 1310 1735 10

136 1818 211 1863 rece
255 1798 432 1863 definimus:
474 1799 592 1882 optima
643 1817 719 1862 sane
769 1798 906 1878 ratione,
954 1796 1110 1861 »furtum
1159 1796 1254 1859 enim

90 1935 116 1986 8.
137 1924 222 1987 sine
257 1923 401 1988 affectu
428 1922 582 1987 furandi
610 1942 682 1987 non
710 1922 985 1996 committitur«.
1032 1923 1061 1987 8.
1085 1921 1140 1985 Set
1168 1926 1200 1985 et
1227 1921 1255 1985 si

137 2048 240 2112 inuito
264 2047 389 2113 domino
420 2047 452 2112 id
483 2067 518 2112 se
548 2047 653 2112 facere
679 2053 804 2130 putent,
832 2045 978 2109 dominns
1006 2053 1110 2109 autem
1139 2046 1255 2110 certior

136 2173 242 2236 factus
258 2191 321 2236 non
337 2191 433 2253 aegre
449 2191 514 2235 rem
530 2171 622 2252 ferat,
642 2171 758 2234 furtum
774 2169 897 2233 admitti
912 2189 976 2232 non
993 2168 1115 2233 dicitnr.
1147 2169 1260 2250 itaque'

139 2305 173 2360 ut
195 2296 272 2360 furti
287 2297 370 2360 actio
388 2301 554 2379 competat,
580 2296 640 2359 duo
657 2314 842 2359 concurrere
859 2293 990 2373 debent;
1014 2298 1049 2356 ut
1064 2312 1124 2374 ego
1141 2313 1253 2376 nempe
1275 2311 1309 2364 15

138 2420 262 2485 inuito
286 2419 434 2484 domino
458 2439 523 2484 rem
548 2425 752 2500 contrectem‚
781 2417 884 2510 scie-ns
908 2437 979 2481 eum
1000 2417 1035 2480 id
1062 2437 1158 2500 aegre
1183 2437 1253 2482 esse

137 2545 285 2626 laturum,
308 2548 340 2608 et
362 2544 416 2608 illc
440 2543 554 2609 certior
576 2543 678 2608 factus
701 2562 767 2607 rem
790 2543 822 2606 in
838 2541 953 2604 malam
969 2546 1092 2624 partem
1109 2541 1253 2624 accipiat.

139 2688 274 2751 quorum
289 2669 317 2733 si
332 2669 465 2734 alterurn
481 2668 614 2750 deficiat,
637 2667 720 2734 actio
736 2666 810 2731 furti
825 2686 890 2731 non
905 2671 1072 2748 competet.
1095 2665 1178 2729 unde
1195 2665 1252 2728 ali-

139 2794 214 2875 quid
240 2793 393 2859 ciuemodi
417 2793 592 2874 quaesitum
615 2798 677 2856 est:
706 2798 754 2856 set
782 2795 876 2854 antea
895 2790 973 2854 haec
1001 2789 1060 2854 tibi
1086 2794 1253 2872 perspecto

137 2919 270 2982 habeas.
323 2918 350 2982 si
385 2918 454 2998 quis
488 2938 591 2982 meum
622 2915 795 2999 corruperit
825 2935 951 2979 seruum
986 2913 1115 2994 eiusque
1150 2933 1252 2978 mores
1272 2935 1309 2986 20

139 3043 312 3108 deteriores
332 3042 451 3122 fecerit,
475 3049 597 3106 tenetur
620 3041 753 3122 actione,
776 3060 872 3120 quam
888 3045 1003 3102 uocant
1027 3038 1147 3102 »serui
1171 3057 1252 3101 cor-

140 3168 269 3250 ruptis,
305 3187 362 3250 per
394 3187 487 3248 quam
517 3165 626 3246 quanti
654 3165 721 3229 eius
749 3163 833 3228 serui
860 3163 993 3246 pretium
1025 3162 1175 3226 minutum
1204 3167 1252 3226 est
