2932 4704
540 357 771 420 ...100-

105 537 318 606 usufructuarii
341 541 425 608 iacta
447 550 529 608 sunt.
581 543 612 608 in
641 543 776 609 alienum
806 562 929 628 qnoque
960 545 1077 623 locum,
1107 509 1214 610 eonce-

105 659 189 724 dente
211 659 345 738 nomino,
368 661 443 727 licet
471 668 627 727 mortuum
656 661 772 730 inferre
799 670 832 729 et
859 663 1022 746 religiosus
1050 665 1135 730 iocus
1162 662 1212 728 fit:

103 779 145 842 sin
167 783 272 844 autern
300 799 337 846 eo
364 780 464 846 inuito
492 781 652 862 depositus
675 786 716 847 sit
745 788 901 860 mortuus,
929 783 1042 856 deinde
1072 784 1214 849 dominus

103 900 209 964 certior
230 899 333 966 factus
355 907 458 966 ratuni
481 901 626 967 habuerit
647 902 730 983 qnod
753 901 870 969 iactum
892 909 949 982 est,
973 911 1004 969 et
1026 903 1071 968 ita
1092 903 1214 984 religio·

65 1023 149 1084 ¹0·sus
170 1020 258 1084 locus
280 1018 325 1084 fit.
372 1020 421 1083 10.
456 1019 589 1086 Sanctae
612 1040 671 1098 res,
696 1020 794 1088 ueluti
816 1023 897 1087 muri
919 1029 1046 1104 portae,
1067 1021 1214 1102 quodam·
1248 1025 1264 1074 ⁵

101 1268 199 1326 autem
224 1278 330 1324 muros
353 1267 477 1326 sanctos
501 1261 634 1326 diximus
656 1263 730 1342 quia
752 1278 850 1341 poena
878 1260 988 1341 capitis
1011 1259 1043 1323 in
1067 1279 1120 1326 eos
1142 1277 1215 1326 con·

99 1379 204 1443 stitnta
228 1385 278 1444 est
299 1381 352 1461 qui
374 1379 492 1462 aliquid
512 1379 544 1444 in
560 1396 665 1443 muros
681 1378 878 1461 deliquerint,
894 1379 991 1446 ueluti
1006 1385 1126 1462 petram
1142 1380 1213 1445 inde

98 1497 246 1564 sumendo
274 1498 324 1563 uel
354 1495 493 1579 quolibet
521 1498 612 1562 modo
642 1516 729 1563 muro
761 1499 906 1564 damnum
929 1497 1098 1565 inserendo.
1142 1497 1214 1564 ideo
1270 1491 1273 1499 ’

98 1623 127 1682 et
147 1617 251 1699 legum
274 1635 327 1684 eas
349 1625 465 1700 partes,
489 1617 603 1701 quibus
625 1617 766 1700 partibus
789 1636 907 1699 poenae
929 1617 1118 1683 constitutae
1140 1621 1214 1683 snut
1234 1627 1265 1678 10
1342 1630 1345 1639 ·

96 1738 124 1800 in
147 1755 198 1804 ens
222 1737 277 1818 qui
299 1744 408 1802 contra
429 1736 514 1819 leges
535 1737 674 1817 iecerint,
697 1737 872 1803 sanctiones
902 1754 1058 1802 necamus.
1107 1736 1213 1802 dicun·

96 1863 144 1922 tur
166 1863 275 1922 autem
298 1861 329 1921 et
356 1855 430 1922 inde
456 1875 521 1922 res
548 1862 728 1933 sanctae,
757 1855 840 1936 quod
867 1855 1023 1922 sancire
1050 1861 1098 1920 est
1126 1875 1213 1922 con·

95 1975 268 2041 firmare.
312 1994 383 2041 euna
404 1977 501 2058 igitur
523 1977 604 2042 muri
627 1994 683 2042 noe
705 1982 863 2054 tueantur,
885 1976 955 2041 ideo
977 1975 1078 2041 sancti
1101 1993 1214 2042 uocan

95 2105 154 2160 tur.
205 2102 334 2178 praesto
363 2101 412 2161 est
440 2103 472 2162 et
500 2095 642 2162 fabulosa
671 2096 823 2175 quaedam
853 2095 921 2162 eins
948 2097 1080 2161 nominis
1108 2113 1212 2162 cansa.

95 2217 241 2283 dicuntur
263 2217 344 2280 enim
367 2216 410 2281 dii
430 2216 585 2298 qnondam
612 2233 682 2282 cuns
708 2215 885 2282 hominibus
911 2215 1071 2283 habitasse
1099 2233 1214 2297 eosque
1235 2229 1265 2280 io

94 2337 174 2402 omni
196 2335 337 2419 periculo
359 2333 511 2402 immunes
533 2351 690 2402 seruasse:
719 2336 831 2402 deinde
857 2354 933 2403 uero
961 2336 1102 2404 homines
1127 2336 1213 2402 iasti-

93 2455 144 2520 dio
172 2455 327 2522 habentes
357 2473 409 2520 eos
441 2455 618 2538 reliquisse.
669 2454 812 2522 homiues
846 2473 922 2522 uero
954 2473 1064 2522 eorum
1098 2455 1213 2522 auxilio

93 2575 238 2644 destituti
260 2575 300 2640 nd
322 2572 557 2642 similitudinem
579 2591 686 2642 eoruucn
709 2573 870 2642 custodies
891 2591 998 2642 muros
1020 2574 1214 2656 excogitem·

92 2701 179 2762 runt:
204 2713 278 2762 cum
301 2701 406 2762 autem
428 2701 572 2762 sanetum
594 2695 636 2760 sit
657 2695 742 2777 quod
763 2693 909 2762 uenerari
930 2701 1084 2777 oporteat
1106 2713 1212 2761 muros

93 2821 124 2880 et
143 2820 273 2898 portas,
296 2814 411 2898 quippe
440 2832 521 2898 quae
549 2815 579 2878 in
609 2812 712 2880 iocum
740 2832 848 2880 eorum
876 2815 928 2899 qui
958 2812 1083 2880 maximi
1109 2819 1214 2880 essent
1230 2829 1265 2881 en

47 2960 81 3009 n.
90 2932 228 3002 faciendi
256 2935 435 3000 introducta
462 2939 581 3012 meent,
615 2940 724 3000 sancta
756 2939 958 3000 uocauerunt
1019 2935 1068 2996 11.
1103 2933 1214 3000 Restat

89 3063 125 3120 ut
151 3053 358 3136 dispiciemus
385 3053 426 3120 de
446 3052 487 3118 iis
509 3053 603 3118 rebus
632 3069 714 3134 quoe
743 3053 775 3120 in
801 3052 994 3136 singulorum
1021 3051 1214 3136 proprietate

88 3181 173 3242 sant
221 3173 299 3240 haec
327 3172 469 3256 pluribus
497 3172 599 3238 modis
624 3171 658 3236 in
684 3177 826 3238 nostruin
855 3171 1041 3256 rediguntur
1066 3171 1213 3252 patrimo

88 3295 192 3360 nium
223 3293 420 3376 quarundam
448 3291 533 3359 enirn
560 3305 665 3358 rerum
695 3289 864 3358 dominium
892 3290 1101 3360 nanciscimur
1122 3297 1214 3356 natu·

87 3411 144 3479 rali
168 3415 244 3480 inre
265 3411 372 3496 (qnod,
394 3418 431 3477 nt
452 3411 571 3478 dietum
593 3417 651 3491 est,
674 3413 723 3476 ius
743 3409 884 3493 gentium
899 3409 1055 3492 uocatur),
1076 3426 1212 3490 qmrun-
1231 3419 1264 3471 ao

87 3533 160 3598 m
184 3537 295 3599 autem
317 3531 480 3613 suptiliore
502 3539 535 3598 et
557 3531 640 3598 ciuili
662 3531 801 3608 ratione,
831 3547 913 3614 quae
940 3527 1069 3614 propria
1090 3535 1140 3595 est
1164 3547 1212 3596 ro·

87 3669 267 3720 manorum.
313 3649 505 3720 commodius
526 3656 576 3720 est
596 3669 617 3718 a
638 3653 812 3718 uetustiore
833 3650 902 3718 iure
930 3649 1060 3718 docendi
1089 3647 1214 3716 initium
