2898 4712
517 359 749 424 -24'1-
833 459 835 464 Ι

77 541 179 610 torto
201 543 387 612 houorum
409 562 635 630 possessor,
663 549 785 614 totum
814 563 936 614 essem
963 543 1015 613 uel
1036 549 1191 628 portem

75 661 319 732 hereditatis
346 663 400 732 uel
427 663 522 732 etium
550 665 651 734 huuo
683 664 842 732 iuudum
870 665 1119 732 hominumue
1140 662 1191 730 uel

75 784 162 852 etium
195 788 253 851 tot
274 783 424 852 solidos
453 791 497 851 ut
525 784 584 851 iiii
614 787 850 865 restitues«,
887 803 956 853 oum
985 783 1123 869 ulioquio
1151 784 1194 853 ie·

75 909 144 988 pute
170 905 201 971 iu
237 909 424 972 testumeuto
460 923 522 973 uou
558 907 627 974 iure
653 905 693 973 eh
720 906 870 974 intestato
899 905 1033 990 reiiuqui
1063 905 1192 988 possint

76 1025 175 1110 ituque
197 1025 257 1093 hoo
278 1026 410 1094 interest
430 1027 512 1093 iuter
534 1025 670 1110 tegetum
693 1023 830 1110 fideique
858 1027 1076 1105 commissum,
1108 1025 1191 1110 quod
1226 1025 1243 1077 ⁶

76 1147 172 1229 tegete
194 1147 227 1213 iu
251 1152 439 1214 tmtemeuto
461 1145 677 1216 untommouo
700 1145 930 1231 relinquuntur,
953 1145 1192 1213 fideicommissa

42 1271 171 1334 11ιιιιιιιιιι
194 1266 292 1334 etium
313 1269 354 1334 ub
376 1269 536 1334 iutestuto.
560 1270 608 1332 11.
632 1265 711 1333 Cum
733 1266 872 1332 Primum
895 1265 1040 1332 heredem
1062 1267 1194 1349 seripse-

79 1387 139 1467 rim,
161 1405 292 1472 possum
314 1406 385 1454 eum
407 1407 519 1472 rogere
541 1395 577 1454 ut
598 1384 742 1455 &eundo
764 1387 969 1454 hereditatem
991 1386 1139 1452 restituet
1160 1392 1193 1454 et

78 1525 179 1574 rursus
209 1507 388 1574 Secundum
418 1525 541 1592 rogere,
570 1513 606 1574 ut
635 1507 742 1574 Tertio
772 1524 894 1574 omnem
921 1505 980 1573 sihi
1011 1487 1191 1573 restitutum

77 1626 278 1694 hereditatem
293 1626 401 1695 eiusue
416 1633 535 1712 purtem
552 1625 709 1706 restituet,
733 1626 784 1694 uei
806 1631 842 1693 ut
857 1625 964 1693 Tertio
986 1633 1102 1694 eertum
1126 1643 1192 1694 rem
1213 1644 1244 1696 ιο

43 1747 217 1832 tepraeesse
266 1749 315 1813 12.
350 1749 391 1814 ut
419 1748 507 1832 quio,
537 1748 630 1815 sicuti
659 1746 693 1813 iu
721 1747 874 1831 principio
900 1747 993 1814 huius
1015 1745 1099 1813 tituli
1122 1766 1193 1830 pro-

80 1867 245 1952 posuimus,
267 1868 370 1954 prims
391 1867 698 1937 fideicommissorum
722 1865 876 1935 cunehulu
898 1886 935 1934 ex
956 1865 1019 1934 tide
1040 1866 1189 1936 heredum

80 1991 298 2073 pependerunt,
320 1997 353 2057 et
373 1991 447 2057 iude
462 2009 572 2058 nomeu
589 1997 621 2057 et
636 1991 842 2058 substantium
858 1995 1046 2074 aeceperunt
1067 1993 1099 2056 et
1121 1987 1192 2055 ideo

81 2109 163 2177 diuus
184 2109 350 2192 Augustus
371 2129 442 2178 eum
463 2111 496 2178 iu
520 2110 653 2178 urhitrio
674 2120 780 2180 esseut
806 2111 846 2178 ud
874 2111 952 2178 iuris
974 2111 1191 2178 necessitatem

81 2247 112 2296 eu
131 2230 278 2307 detrusit,
300 2251 400 2315 nuper
422 2232 565 2314 priueeps
588 2238 695 2299 noster
717 2231 848 2299 eundem
879 2231 986 2299 diuum
1015 2235 1190 2314 Augustum
1213 2238 1243 2290 1⁶

81 2367 220 2431 superero
244 2349 436 2419 oouteudeus
459 2371 496 2418 or
518 2351 601 2419 isoto
627 2353 779 2434 quodum,
811 2353 894 2434 quod
923 2353 963 2418 ed
991 2369 1097 2418 sueres
1124 2351 1191 2418 eius

81 2489 162 2539 eures
183 2471 396 2539 Trihuuiuuus
423 2472 666 2554 gloriosissimus
695 2479 845 2558 quaestor
873 2471 1012 2554 rettulit,
1040 2469 1193 2539 eonstitu-

82 2590 186 2660 tiouem
213 2592 307 2672 feeit,
336 2611 510 2678 perquem
541 2592 707 2676 disposuit,
730 2601 767 2661 ut
788 2595 815 2660 si
837 2594 908 2678 quis
938 2593 1007 2660 siue
1035 2591 1192 2676 scripturo

82 2708 345 2780 ideiuommissum
367 2711 530 2796 reliquerit
551 2714 602 2782 uel
628 2733 685 2798 per
707 2713 946 2782 uniuersitatem
977 2713 1027 2780 uel
1056 2714 1192 2798 speciale

83 2836 111 2896 et
128 2849 227 2918 reque
250 2853 289 2900 ex
309 2831 468 2917 scripture
489 2851 590 2918 neque
612 2851 650 2900 ex
671 2834 810 2918 quinque
836 2833 963 2900 testium
985 2832 1190 2917 depositione,
1209 2856 1244 2908 oo

83 2965 203 3032 quorum
237 2951 417 3036 praeseutia
448 2953 488 3019 ud
522 2951 794 3020 fideicommissum
820 2951 1027 3020 ordinandum
1065 2952 1191 3036 suffieit,

84 3069 158 3152 (uum
177 3072 337 3140 interdum
359 3074 411 3142 uel
430 3075 592 3160 peuoiores
614 3075 731 3142 udsuut
752 3079 850 3142 testes
871 3080 927 3141 sut
941 3091 1031 3140 nemo
1053 3073 1190 3158 penitus)

85 3207 127 3257 rus
146 3193 246 3278 possit
267 3193 470 3277 manifestari,
493 3200 568 3264 tuuo
589 3195 658 3262 siue
678 3202 769 3280 puter
790 3195 847 3276 sit,
873 3195 928 3278 qui
949 3212 970 3261 u
990 3192 1054 3261 tilio
1075 3191 1191 3261 herede
