2960 4704
214 571 274 675 Ο.
310 573 374 674 Ε.
412 570 700 674 Zachariae
737 607 768 674 a
802 573 1127 708 Lingenthal

452 777 670 865 Contardo
702 779 892 864 Ferrinio

641 963 693 1068 S.

140 1209 332 1310 θεοφίλου
364 1209 664 1311 ἀντικήνσωρος
691 1207 940 1312 Ἰνστιτοῦτα,
960 1245 1057 1320 quae
1083 1235 1277 1320 uocantur,

70 1353 179 1428 denuo
202 1353 339 1430 edendi
365 1355 466 1454 quod
490 1357 623 1458 cepisti
648 1357 857 1454 consilium,
883 1356 923 1431 id
941 1357 1035 1434 mihi
1054 1357 1164 1434 valde
1190 1385 1275 1461 pro-

68 1491 173 1566 batur.
210 1491 349 1566 Reitzii
375 1491 501 1589 editio,
529 1493 617 1567 licet
634 1492 972 1596 famigeratissima,
1001 1497 1195 1596 antiquata
1219 1508 1275 1572 ta-

67 1641 243 1724 nonest,
273 1641 311 1703 et
345 1628 577 1730 praefatione
600 1631 722 1731 magis
747 1655 893 1707 necnon
922 1658 1147 1708 excursuum
1176 1629 1275 1706 mole

70 1765 269 1866 conspicua,
297 1792 411 1866 quam
436 1778 553 1884 textu.
571 1765 619 1840 ad
644 1765 758 1842 fidem
783 1767 953 1844 codicum
979 1795 1094 1844 manu
1120 1768 1274 1870 scripto-

68 1927 136 1975 mm
161 1905 359 2003 castigato,
385 1900 479 1977 adeo
497 1917 604 1976 utne
623 1902 694 1977 hoc
720 1904 872 2014 quidem
897 1905 985 1979 inde
1008 1915 1199 2006 appareat,
1225 1929 1275 1978 an

68 2035 258 2138 Theophili
285 2063 422 2112 nomen
452 2039 558 2139 operi
585 2038 624 2113 in
656 2039 846 2116 codicibus
873 2042 923 2116 sit
949 2041 1180 2143 inscriptum.
1219 2037 1274 2116 Te

67 2198 140 2248 vero
171 2175 487 2274 praestantiorem
511 2175 681 2250 codicum
708 2176 907 2253 collatione
936 2177 1161 2253 instructum
1191 2201 1274 2253 esse

67 2311 156 2386 novi:
187 2309 279 2386 Tibi
305 2310 353 2386 ad
380 2339 511 2387 manus
539 2325 596 2388 est
625 2311 757 2410 Gaius,
785 2313 845 2387 eni
870 2339 1023 2413 graecas
1049 2311 1135 2388 illas
1161 2311 1273 2386 Insti-

65 2448 215 2522 tutiones
245 2473 463 2549 comparare
488 2449 628 2548 possis:
657 2445 742 2524 Tibi
770 2448 931 2548 denique
957 2474 1033 2523 non
1058 2460 1145 2523 sunt
1171 2447 1272 2522 inco-

61 2582 176 2680 gnitae
203 2583 457 2658 recentiorum
483 2584 677 2659 doctorum
699 2583 978 2684 disquisitiones
1005 2583 1052 2658 de
1070 2581 1272 2679 Indicibus‚

63 2721 180 2816 quales
209 2720 412 2796 Iustiniani
438 2719 669 2820 temporibus
698 2720 785 2794 lctis
814 2720 1046 2796 conscribere
1072 2745 1153 2794 mos
1181 2730 1271 2814 erat,

61 2870 98 2930 ut
134 2857 178 2932 de
211 2871 349 2933 natura
379 2869 493 2957 atque
522 2856 650 2931 indole
680 2884 836 2957 graecae
875 2857 1115 2960 paraphrasis
1145 2856 1270 2958 aptius

59 2995 171 3091 possis
198 2993 383 3069 iudicium
401 2991 581 3094 proferre,
600 3018 713 3092 quam
732 2993 877 3069 Reitzio
904 3006 941 3068 et
958 2993 1125 3096 Degenio
1151 2993 1269 3068 licuit.

201 3131 401 3231 Igitur-
428 3141 471 3203 ut
497 3155 583 3204 cum
609 3129 768 3231 Virgilio
795 3131 928 3230 loquar
952 3175 1002 3188 -

359 3265 505 3366 Rumpe
532 3264 671 3346 moras!

124 3403 278 3478 Novam
312 3402 515 3478 editionem
547 3415 747 3503 expectant
779 3400 1004 3500 quicumque
1031 3397 1269 3501 elegantioris

58 3535 365 3640 iurisprudentiae
390 3541 550 3615 cultores
579 3537 680 3614 suntl

125 3675 274 3750 Dabam
306 3676 347 3750 in
375 3675 468 3750 villa
499 3675 795 3752 Grosskmehlen
830 3672 952 3776 pridie
987 3671 1166 3748 kalendas
1198 3667 1229 3744 F
1230 3697 1269 3747 e-

59 3806 217 3886 bruerias
245 3837 345 3886 anno
371 3809 758 3936 MDCOOLXXXIT.
