2960 4704
1442 469 1445 576 l

244 570 324 618 rem:
362 554 511 634 optimum
545 557 648 618 temen
686 552 932 634 supplementum
965 553 1109 636 praebuit
1143 551 1219 618 mihi
1260 550 1362 617 Lau·
1443 587 1446 674 p

244 673 403 738 rentiunus
425 669 560 751 LXXX,
584 673 613 751 6,
636 675 699 753 qui,
723 679 760 737 nt
781 673 847 753 ipse
870 675 1051 756 recognoui,
1076 691 1112 738 ex
1134 691 1172 738 eo
1194 671 1285 755 plone
1307 670 1361 736 flu·
1445 679 1446 682 ’

242 791 296 856 xit.
342 791 562 874 Apogruphum
591 791 817 874 Egnatianum,
845 793 928 876 quod
951 811 1033 858 nunc
1056 791 1193 857 Bruxelli
1215 792 1362 856 sdseruo-
1446 789 1447 792 ’

243 919 312 990 tur,
341 931 403 976 uns
434 930 503 978 cum
534 911 731 978 Marciano
760 912 865 978 codIce
895 915 963 996 (qni
992 913 1120 978 eandem
1149 911 1363 978 recensionem

243 1033 393 1112 continet)
416 1031 561 1097 adhibuit
583 1031 742 1113 Viglius
764 1035 1008 1099 Znichemus
1030 1035 1061 1099 in
1085 1033 1184 1115 prima
1199 1031 1364 1112 Theophili
1448 1011 1449 1018 ἵ

244 1151 380 1220 editione
402 1152 620 1234 comparando.
672 1152 798 1219 uidetur
826 1159 929 1220 tamen
958 1153 982 1218 Z
990 1153 1189 1218 uichemus
1212 1153 1365 1219 Marciani

244 1272 357 1339 codicIs
381 1271 523 1354 uestigiIs
546 1274 741 1355 potissimum
764 1273 913 1340 haesisse.

329 1391 433 1458 Codex
456 1392 718 1459 'laurinensis
740 1395 830 1477 purnl
854 1393 1001 1460 momenti
1023 1397 1080 1458 est
1125 1394 1204 1458 duos
1227 1399 1366 1458 tuntum·
1452 1404 1453 1436 l

243 1513 335 1578 modo
358 1513 476 1594 priores
499 1511 595 1578 libros
624 1513 779 1594 continet,
810 1520 842 1577 et
864 1531 936 1578 suec
958 1510 1074 1590 XV10,
1102 1512 1130 1578 si
1159 1512 1233 1595 quid
1263 1512 1367 1590 uideo,
1453 1520 1454 1560 l

246 1635 368 1700 demum
390 1639 537 1699 exaratus
566 1638 623 1697 est.
675 1635 878 1700 recentiorem
909 1633 1107 1714 amplectitur
1137 1635 1367 1698 recensionem=
1454 1636 1455 1650 ¹

244 1760 281 1820 ut
302 1754 369 1818 eius
391 1752 620 1834 quodammodo
643 1755 798 1833 specimen
826 1753 987 1832 offerrem,
1019 1753 1085 1819 eius
1112 1771 1220 1819 omnes
1243 1754 1368 1818 neriun·
1455 1765 1456 1770 ’

245 1881 293 1939 tes
315 1873 356 1937 ud
380 1871 428 1937 tit.
452 1870 501 1934 XI
523 1871 595 1937 libri
617 1870 648 1934 1¹
663 1871 774 1955 collegi
802 1877 834 1938 et
864 1873 895 1937 ln
925 1873 1007 1940 culce
1034 1873 1197 1952 descripsi:
1225 1882 1369 1939 ceterum

244 2010 315 2058 eum
338 1992 370 2057 ln
393 1991 536 2056 munimIs
558 1997 679 2056 tautum
702 1992 960 2075 ambiguitatibus
983 1993 1121 2059 adhibui.
1165 1991 1212 2058 De
1235 1991 1370 2059 Oliue-

246 2120 341 2178 tuno
364 2111 449 2177 nulls
472 2112 545 2176 mihi
573 2113 682 2178 notitia
712 2115 868 2194 peruenit:
898 2114 971 2178 item
1002 2114 1041 2180 de
1070 2133 1108 2179 co
1137 2113 1243 2180 codice
1271 2130 1368 2178 monu

247 2233 372 2315 scripto,
396 2231 451 2314 qni
474 2233 556 2314 apud
581 2233 696 2314 Anglos
718 2233 879 2299 adseruari
902 2233 1027 2300 dicitur.

772 2509 842 2594 ps.

365 2661 411 2727 De
434 2661 548 2728 ceteris
570 2663 716 2728 editionis
739 2663 886 2729 subsidiis
908 2665 1000 2728 etde
1023 2663 1091 2729 eius
1114 2665 1244 2730 ratione.

332 2833 494 2899 Editiones
517 2835 690 2900 anteriores
714 2833 908 2916 praecipuas,
932 2840 966 2898 ut
989 2852 1047 2915 par
1070 2840 1146 2912 eret,
1171 2833 1296 2900 contuli.

332 2949 500 3016 Praetereo
522 2959 642 3017 eeteros
666 2953 743 3017 iuris
765 2952 1009 3032 graeco-romani
1031 2952 1128 3017 libros
1151 2949 1289 3030 adhibui,
1314 2954 1370 3035 qui

247 3068 332 3136 locos
356 3091 393 3136 ex
415 3071 601 3154 Parsphrasi
624 3079 764 3153 sumptos
787 3070 991 3138 continerent„
1036 3073 1117 3137 inter
1144 3089 1236 3154 quoe,
1268 3091 1306 3136 ne
1328 3073 1371 3138 de

249 3191 390 3258 Basilius
412 3211 583 3273 eorumque
605 3192 729 3258 scholiis
751 3193 862 3275 loquor
884 3194 954 3274 (pro
983 3190 1097 3274 quibus
1119 3189 1369 3258 Helmbncbii

248 3309 443 3392 potissimum
467 3312 633 3378 editionem
657 3318 783 3378 secutus
805 3331 891 3390 snm,
921 3313 1028 3378 addito
1053 3309 1276 3394 Supplemento
1298 3313 1371 3378 Ze·

249 3430 429 3496 cherioei
450 3450 471 3497 s
493 3432 775 3515 Lingentbel)‚
803 3451 914 3516 magno
944 3433 1015 3497 usui
1046 3432 1173 3497 luerunt
1201 3432 1368 3498 Prochiros

249 3551 394 3631 Epitome
415 3550 603 3634 Epuuegoge
625 3549 884 3635 Hermenopnlus.
929 3551 1011 3635 qnod
1034 3552 1073 3616 sd
1096 3550 1264 3620 Prochiron
1287 3553 1371 3634 Epe-

250 3688 453 3753 negogenqne
485 3671 560 3736 item
587 3673 751 3754 Epitomue
786 3671 895 3738 titulos
924 3670 1032 3738 XXIII
1060 3672 1189 3755 priores,
1219 3672 1370 3738 Zacha-

249 3792 352 3857 riaei
385 3793 536 3859 editiones
566 3812 634 3860 sum
662 3799 803 3860 secutus:
832 3795 1002 3875 Epitomue
1024 3793 1133 3859 tibulos
1169 3811 1189 3858 a
1224 3791 1370 3860 XXIIII⁰

250 3929 350 3996 usque
378 3912 418 3978 ad
451 3910 542 3977 finem
576 3914 607 3978 io
636 3913 843 3980 Ambrosisno
876 3912 981 3979 codice
1006 3913 1050 3993 Q,
1073 3913 1113 3977 25
1141 3931 1208 3995 sup.
1242 3914 1369 3989 contuli,

250 4053 343 4115 quem
365 4033 433 4116 ipse
448 4032 530 4100 felici
546 4034 681 4114 quodum
696 4033 761 4098 Isto
777 4034 909 4115 repperi,
933 4051 1003 4098 cum
1029 4032 1124 4098 editio
1139 4031 1368 4098 Zacharisei

251 4155 387 4220 nondum
403 4154 594 4236 apparuerit.
618 4154 699 4218 idern
714 4151 1049 4234 Harmenopulum
1064 4155 1232 4220 secundum
1248 4149 1368 4218 Helm·
