3092 4702
607 333 815 397 ..40-

143 539 331 588 consensum
354 520 423 588 fieri
445 522 533 588 furor
554 539 615 587 non
638 524 767 603 patitur.
791 523 838 587 sin
862 527 967 589 antem
991 539 1175 588 consensum
1198 540 1267 588 esse

141 641 288 712 dicimus,
311 661 382 707 cum
406 649 497 724 pater
519 641 621 708 sciens
643 641 762 724 nuptiis
784 660 845 707 non
869 642 1065 720 aduersetur,
1089 639 1186 708 libere
1202 659 1267 708 ma·

139 760 325 826 trImonium
347 761 517 842 procedere
545 779 637 844 posse
666 762 788 828 cuidam
815 763 896 829 forte
924 763 1099 841 uidebitur,
1133 770 1182 828 set
1204 780 1265 829 non

139 889 190 946 est
212 880 274 946 hoc
296 900 416 946 uerum.
461 880 597 947 furiosus
620 882 700 948 enim
732 900 793 947 non
824 883 895 947 ideo
924 883 998 966 quia
1024 886 1110 948 tacet
1138 901 1266 948 conscu-

137 1002 201 1065 IIre
225 1001 369 1067 uidetur:
392 1000 444 1066 ille
466 1003 548 1066 enim
571 1003 702 1068 tacendo
726 1002 882 1069 consentit
910 1003 963 1085 qni
991 1008 1024 1068 ct
1050 1001 1266 1070 contradicere
1301 1005 1317 1055 ⁵

137 1129 258 1202 potest,
281 1141 351 1187 cum
372 1120 490 1188 factum
513 1123 609 1200 norit,
633 1123 693 1187 nisi
714 1124 746 1188 id
770 1123 829 1189 sibi
852 1123 983 1205 placeat.
1028 1122 1165 1189 furtosus
1188 1141 1265 1222 uero

137 1249 229 1306 tacet
257 1243 366 1308 morbo
394 1243 498 1308 nidus
524 1261 585 1308 uon
616 1241 741 1324 nuptias
771 1243 916 1324 probans.
966 1261 1037 1310 cum
1063 1261 1137 1325 ergo
1158 1242 1265 1324 plures

138 1361 179 1428 de
202 1362 265 1426 boc
289 1362 490 1443 prudentium
513 1361 628 1428 Iueriut
650 1361 893 1440 controuersiae,
916 1360 982 1427 iata
1004 1368 1053 1427 est
1068 1363 1167 1427 nostri
1182 1362 1266 1442 priu-

138 1481 220 1562 cipis
244 1481 425 1546 oonstitutio
448 1480 660 1546 dubitationes
677 1488 852 1561 amputans,
876 1499 957 1564 qnae
977 1481 1087 1546 furiosi
1109 1479 1173 1546 filio
1195 1499 1266 1547 cou-

139 1599 239 1665 cessit
261 1601 376 1665 instam
398 1600 458 1665 sibi
480 1617 609 1665 uxorem
631 1600 827 1665 matrimonio
849 1601 984 1678 sociare,
1012 1599 1112 1681 patris
1136 1619 1263 1667 consen-
1286 1616 1317 1667 ro

139 1737 211 1784 sum
228 1736 290 1783 nou
306 1719 491 1799 expectanti,
514 1717 608 1812 sicuti
631 1719 662 1783 iu
685 1717 750 1784 filia
771 1719 935 1800 optinebat
957 1720 1010 1802 (de
1025 1717 1089 1786 filia
1104 1721 1186 1786 euim
1203 1739 1263 1785 non

139 1838 384 1920 ambigebatur),
399 1839 536 1904 seruatis
551 1846 655 1904 tumen
670 1837 809 1904 eiusdem
825 1839 1055 1904 sacratissimae
1070 1839 1264 1906 constitutIo

105 1965 125 2014 1-
142 1959 332 2039 praeceptis.
371 1961 399 2021 1.
434 1954 513 2022 Gurn
536 1976 611 2023 uero
639 1956 808 2023 dixerimus
830 1959 930 2023 iustas
953 1976 1023 2024 esse
1044 1959 1170 2041 nuptias
1192 1977 1262 2025 cum

142 2077 221 2143 ciuis
243 2095 394 2143 romanus
415 2075 512 2142 XIIII
533 2079 623 2143 aunis
646 2079 746 2142 manr
774 2095 933 2143 romanam
962 2077 1058 2143 ducat
1083 2075 1147 2143 XII
1173 2080 1263 2144 annis

142 2199 302 2279 maiorem,
324 2217 365 2263 an
387 2203 420 2264 et
442 2200 468 2262 si
490 2198 562 2281 quis
585 2203 716 2263 matrem
743 2199 822 2263 torte
850 2215 938 2264 suam
968 2202 1024 2263 aut
1046 2213 1185 2264 sororem
1208 2204 1264 2264 aut
1284 2217 1315 2269 ro

141 2317 234 2383 filiam
258 2319 395 2398 duxerit,
418 2319 533 2384 iustum
558 2319 619 2384 crit
641 2318 893 2384 matrimonium?
916 2334 1112 2401 nequaqnam
1136 2335 1264 2384 senec

143 2439 338 2520 ponendam
361 2439 441 2503 enim
464 2438 581 2520 nuptiis
603 2437 822 2504 abstinendum
844 2445 902 2504 est.
948 2444 980 2504 et
1006 2444 1042 2503 ut
1063 2457 1129 2503 rem
1152 2436 1262 2504 melius

143 2557 321 2640 intellegere
347 2557 466 2640 possis,
499 2557 575 2625 baec
603 2559 738 2642 primum
765 2559 821 2624 tibi
850 2565 1016 2641 perspecta
1041 2558 1167 2624 babens.
1211 2576 1262 2625 oo·

142 2681 245 2758 guttio
273 2695 345 2743 cnm
372 2678 519 2759 generale
540 2697 653 2746 nomeu
675 2679 718 2744 sit
750 2680 781 2744 in
815 2685 881 2744 tres
915 2679 1095 2758 deducitur,
1129 2697 1259 2762 quonum

140 2797 202 2862 alia
222 2816 337 2880 supra,
365 2799 429 2865 aba
456 2797 538 2864 intra
565 2805 660 2880 atque
686 2798 748 2865 ulia
776 2818 814 2866 ex
841 2803 1023 2865 transuerso
1051 2805 1260 2882 computatur.
1278 2805 1313 2857 20

141 2923 173 2982 et
194 2918 336 3002 superior
359 2923 409 2983 est
429 2937 536 2984 eorum
566 2919 620 3002 qui
647 2935 704 2984 nos
732 2937 885 3000 genuere,
916 2917 1015 2985 ueluti
1044 2927 1134 3001 pater
1160 2927 1261 2984 mater

138 3053 220 3102 onus
241 3037 331 3117 auia,
354 3043 388 3104 ct
408 3037 459 3102 bis
481 3037 669 3120 superiores.
713 3037 843 3103 interior
871 3042 977 3103 autem
1006 3043 1055 3102 est
1076 3055 1184 3104 eorum
1206 3037 1260 3119 qui

140 3174 177 3220 ex
201 3157 287 3224 nobis
309 3158 371 3223 sati
394 3163 478 3234 suut,
501 3156 600 3223 ueluti
622 3155 705 3222 filius
727 3155 792 3222 filia
812 3173 909 3238 nepos
931 3155 1035 3244 neptis
1057 3161 1090 3222 et
1112 3155 1161 3222 bis
1182 3155 1261 3222 infe·

140 3275 248 3341 riores.
292 3296 330 3344 ex
352 3281 535 3344 unusnerso
557 3285 663 3344 autem
686 3277 811 3360 cognati
826 3275 918 3343 nobIs
939 3283 1023 3355 sunt,
1046 3276 1099 3357 qni
1122 3293 1179 3342 nec
1201 3293 1259 3341 nos

139 3401 315 3476 genuerunt
335 3414 437 3483 neque
458 3415 479 3462 e
500 3397 589 3464 uobis
610 3395 767 3479 procreati
789 3403 873 3475 sunt,
895 3400 946 3462 set
960 3395 1092 3462 eandem
1107 3395 1259 3478 originem
1276 3417 1311 3470 25

140 3519 236 3596 atque
256 3515 385 3600 stirpem
409 3515 570 3583 nobiscum
593 3533 787 3583 communem
810 3515 940 3597 babent,
969 3515 1069 3583 ueluti
1091 3515 1189 3583 irater
1210 3531 1259 3582 so·

141 3649 195 3701 ror
216 3640 342 3718 patruus
364 3637 541 3704 auunculus
561 3635 659 3702 amita
681 3643 852 3704 matertera
873 3644 905 3704 et
923 3636 977 3721 qni
999 3655 1037 3704 ex
1058 3635 1108 3702 his
1131 3636 1258 3703 deseen-

143 3753 232 3820 dunt
271 3756 415 3838 cognatIo
436 3762 541 3822 autem
572 3775 609 3822 ex
637 3763 819 3822 transuerso
851 3757 882 3822 in
910 3756 989 3822 duos
1016 3754 1198 3835 deducitur,
1225 3754 1256 3821 in

143 3872 344 3954 sugdaorum
363 3891 475 3958 nempe
492 3882 748 3960 etcognatornm.
773 3883 806 3942 et
815 3876 944 3960 adgnati
954 3881 1030 3942 suut
1040 3874 1095 3957 qui
1107 3893 1163 3958 per
1178 3891 1256 3942 mas·

144 3991 240 4057 cubui
258 4011 347 4060 serus
368 4012 517 4078 personas
539 3996 629 4063 nobit
656 3995 902 4076 coniunguntur,
932 3992 1031 4062 ueluti
1058 3993 1157 4063 frater
1185 4013 1256 4064 oon·
1273 3997 1310 4050 ³⁰

196 4237 292 4290 Theoph.
304 4242 414 4285 moenera.
428 4255 470 4286 rec·
483 4242 573 4286 Fucini.
1036 4237 1053 4288 6
