2936 4704
562 377 796 440 -171-

132 565 196 642 her,
212 563 754 641 etsxaetetetmaximusnatu,
769 562 1064 644 minimusnato,
1080 565 1184 632 uelox
1199 584 1246 633 oo

129 682 195 748 lore.
216 683 327 750 eih'ns
350 701 406 749 seu
428 681 551 764 niger.
574 689 607 749 et
626 682 660 748 in
676 699 798 748 summe
812 699 956 766 quaeque
971 683 1077 762 dictio,
1100 702 1163 767 qna
1177 703 1245 767 per·

130 821 197 868 sone
217 801 301 869 olere
322 801 517 885 significetur
537 803 578 867 ad
594 801 775 868 nominatim
793 800 1044 869 exheredendum
1059 801 1184 868 suffieit.
1218 808 1245 868 1.

100 939 115 986 1.
130 919 251 1004 Oportet
267 924 449 987 testatorem
465 938 526 985 non
542 937 649 987 eornm
665 925 788 986 tontum
802 918 857 1003 qui
872 921 903 984 in
918 939 1024 986 rernm
1041 927 1154 987 natura
1172 929 1247 988 sunt

130 1045 171 1105 eet
183 1041 275 1106 etiem
291 1046 506 1121 postumorum
521 1056 627 1104 curam
643 1057 760 1122 gerere,
772 1056 888 1122 eosque
903 1039 1035 1104 heredes
1047 1040 1184 1124 scribere
1195 1041 1245 1108 uel
1280 1040 1297 1089 ὁ

128 1160 287 1225 exheredes
310 1159 430 1230 faeere3
453 1175 524 1224 nam
546 1157 710 1240 praeteriti
732 1157 825 1222 simul
841 1163 936 1238 etque
951 1163 1126 1224 nascuntur
1148 1129 1259 1225 testa·¹

128 1286 256 1345 mentum
278 1284 436 1361 rumpunt
471 1297 573 1361 neque
595 1278 660 1344 uile
681 1276 858 1344 differentia
879 1277 1070 1344 inueniende
1091 1284 1141 1345 est
1163 1279 1244 1344 inter

127 1396 213 1464 iham
235 1403 268 1464 et
282 1397 386 1476 filiam,
402 1403 547 1480 nepotem
564 1402 760 1481 neptemque.
788 1397 836 1462 his
860 1394 941 1462 enim
963 1396 1154 1479 praeteritis,
1171 1400 1246 1465 sori·

126 1519 203 1597 ptnm
218 1523 441 1584 testamentum
458 1517 552 1596 ualet,
576 1523 722 1599 postumo
738 1521 842 1582 autem
865 1520 948 1593 neto,
973 1515 1130 1599 rumpitur
1145 1523 1242 1583 testa-

126 1643 252 1702 mentum
265 1642 296 1702 et
308 1655 437 1719 prorsus
448 1635 635 1715 infirmatur,
649 1635 768 1703 seilicet
783 1637 858 1719 quie
872 1641 1037 1718 postumus
1052 1637 1242 1721 praeteritus
1265 1646 1297 1698 ιο

127 1761 175 1820 est
216 1773 277 1822 non
304 1773 381 1821 uero
407 1755 515 1821 statim
545 1755 586 1822 ab
613 1757 682 1838 ipsa
710 1756 882 1838 scripture,
913 1762 962 1822 set
989 1773 1027 1822 ex
1054 1754 1243 1838 adgnatione

125 1877 250 1956 postumi
271 1874 457 1942 infirmatur.
502 1875 637 1958 ideoque
659 1876 686 1940 si
707 1875 819 1941 mutter
842 1895 879 1941 ex
900 1892 963 1956 qua
986 1881 1149 1957 postumus
1171 1892 1240 1956 spe·

126 1994 245 2061 mhetor
266 1996 413 2062 ohortum
435 1995 554 2069 feeerit,
576 1993 655 2060 nihil
677 1994 933 2077 impedimentum
956 1993 1018 2060 erit
1039 1994 1165 2076 seriptis
1187 1993 1240 2058 he·

126 2113 242 2180 redihns
258 2115 425 2196 quominus
440 2114 646 2180 hereditatem
664 2114 788 2179 adeant.
812 2121 861 2179 set
883 2113 1022 2180 feminini
1046 2113 1172 2197 quidem
1195 2131 1243 2178 se·

125 2248 176 2296 xus
195 2235 328 2314 postumi
352 2233 401 2298 nei
429 2233 611 2298 nominatim
639 2233 690 2298 uei
717 2233 801 2298 inter
828 2239 950 2300 ceteros
979 2231 1164 2300 exheredari
1192 2249 1242 2298 so·
1264 2232 1296 2284 1⁶

127 2349 189 2414 tent
231 2371 300 2418 nam
323 2353 352 2418 si
374 2359 507 2420 testator
529 2352 627 2420 dieat:
655 2353 708 2418 sit
737 2353 830 2418 mihi
858 2353 931 2420 ille
957 2353 1091 2434 heres,
1121 2357 1233 2418 ceter

126 2469 333 2540 exheredes
366 2481 494 2552 sunto,
529 2492 585 2555 per
611 2473 689 2540 haec
718 2473 817 2540 uerba
846 2472 1030 2540 etheredum
1059 2471 1153 2538 etiam
1181 2490 1236 2553 po·

124 2593 219 2656 stoma
237 2589 371 2657 uidetur.
409 2598 548 2658 attamen
570 2612 611 2660 ne
631 2594 700 2675 ipse
722 2611 793 2659 enm
816 2599 891 2658 neta
913 2591 956 2658 sit
978 2599 1096 2658 temere
1117 2591 1234 2673 scripto

123 2707 221 2775 heredi
242 2710 486 2777 oontrouersium
508 2710 611 2790 iaciat,
635 2712 741 2777 dicens
759 2712 799 2779 de
818 2710 988 2792 semetipsa
1003 2728 1064 2775 non
1079 2709 1236 2790 cogitasse

123 2831 310 2908 testatorem,
334 2835 442 2912 utpote
465 2831 518 2914 qui
541 2849 611 2898 eam
638 2831 850 2914 ignorauerit,
878 2835 1003 2912 oportet
1032 2828 1061 2893 ei
1092 2827 1231 2912 legatum
1260 2825 1295 2878 2⁰

123 2945 297 3027 relinquere.
345 2948 429 3016 dicet
449 2951 557 3034 itaque
578 2950 625 3016 ita
645 2955 793 3018 testator:
815 2951 871 3016 sit
892 2949 991 3014 mihi
1013 2947 1078 3016 ille
1101 2949 1236 3026 heres,

123 3067 243 3131 reteri
266 3067 484 3134 exheredes
506 3075 639 3136 sunto:
661 3075 889 3152 postumae,
917 3086 1016 3152 qnae
1039 3067 1137 3133 mihi
1160 3085 1230 3131 nas

124 3191 241 3266 cetur,
267 3203 412 3254 aureos
444 3187 469 3253 O
496 3186 595 3271 lego.
640 3189 792 3256 iteenim
815 3209 849 3254 re
872 3188 1078 3265 retrahente,
1106 3185 1240 3251 dicimus

126 3301 165 3367 ei:
196 3311 232 3370 te
262 3323 422 3388 qnoque
454 3307 562 3374 inter
595 3313 754 3374 ceteros
788 3307 944 3390 scripte
977 3304 1242 3373 exheredatis

126 3424 388 3506 ampiectitnr3
414 3427 552 3508 iteqne
574 3432 613 3492 et
634 3426 812 3508 legatum
833 3431 1017 3492 testator
1045 3420 1123 3489 tihi
1146 3420 1243 3488 reli·
1260 3427 1295 3479 tt

128 3540 214 3620 qnit.
254 3551 417 3628 postumus
439 3551 545 3611 autem
568 3545 731 3614 masculini
754 3563 864 3620 sexus,
886 3545 973 3612 idest
994 3543 1092 3610 hlium
1116 3542 1166 3608 uel
1190 3560 1241 3606 no·
