3092 4702
600 323 811 388 ..57-

149 507 262 586 siquis
284 508 417 574 alieuius
441 506 585 578 maleficii
607 516 773 574 aecusatus
803 517 836 575 et
863 510 1025 578 conuictus
1047 511 1226 578 huiusmodi
1247 530 1268 578 e
1369 585 1372 593 ,

152 625 334 706 magistratu
355 628 508 692 sortiatur
528 629 734 694 seutentiam:
757 628 889 709 deporto
910 635 943 694 te
964 629 997 694 in
1020 629 1102 694 illem
1122 631 1266 704 insulam,
1366 695 1377 704 ,

148 744 236 810 simut
259 754 354 826 atque
377 747 534 813 sententia
554 747 678 828 prolata
699 748 756 827 sit,
779 750 848 829 ipso
875 749 944 816 iure
965 749 1126 814 ciuitatem
1148 747 1267 815 amittit

148 880 305 928 romanam
335 882 455 946 sueque
489 867 571 930 boue
600 872 633 930 et
658 863 695 930 iit
723 865 916 948 peregrinus.
968 875 1001 931 et
1027 869 1086 932 hoe
1114 867 1206 932 modo
1228 868 1266 932 ei-

146 983 202 1048 euti
227 981 299 1064 ipsa
322 991 432 1061 morte,
454 982 502 1047 ita
524 990 556 1047 et
580 985 797 1065 deportatione
820 983 934 1049 desiuit
955 982 1038 1049 filius
1065 1001 1136 1050 esse
1157 987 1189 1050 iu
1210 1004 1265 1068 po·
1298 987 1315 1038 ⁵

145 1111 264 1167 testate.
309 1120 380 1167 eum
403 1105 485 1167 enim
506 1101 589 1169 fitius
612 1103 691 1170 ciuis
713 1121 861 1169 romanus
882 1103 941 1180 sit,
969 1104 1001 1168 iu
1029 1103 1187 1186 peregrini
1209 1123 1264 1188 po·

145 1226 255 1286 testate
278 1239 348 1286 esse
370 1221 488 1302 nequit.
533 1223 634 1287 sotum
662 1223 744 1287 euim
772 1225 892 1288 romani
920 1221 1036 1288 liberos
1063 1239 1137 1288 suos
1159 1223 1191 1286 iu
1213 1241 1264 1305 po

145 1348 255 1408 testate
276 1341 404 1407 habent
450 1342 476 1405 si
500 1359 576 1406 uero
600 1340 683 1406 iilius
705 1341 905 1422 deportetur,
931 1339 1074 1407 similiter
1096 1342 1211 1407 desiuit
1231 1343 1262 1406 iu

145 1465 296 1538 potestate
318 1460 460 1542 parentis
482 1477 560 1526 esse
613 1478 682 1525 eum
712 1460 796 1525 euim
824 1461 867 1525 sit
895 1461 1096 1540 peregrinus,
1124 1462 1156 1525 iu
1184 1462 1262 1526 ciuis

147 1579 262 1644 romani
285 1585 443 1661 potestate
464 1595 534 1644 esse
557 1597 618 1644 uon
640 1587 752 1660 potest.
782 1587 832 1644 set
853 1579 881 1643 si
903 1599 941 1644 ex
963 1580 1159 1662 indulgentia
1178 1579 1263 1660 prin·
1282 1584 1314 1635 1⁰

145 1697 215 1778 cipis
238 1705 407 1762 reuocatus
433 1699 465 1761 in
493 1698 653 1763 ciuitutem
681 1699 846 1764 restitutus
873 1698 981 1777 tuerit,
1011 1705 1086 1764 tunc
1107 1699 1211 1764 omnia
1232 1699 1262 1764 ei

111 1817 173 1880 t-iu
193 1817 360 1896 pristinum
383 1825 501 1882 statum
523 1826 751 1883 restaurantur.
790 1817 819 1880 2.
852 1813 887 1880 Si
910 1834 987 1882 uero
1008 1833 1071 1880 non
1092 1815 1187 1883 tuerit
1209 1817 1260 1881 de·

145 1943 284 2014 portatus
305 1943 407 2016 peter,
430 1942 479 2000 set
501 1937 668 2017 relegatus,
692 1937 771 2001 dixit
792 1936 875 2002 euim
905 1935 934 2000 ei
956 1935 1173 2018 magistratus:
1201 1955 1260 2001 re·

144 2052 227 2134 lego
250 2062 291 2119 te
313 2055 352 2119 in
374 2053 482 2119 illam
503 2054 689 2132 insulem,
712 2074 773 2119 nou
794 2053 937 2120 aufertur
958 2056 988 2119 ei
1010 2056 1078 2120 iure
1093 2054 1205 2120 oiuites
1227 2064 1261 2120 et

144 2173 208 2238 ideo
229 2173 345 2240 liberos
367 2173 399 2238 iu
421 2180 578 2255 potestate
599 2174 716 2239 hebere
738 2193 799 2240 nou
826 2183 937 2239 cessat.
982 2182 1014 2239 et
1042 2193 1080 2240 ex
1102 2173 1260 2240 conuario
1280 2189 1310 2240 15

107 2287 128 2336 ³·
143 2292 227 2356 liberi
250 2291 382 2372 relegati
403 2292 542 2372 parentis
565 2301 721 2372 potestate
742 2309 803 2358 nou
824 2291 1009 2358 liberantur.
1043 2291 1072 2354 3.
1097 2289 1175 2356 Cum
1190 2294 1260 2372 quis

144 2409 269 2474 alieuius
297 2411 436 2474 eriuuiuis
463 2421 628 2476 aecusatus
650 2409 761 2488 tuerit,
793 2411 923 2490 deiude,
957 2409 1088 2476 erimine
1115 2410 1259 2493 probato,

144 2529 232 2592 talem
247 2528 357 2596 tulerit
372 2530 574 2611 magistratus
589 2532 794 2622 sententiani:
815 2531 853 2594 in
875 2528 1037 2595 metella
1059 2537 1099 2594 te
1118 2530 1258 2608 damno,

143 2647 190 2712 uel
212 2649 356 2715 bestiis
378 2656 417 2714 te
439 2649 568 2727 trado,
596 2648 651 2714 fiet
678 2651 729 2714 hie
758 2650 865 2714 statim
895 2667 1007 2714 seruus
1036 2665 1169 2730 poenae,
1197 2665 1258 2714 nou

142 2769 455 2846 autumnitatem,
486 2775 535 2833 set
556 2767 651 2833 etiam
673 2769 852 2835 libertatem
882 2769 1045 2834 emittens:
1075 2776 1107 2834 et
1136 2770 1181 2832 ita
1209 2769 1258 2833 sui
1276 2789 1311 2844 20

104 2895 124 2942 4Δ
140 2888 215 2951 iuris
242 2885 332 2953 liberi
362 2887 430 2953 eius
456 2885 639 2954 efficientur.
662 2891 692 2951 4.
715 2887 949 2953 Filiusiamilies
970 2890 997 2953 si
1019 2887 1175 2969 stipendia
1197 2904 1258 2951 me·

140 3008 245 3083 metit,
267 3011 324 3072 eut
338 3013 466 3072 senator
487 3005 539 3072 uel
560 3009 655 3072 etiem
677 3007 785 3074 consul
807 3006 909 3072 iaetus
931 3004 1037 3084 fuerit,
1054 3012 1160 3070 manet
1182 3003 1258 3068 nihi·

139 3125 270 3190 lominus
291 3126 324 3189 iu
346 3127 447 3207 petris
461 3132 627 3209 potestate.
651 3125 762 3191 militia
784 3125 867 3191 enim
889 3123 941 3190 uel
963 3122 1135 3190 consularis
1158 3121 1257 3202 digni·

140 3257 186 3313 tas
209 3253 258 3315 sui
280 3252 357 3318 iuris
379 3251 477 3317 filium
501 3272 562 3317 non
584 3251 688 3318 efficit.
716 3253 742 3316 si
764 3259 870 3316 autem
892 3248 1044 3331 patricius
1066 3242 1169 3306 iaetus
1192 3238 1258 3304 tue·
