2960 4704
541 351 752 414 -12-

102 541 142 602 tua
159 536 344 603 relationem
365 536 405 603 da
426 538 562 618 quadam
584 556 619 602 re
639 536 788 619 ambigna
809 537 933 604 lacman.
983 543 1021 604 ut
1046 555 1117 605 ecca
1139 556 1209 604 cnm

101 653 270 736 inquadam
291 655 453 738 prouincia
475 661 559 722 esset
580 655 651 738 quia
673 663 826 734 mortuus,
848 657 912 724 duo
934 656 974 723 de
996 656 1065 725 eius
1087 657 1210 726 heredi·

100 778 152 836 tate
171 777 416 854 contendebant,
440 775 538 842 irater
566 784 769 860 patruusque.
821 778 932 843 horum
962 779 1044 844 enim
1073 785 1207 863 uterque

98 893 168 959 solus
192 895 284 962 heres
305 915 375 963 esse
396 896 531 963 uolebat.
581 915 713 980 cumque
742 897 793 964 lan
821 916 882 964 non
909 907 1010 978 esset,
1037 916 1101 981 qna
1127 900 1208 966 eius·

98 1012 168 1078 modi
190 1013 390 1082 dirimeretur
410 1015 635 1090 controuersia,
657 1017 767 1082 relatio
789 1017 830 1083 ad
857 1017 1026 1100 principem
1054 1017 1137 1084 iacta
1158 1027 1207 1086 eat
1241 1017 1258 1068 ⁵
1352 1057 1355 1063 Α

98 1134 305 1214 aprouinciae
327 1139 457 1200 rectore.
480 1151 574 1216 quam
596 1135 779 1200 relationem
801 1153 871 1200 cum
902 1135 1046 1216 princeps
1067 1134 1205 1220 legisset,

97 1252 246 1333 rescripsit
265 1255 394 1321 fratrem
418 1261 529 1335 patruo
551 1254 811 1336 anteponendum.
841 1256 912 1320 iura
933 1256 1039 1320 condit
1059 1257 1205 1340 princeps

97 1373 177 1436 etiam
200 1372 373 1440 decreto.
411 1373 486 1455 qnid
508 1380 557 1439 est
579 1382 686 1440 autem
708 1373 893 1440 decretum?
914 1375 1069 1439 sententia
1090 1376 1205 1455 princi·

96 1495 135 1575 pis
153 1493 237 1560 inter
259 1496 337 1561 duas
358 1501 465 1578 partes
486 1495 571 1576 apud
593 1513 665 1560 eum
679 1493 841 1575 litigantes
859 1493 935 1567 lata,
957 1492 1056 1558 ueluti
1070 1497 1103 1561 in
1125 1497 1206 1562 eins-

97 1613 166 1680 modi
186 1633 274 1680 casu.
317 1621 440 1680 mortno
462 1613 612 1695 quodam,
641 1614 704 1679 duo
727 1614 766 1678 de
788 1614 856 1680 eius
878 1613 1051 1680 hereditate
1079 1623 1256 1683 conten-10

96 1735 207 1814 lebant,
230 1735 330 1804 irater
350 1754 461 1818 nempe
482 1740 515 1800 et
535 1743 669 1816 patruus
691 1733 838 1813 defuncti,
862 1741 933 1798 nter
954 1732 1074 1800 scilicet
1095 1755 1202 1802 eornm

95 1857 186 1936 potior
205 1859 238 1922 in
261 1858 456 1924 successione
478 1863 562 1924 esset
582 1856 754 1922 habendus.
776 1857 920 1939 princeps
942 1873 1013 1922 cnm
1035 1863 1203 1940 utrumque

96 1975 232 2057 andaset,
254 1976 368 2043 statuit
388 1977 516 2043 fratrem
539 1974 789 2059 anteponendum
819 1983 852 2042 et
881 1975 912 2041 id
939 1993 1065 2059 quoque
1091 1977 1201 2059 princi·

96 2091 163 2170 palis
183 2098 365 2162 constitutio
387 2103 444 2162 est
478 2097 594 2163 dicitur
616 2115 691 2163 uero
714 2098 873 2163 decretum
896 2115 915 2162 a
938 2097 1201 2178 decernendo,

95 2208 155 2278 ie.
176 2215 339 2296 dispicere.
372 2235 442 2282 cnm
465 2218 546 2282 enim
569 2218 696 2298 proprio
716 2217 833 2283 iudicio
855 2235 920 2282 rem
943 2217 1199 2294 considerauerit,
1221 2229 1251 2280 15

94 2333 165 2412 quod
191 2333 252 2398 sibi
275 2335 390 2400 iustum
414 2333 562 2401 uideatur
582 2335 776 2417 pronuntiat.
827 2336 943 2403 dicitur
972 2336 1119 2404 similiter
1141 2337 1201 2402 de-

94 2457 230 2516 cretum
249 2459 283 2518 et
297 2455 499 2536 magistratus
521 2456 685 2530 sententia,
707 2461 756 2520 set
777 2473 814 2522 eo
837 2455 986 2522 differunt
1007 2456 1091 2537 quod
1113 2457 1198 2540 prin·

94 2570 162 2650 cipis
187 2571 346 2639 decretum
368 2580 565 2656 praesentem
587 2581 619 2638 et
645 2581 767 2642 ceteras
789 2573 821 2640 id
843 2593 944 2656 genus
966 2575 1199 2642 controuersias

94 2690 215 2766 dirimit,
240 2696 444 2776 magistratus
466 2713 542 2760 uero
565 2703 760 2776 praesentem
782 2696 1014 2774 tantummodo,
1042 2693 1199 2762 interdum
1243 2689 1246 2695 “

93 2817 188 2876 antem
208 2831 248 2878 ne
268 2819 464 2895 praesentem
494 2814 634 2898 quidem,
663 2814 807 2898 quotiens
829 2831 940 2896 nempe
961 2813 1129 2896 appellatio
1151 2831 1197 2880 se·
1217 2823 1250 2876 aa

92 2938 207 3008 quatur.
236 2951 292 3014 per
313 2933 449 3000 edictum
472 2951 596 3016 quoque
617 2933 668 2999 ius
690 2933 856 3000 constituit
876 2934 1031 3018 princeps.
1053 2934 1128 3016 qnid
1151 2940 1199 3000 est

93 3065 158 3115 uero
172 3049 329 3116 edictum?
350 3051 504 3135 quidquid
526 3061 638 3134 suapte
661 3061 775 3119 natura
797 3061 900 3120 motus
921 3055 1068 3138 princeps
1091 3051 1200 3119 definit

91 3168 126 3233 ad
145 3169 337 3238 subditorum
361 3173 456 3239 decus
477 3180 510 3237 et
531 3173 736 3240 commodum.
759 3173 875 3241 dicitur
897 3181 1002 3240 autem
1025 3174 1197 3241 edictum

91 3287 132 3352 ab
152 3290 349 3370 edicendo,
372 3292 431 3358 hoc
451 3299 500 3358 ast
514 3293 694 3376 praedicere
708 3301 803 3376 atque
817 3296 1003 3378 praeuenire
1024 3312 1105 3376 quae
1127 3297 1199 3362 sula
1267 3289 1271 3297 ’

92 3405 158 3472 ditis
169 3409 335 3476 uideantur
346 3410 539 3478 calamitates
551 3413 754 3480 obuenturae.
770 3431 864 3494 saepe
876 3415 956 3480 enim
968 3420 1079 3498 sponte
1089 3431 1200 3498 cogno-
1217 3424 1251 3476 aa

93 3527 133 3594 uit
158 3531 298 3614 princeps
325 3530 454 3618 aliquod
482 3533 612 3599 absurdi
638 3533 722 3616 apud
752 3534 895 3600 subditos
923 3551 997 3600 suos
1024 3551 1093 3602 esse
1114 3553 1198 3602 reoc-
