2898 4712
522 385 755 451 -232-

84 571 176 638 dioillo
201 593 298 638 »non«
324 573 517 652 addiderim,
548 575 606 640 hou
639 577 746 641 modo:
773 576 883 642 Titio
905 595 1048 643 aurcos
1071 575 1096 642 (l
1118 595 1193 642 uon

82 693 123 758 do
148 711 219 758 non
247 690 352 774 lego,
384 691 417 757 id
447 693 613 759 contrariis
642 695 747 760 uerbis
777 696 955 778 ademptum
986 703 1051 762 est:
1079 697 1193 779 quibus

83 811 153 876 enim
185 811 260 878 dedi
292 812 405 878 iisdem
438 825 471 880 et
498 813 631 893 obstuli,
662 833 760 880 »nou«
793 815 948 897 particula
975 816 1092 882 addita.
1145 815 1193 883 do

82 935 151 1000 enirn
177 934 371 1000 ›nonno‹
397 935 586 1000 contrarium
610 941 667 1000 est.
712 939 762 1000 set
788 935 815 1000 si
845 937 915 1002 aliis
944 935 1193 1018 quibuscumque

82 1054 172 1119 uerbis
194 1053 341 1140 adimam,
364 1053 563 1121 nihilominus
586 1053 617 1119 id
639 1054 767 1121 ualebit.
802 1063 838 1120 ut
860 1075 931 1122 ecce
953 1074 1023 1122 cum
1046 1056 1191 1122 dixerim:
1226 1065 1244 1116 5

82 1174 178 1239 Titio
210 1175 403 1242 Gaureos
436 1173 543 1257 lego,
579 1176 710 1244 addam:
747 1175 852 1243 Titio
880 1195 1025 1244 aurcos
1054 1174 1079 1241 O
1106 1177 1193 1241 dari

82 1295 165 1360 nolo.
211 1303 244 1360 et
266 1297 306 1360 ab
328 1295 391 1362 alio
413 1295 446 1360 in
470 1293 565 1361 alium
589 1295 760 1363 transferre
783 1316 964 1380 possumus,
993 1295 1092 1364 ueluti
1122 1313 1192 1363 curn

82 1413 151 1478 Titio
172 1412 314 1480 Stichum
338 1435 464 1482 seruum
487 1435 591 1482 meum
620 1416 815 1498 reliquerim,
845 1435 971 1498 possum
999 1417 1044 1481 ita
1074 1419 1192 1492 dicareg

82 1531 250 1599 Stichum
272 1555 382 1618 quem
404 1535 513 1600 Titio
536 1537 665 1617 legaui
688 1534 775 1603 Seio
798 1537 896 1620 lego.
941 1536 1035 1620 idque
1061 1537 1094 1602 in
1123 1537 1192 1618 ipso

82 1658 257 1718 testamento
279 1655 329 1720 uel
349 1653 381 1721 in
410 1653 561 1720 codicillis
591 1657 693 1722 dicere
720 1675 865 1738 possum3
893 1655 1058 1722 translatio
1085 1663 1190 1722 autam
1211 1660 1243 1711 10

81 1773 197 1838 tacitam
226 1777 259 1838 in
286 1792 319 1840 se
347 1775 576 1858 ademptionem
607 1775 762 1850 continet,
790 1795 860 1841 cum
889 1775 972 1841 enim
1001 1795 1021 1842 a
1048 1776 1131 1843 Titio
1158 1775 1191 1840 in
1287 1783 1290 1790 ’

14 1921 16 1928 v
83 1889 178 1958 selom
199 1895 337 1974 legatum
361 1893 526 1972 transiero,
549 1895 644 1962 tacite
666 1895 699 1959 id
721 1895 804 1960 Titio
826 1895 943 1962 aulero.

350 2505 399 2574 De
419 2507 489 2590 lege
509 2505 658 2574 Falcidia.
703 2508 826 2574 Titulus
850 2509 900 2572 22.

158 2693 306 2777 Superest
335 2701 370 2762 ut
398 2695 438 2762 dc
466 2695 536 2779 lege
565 2695 705 2761 Falcidia
734 2693 950 2778 dispiciemus,
985 2713 1048 2779 qua
1077 2696 1187 2761 modus

83 2813 238 2880 nouissime
258 2815 371 2896 legetis
393 2813 559 2896 impositus
581 2818 640 2882 ast.
691 2833 763 2880 cum
789 2813 872 2880 enim
901 2813 974 2879 olim
1003 2813 1113 2880 liceret
1141 2821 1188 2880 to

83 2937 143 2995 tum
163 2935 378 3014 patrimonium
400 2933 514 3015 legatie
536 2953 682 3017 erogare,
706 2935 756 3000 uel
784 2933 849 3000 fere
876 2940 976 3000 totum
1006 2937 1091 3018 (narn
1118 2932 1187 3016 lege
1207 2951 1239 3004 15

83 3049 140 3115 ΧΠ
159 3053 330 3119 tabularum
352 3055 399 3120 ita
420 3061 547 3120 cautum
569 3053 685 3120 fueret:
711 3055 796 3120 »uti
823 3054 995 3138 ingessit
1015 3071 1109 3119 suae
1129 3054 1187 3119 rei

85 3171 163 3249 quis
181 3172 238 3237 ita
259 3173 320 3238 ius
342 3175 478 3256 estur),
501 3175 603 3239 uisum
626 3180 675 3240 est
701 3181 811 3254 postca
839 3175 918 3242 hano
946 3171 1072 3262 legundi
1093 3173 1187 3238 licen·
