2864 4736
526 423 567 430 --
614 388 678 450 reo
725 420 765 429 -

91 562 256 626 manifesta
280 568 339 640 est,
367 562 386 624 i.
411 582 436 625 c.
460 561 547 625 illum
570 568 702 625 tutorem
727 561 814 625 illum
842 569 1018 624 curatorem
1047 579 1125 622 esse.
1172 569 1204 622 ct

46 689 167 751 rabaee
191 685 316 767 quidem
336 686 375 749 de
392 686 423 749 in
439 705 504 750 rem
529 685 660 749 actione·
702 689 755 751 la.
772 685 827 750 Sin
851 691 955 749 autem
979 685 1012 747 iu
1035 703 1202 766 personam

89 812 253 892 agebatur,
278 813 318 875 ab
342 811 458 875 actoris
485 817 574 893 parte
598 810 709 874 eadem
737 809 934 893 optinebant,
960 829 1041 889 quae
1068 808 1202 872 diximus

90 936 119 998 iu
153 937 276 1000 actione
311 937 342 999 in
370 956 450 1017 rem,
481 935 624 999 dominus
657 935 778 999 scilicet
812 935 930 998 nullam
966 933 1203 997 satisdationem

88 1063 286 1144 praestabat,
326 1067 512 1143 procurator
548 1061 682 1124 canebat
718 1068 855 1123 »ratam
893 1079 968 1122 rem
1007 1065 1087 1122 cet«
1124 1064 1205 1121 tutor
1242 1070 1259 1120 t

89 1191 193 1250 autem
224 1191 255 1249 et
283 1193 408 1249 curator
436 1191 499 1249 tum
528 1185 664 1264 demum,
701 1204 771 1248 oum
806 1185 845 1248 de
878 1204 985 1248 eorum
1021 1181 1204 1247 condicione

88 1310 308 1392 ambigeretur.
355 1331 394 1374 ex
416 1316 508 1392 parte
531 1329 606 1374 uero
623 1309 700 1386 eius,
725 1329 795 1372 cum
815 1328 876 1388 quo
894 1309 1058 1390 agebatur,
1083 1307 1110 1371 si
1134 1307 1204 1388 quis

88 1435 193 1498 alieno
217 1435 341 1498 nomine
365 1434 521 1498 actionem
548 1434 580 1497 iu
607 1453 775 1516 personam
804 1432 997 1515 excipiebat,
1026 1431 1203 1495 omnimodo

87 1559 245 1624 satisdare
262 1560 443 1642 cogebatur,
459 1566 587 1641 propter
602 1559 796 1640 praedictam
812 1557 889 1621 iuris
904 1557 1060 1639 regulam:
1080 1575 1203 1620 »nemo

87 1683 169 1747 sine
194 1683 452 1747 satisdatione
477 1688 573 1762 cet«,
598 1683 681 1763 quod
704 1683 730 1746 si
747 1703 804 1746 suo
822 1682 946 1746 nomine
963 1681 1032 1762 quis
1055 1681 1203 1744 iudicium
1225 1697 1258 1746 10

86 1809 118 1870 in
142 1827 310 1891 personam
335 1809 521 1892 accipiebat,
550 1808 719 1872 iudicatum
743 1808 824 1872 solui
848 1806 1001 1871 satisdare
1026 1827 1089 1870 non
1111 1824 1203 1888 coge-

54 1945 76 1989 ·2.
88 1935 190 1996 batur.
226 1937 254 1998 2.
278 1933 334 1997 Set
348 1934 427 1998 haec
443 1933 569 2013 quidem
585 1933 744 1997 ueteribus
761 1933 962 2014 plaoueruut;
986 1931 1079 1994 hodie
1100 1938 1203 1994 autem

87 2058 170 2121 alius
199 2057 275 2121 ordo
303 2057 335 2120 iu
363 2057 411 2121 his
439 2058 566 2140 optinet.
613 2057 680 2121 siue
704 2056 787 2120 euim
820 2056 890 2136 quis
922 2056 952 2119 iu
986 2075 1051 2119 rem
1080 2054 1203 2119 actione

86 2181 282 2262 conuenitur,
307 2183 374 2246 siue
400 2181 558 2264 personali
582 2202 637 2246 suo
661 2181 796 2261 nomine,
826 2181 942 2244 nullam
966 2179 1201 2243 satisdationem

86 2312 218 2388 propter
245 2305 308 2370 litis
337 2306 587 2370 aestimationem
620 2305 696 2368 dare
732 2304 943 2387 compellitur,
977 2309 1026 2368 set
1056 2325 1111 2386 pro
1145 2323 1203 2367 sua
1223 2315 1256 2365 15

84 2437 209 2494 tantum
232 2449 369 2514 persona
395 2431 609 2494 fideiussorem
626 2431 794 2508 coustituit,
820 2429 873 2509 qui
890 2436 1010 2510 caueat,
1037 2429 1070 2491 in
1085 2427 1201 2491 iudicio

84 2576 169 2634 eum,
195 2577 264 2618 oum
289 2575 350 2636 quo
367 2555 478 2637 agitur,
504 2574 601 2634 usque
619 2555 660 2618 ad
675 2555 839 2618 terminum
856 2555 941 2618 litem
958 2573 1203 2636 permansurum.

84 2679 261 2760 aliquando
289 2681 502 2745 fideiussorem
530 2699 593 2743 non
621 2679 794 2761 constituit,
823 2687 871 2744 set
898 2678 1098 2744 committitur
1125 2699 1202 2741 suae

83 2803 287 2885 promissioni
304 2823 373 2867 cum
390 2804 590 2868 iureiurando
609 2824 665 2867 »se
690 2804 726 2867 in
748 2803 895 2867 iudicio
918 2823 1202 2886 permansurum

82 2947 209 3009 neque
240 2928 324 2991 inde
353 2928 638 3008 discessurum«,
672 2948 751 3008 quae
786 2929 904 3010 passim
933 2927 1029 2991 latine
1058 2928 1258 2991 »cautiore

81 3053 294 3116 iuratoria«
319 3059 460 3133 uocatur,
485 3071 600 3134 graece
617 3050 855 3134 ›trcrpoatae
901 3051 1028 3133 saepius
1052 3059 1156 3115 autem
1173 3062 1203 3114 ot

81 3178 153 3241 siue
179 3177 379 3241 iureiurando
403 3176 517 3240 nudam
541 3177 778 3259 promissionem
801 3176 841 3240 de
858 3175 916 3240 hoc
931 3183 1081 3259 praestat.
1120 3197 1201 3256 quae

81 3302 194 3365 omnia
219 3322 274 3383 pro
303 3301 456 3382 qualitate
479 3319 634 3383 personae
658 3301 739 3380 eius,
769 3322 838 3364 cum
862 3321 924 3381 quo
947 3301 1065 3382 agitur,
1093 3319 1201 3383 proce-

81 3426 160 3490 dere
191 3425 299 3490 solent.
345 3426 452 3504 itaque
481 3425 533 3505 qui
566 3445 622 3488 suo
659 3425 784 3488 nomine
799 3416 804 3428 ’
821 3430 992 3488 conuentus
1027 3430 1076 3487 est
1108 3423 1200 3486 modo

79 3550 312 3628 fideiussorem,
337 3549 429 3612 modo
446 3549 627 3614 iuratoriam
645 3550 831 3629 cautionem,
856 3549 948 3611 modo
966 3553 1070 3612 autem
1085 3547 1201 3612 nudam
1221 3557 1255 3607 25

45 3695 68 3742 3.
79 3673 326 3755 promissionem
356 3678 504 3756 praestat.
566 3678 594 3739 3.
619 3673 675 3736 Sin
707 3679 810 3736 autem
844 3677 1030 3755 procurator
1057 3677 1119 3752 est,
1149 3674 1202 3752 qui

78 3798 172 3862 litem
197 3796 291 3861 infert
313 3797 364 3861 uel
388 3797 527 3880 suscipit,
552 3817 590 3862 ex
614 3797 728 3862 actoris
749 3804 839 3880 parte
863 3796 1100 3861 satisdationem
1125 3797 1201 3860 dare

79 3921 285 4004 compellitur
307 3927 443 3985 »ratam
467 3941 541 3984 rem
565 3922 750 3984 dominum
774 3921 1021 4001 habiturum«;
1045 3920 1105 3984 nisi
1121 3921 1201 3984 forte

76 4046 265 4111 mandatum
291 4046 407 4110 domini
434 4045 604 4110 ostenderit
632 4046 710 4110 actis
737 4046 942 4128 insinuatum,
972 4052 1027 4109 aut
1048 4065 1201 4128 praeseus
