2898 4712
530 355 763 420 -237-

99 564 156 610 rum
186 545 319 611 baberet
354 543 573 624 patrimonium
608 559 735 624 purum,
764 540 868 608 0000
896 540 1030 623 legauit:
1064 539 1089 606 0
1117 542 1202 606 aurei

99 671 160 727 sunt
180 663 346 729 retinendi.
391 663 465 746 qnid
497 665 523 726 si
546 659 651 727 COCL
677 659 821 744 legauit?
849 667 962 726 octaua
988 677 1062 742 pars
1092 658 1203 724 retine·

98 785 184 862 bitur;
206 791 320 848 octaua
342 801 414 865 pars
437 787 542 848 autem
565 777 670 846 CCOO
694 782 726 845 L.
752 781 847 847 habet
869 783 966 861 igitur
986 780 1079 845 heros
1102 798 1139 844 ex
1162 787 1207 844 te·

98 903 213 967 statoris
235 902 397 966 uoluntate
418 901 455 979 L,
478 921 515 966 er
537 900 605 982 lege
628 899 706 965 alios
735 899 777 978 L,
805 901 858 981 qui
886 898 978 964 simul
1000 900 1205 981 quadrantem

99 1019 231 1084 eliciunt
283 1020 309 1084 si
340 1021 366 1084 D
401 1018 521 1102 legauit
552 1039 621 1084 oum
653 1017 755 1084 0000
790 1018 1009 1099 patrimonium
1045 1017 1240 1083 habuisset⁵

100 1141 214 1221 (legauit
242 1147 348 1204 antem
371 1137 400 1201 D
427 1140 486 1206 hoc
515 1142 625 1214 modo;
660 1137 764 1204 Primo
787 1138 827 1216 0,
854 1137 998 1203 Secundo
1032 1137 1073 1215 0,
1101 1136 1207 1202 Tertio

100 1260 202 1337 Quarto
224 1259 341 1337 Quinto
356 1256 488 1340 siugulis
512 1260 565 1340 0),
589 1267 661 1324 ante
682 1259 786 1323 omnia
808 1259 891 1340 quod
914 1263 1060 1339 superest
1082 1255 1206 1321 deduci-

100 1387 149 1450 tur,
172 1378 256 1442 idest
278 1379 408 1460 singulis
431 1378 543 1458 legatis
566 1378 674 1460 quinta
697 1395 769 1457 pars
798 1374 940 1442 aufertur
966 1377 1012 1442 ita
1039 1384 1074 1442 ut
1104 1375 1207 1455 singu·

99 1495 130 1561 lis
149 1497 305 1578 legatariis
328 1495 444 1562 LXXX
466 1497 554 1562 aurei
579 1505 732 1563 maneant.
778 1497 888 1562 deinde
912 1516 950 1562 ex
972 1495 1095 1562 falcidia
1116 1495 1208 1560 heres

101 1616 232 1682 retinebit
256 1635 293 1681 ex
314 1617 444 1698 singulis
473 1615 632 1697 legatariis
663 1617 789 1682 uicenos
811 1635 923 1682 aureos
956 1617 1061 1698 sicque
1094 1614 1155 1681 sibi
1182 1613 1259 1680 010

100 1753 198 1802 aureos
219 1747 360 1816 quaeret,
385 1739 466 1802 idest
486 1739 691 1819 quadrantem
716 1738 905 1802 hereditatis.
928 1737 1088 1804 habebunt
1102 1746 1207 1802 autam

100 1855 199 1935 singuli
222 1858 379 1938 legatarii,
406 1858 520 1937 quibus
542 1859 664 1923 centeni
692 1860 779 1922 aurei
803 1856 905 1923 relicti
928 1858 1070 1934 luerunt,
1092 1873 1207 1922 aureos

102 1993 265 2056 sexagenos.

214 2623 258 2688 De
281 2621 575 2689 fideicommissariis
598 2621 835 2688 hereditatibus.
880 2621 1003 2686 Titulus
1026 2622 1076 2686 23.

177 2807 253 2872 Cum
277 2808 315 2873 de
337 2808 448 2888 legatis
471 2809 724 2886 tractaucrimns,
749 2809 788 2873 ad
811 2807 1049 2873 fideicommissa
1071 2815 1209 2873 trausea-

104 2941 171 3004 mns‚
192 2945 324 3007 quorum
347 2929 409 2991 alia
430 2927 601 3006 singularia
624 2935 706 3005 sunt,
729 2927 792 2992 alia
821 2926 1023 2993 uniuersalis.
1069 2934 1101 2992 et
1122 2927 1208 3010 prius
1229 2949 1259 2998 ro

103 3045 136 3108 do
155 3048 377 3113 hereditatibus
400 3046 693 3113 fideicommissariis
716 3048 927 3130 dispiciamus
951 3049 1063 3114 deinde
1086 3050 1124 3114 de
1147 3048 1209 3113 sin-

73 3182 90 3236 1.
105 3167 176 3243 gulis
197 3168 288 3232 rebus
311 3185 366 3248 per
389 3165 658 3234 fideicommissum
682 3167 798 3233 relictis
820 3169 1005 3234 uidebimus.
1053 3172 1080 3232 l.
1116 3169 1157 3233 Et
1179 3171 1209 3232 in

104 3286 199 3361 prinis
237 3285 274 3349 de
311 3305 419 3350 eorum
458 3287 576 3368 origiue
615 3289 825 3368 dispiciamus.
887 3286 959 3354 olim
1000 3287 1125 3370 quidem
1165 3293 1210 3352 in·

104 3399 184 3467 firma
204 3406 306 3470 omnia
332 3403 570 3471 fideicommissa
599 3414 704 3480 erant;
733 3426 824 3474 nemo
852 3407 933 3472 enlm
961 3409 1079 3472 inuitus
1107 3425 1143 3471 ea
1172 3407 1209 3470 iis

106 3530 254 3598 praestare
275 3525 458 3606 cogebatur,
489 3526 603 3606 qulbus
633 3533 761 3608 rogatus
783 3525 895 3592 iuerat.
941 3531 1029 3608 origo
1051 3533 1153 3591 nutem
1178 3525 1207 3589 fi·
1227 3526 1261 3578 2⁰
