2920 4750
559 459 598 466 -
646 424 708 487 ccx

122 598 318 662 Institutione
343 598 493 673 diximus,
521 617 590 660 cum
618 597 657 661 de
680 597 791 661 litteris
820 597 1013 679 obligatione
1039 617 1141 661 sermo
1165 597 1234 678 fuit,

123 723 272 806 principis
300 722 398 787 nostri
426 722 605 787 constitutio
635 722 675 785 ad
706 722 861 786 biennium
890 743 959 786 eam
989 723 1150 787 coartauit.
1204 729 1235 786 et

122 848 148 910 si
187 849 270 912 intra
307 847 465 912 biennium
504 868 613 929 agam,
658 848 801 930 exceptio
844 847 919 910 mihi
962 853 1149 931 opponetur;
1197 868 1234 911 eo

89 984 111 1034 a.
123 973 249 1055 elapso,
275 992 330 1036 reo
360 973 503 1055 exceptio
530 991 592 1035 uon
620 970 754 1035 dabitur.
809 975 837 1038 3.
862 971 942 1036 Huic
971 972 1093 1054 species
1122 978 1153 1036 et
1180 973 1236 1036 illa

122 1098 233 1161 similis
257 1103 320 1161 est:
351 1096 374 1160 Ο
399 1117 511 1161 aureos
534 1097 593 1161 tibi
616 1096 748 1178 credidi;
777 1103 889 1179 postea
911 1103 1022 1179 pactus
1045 1118 1129 1173 sum,
1152 1118 1191 1161 ne
1216 1118 1236 1160 a
1273 1108 1288 1158 o

120 1231 151 1286 te
177 1231 314 1286 mutuum
337 1229 486 1306 peterem.
506 1223 565 1286 hoc
589 1227 713 1304 pactum
738 1223 806 1304 ipso
830 1222 898 1286 ime
922 1222 1149 1286 condictionem
1173 1243 1235 1286 non

120 1347 275 1426 dissoluit,
304 1353 412 1430 utpote
440 1367 521 1426 quae
545 1347 644 1411 stricti
667 1347 742 1410 iuris
772 1346 853 1409 actio
882 1346 934 1428 sit,
962 1352 1010 1410 set
1037 1347 1139 1412 adbuc
1166 1348 1234 1411 iure

120 1473 207 1537 ciuili
229 1472 354 1536 teneris.
402 1492 464 1554 qua
488 1471 527 1534 de
551 1491 649 1535 causa
672 1470 784 1534 efficax
808 1477 856 1535 est
883 1479 991 1535 contra
1014 1478 1044 1536 te
1068 1473 1233 1552 condictio,

119 1605 151 1661 et
169 1597 254 1661 recte
278 1596 420 1661 intendo:
446 1597 496 1660 »si
519 1602 628 1680 paret
651 1603 685 1660 te
710 1596 799 1660 dare
823 1603 1034 1680 oportere‹;
1060 1598 1234 1662 naturalem

118 1730 226 1787 tamen
250 1722 441 1802 aequitatem
462 1720 596 1800 offenslc,
621 1741 708 1785 ineas
725 1723 793 1805 ipse
810 1721 1044 1803 transgrediens
1060 1723 1233 1806 pactiones,
1256 1734 1288 1785 10

118 1848 282 1912 remittens
321 1867 359 1910 ac
392 1867 498 1911 rursus
533 1847 712 1912 intendens:
742 1854 772 1910 et
806 1847 878 1911 ideo
917 1849 1018 1930 pacti
1057 1849 1235 1912 conueuti

83 1987 106 2036 t.
118 1972 264 2055 exceptio
289 1971 363 2035 mihi
387 1973 533 2036 obstabit.
589 1979 618 2037 4.
642 1972 776 2048 Quidam
801 1973 825 2036 O
849 1992 962 2037 aureos
985 1972 1060 2036 mibi
1084 1973 1233 2055 debebat3

117 2098 258 2160 debitum
292 2099 331 2160 ab
368 2117 404 2160 eo
440 2098 528 2180 petii3
568 2099 707 2180 negabat
740 2099 793 2161 ille
828 2119 862 2162 se
897 2098 1065 2178 quidquam
1105 2098 1233 2162 debere:

116 2223 336 2287 iusiurandum
360 2222 389 2286 ei
414 2223 525 2287 detuli:
549 2223 666 2286 iurauit
689 2243 724 2286 se
747 2223 823 2286 nihil
847 2223 971 2286 debere.
1016 2223 1102 2287 ualet
1125 2223 1235 2287 nihilo-

116 2347 222 2411 minus
246 2348 416 2430 condictio;
441 2369 513 2411 uam
531 2348 621 2412 sicuti
638 2354 771 2430 pactum,
795 2349 839 2412 ita
855 2347 1069 2411 iusiurandum
1086 2348 1154 2431 ipso
1167 2348 1234 2411 iure
1256 2361 1288 2410 15

116 2473 277 2536 actionem
301 2493 363 2536 non
384 2473 525 2556 peremit.
564 2477 612 2536 set
628 2471 702 2553 quia
719 2473 854 2552 iniquum
872 2480 920 2536 est
936 2493 986 2536 me
1003 2477 1147 2554 agentem
1165 2493 1235 2536 cum

117 2597 251 2680 periurii
279 2618 443 2680 accusare,
480 2603 656 2680 opponetur
686 2595 760 2660 mihi
792 2597 935 2679 exceptio
970 2597 1235 2662 iurisiurandi.

116 2723 163 2786 ait
180 2722 264 2786 euim
281 2722 317 2802 is,
343 2742 412 2786 cum
433 2741 494 2802 quo
512 2722 628 2802 agitur:
654 2721 704 2784 »si
727 2740 797 2785 non
821 2722 946 2785 iuraui
969 2741 1023 2785 me
1047 2722 1117 2785 tibi
1140 2721 1236 2785 nibil

116 2847 289 2910 debere«.
335 2865 392 2909 nec
416 2845 573 2909 solumtin
596 2844 814 2928 personalibus
838 2845 1030 2920 actionibuS,
1058 2853 1105 2909 set
1132 2845 1234 2924 iubis

115 2989 262 3050 quoque,
292 2970 405 3050 quibus
428 2969 460 3033 in
483 2990 549 3033 rem
574 2969 691 3050 agitur,
722 2968 922 3052 exceptiones
952 2975 1157 3052 opponuntur.
1202 2976 1236 3033 ut
1254 2981 1289 3032 20

115 3115 210 3159 ecce:
240 3115 305 3156 rem
329 3093 403 3158 mihi
431 3094 637 3177 pertinentem
662 3095 807 3176 tenebas;
837 3114 906 3158 eam
931 3115 950 3157 a
973 3102 1004 3158 te
1032 3095 1115 3178 petii.
1165 3115 1234 3158 eam

113 3228 150 3283 tu
173 3226 262 3283 tuam
286 3237 356 3282 esse
373 3218 594 3282 contendebas.
638 3218 851 3282 iusiurandum
875 3219 932 3282 tibi
956 3219 995 3282 de
1019 3238 1106 3282 aare
1123 3218 1233 3282 detuli:

114 3344 233 3408 iurasti
256 3349 285 3408 te
310 3363 379 3408 esse
404 3343 569 3408 dominum.
609 3343 637 3406 si
659 3349 770 3425 postea
794 3363 900 3406 rursus
924 3348 1033 3407 contra
1057 3349 1086 3406 te
1111 3343 1234 3407 actione

113 3469 148 3532 in
180 3487 247 3532 rem
275 3469 422 3550 experiar
453 3469 507 3552 tea
536 3467 618 3532 enim
651 3467 726 3530 mibi
749 3467 949 3531 nibilominus
973 3467 1136 3550 competit,
1165 3486 1235 3530 cum

114 3591 335 3656 iusiurandum
353 3592 522 3656 dominium
538 3612 640 3656 meum
657 3612 718 3655 non
735 3591 937 3674 obsoluerit),
963 3598 1137 3675 opponetur
1160 3593 1235 3656 mihi
1255 3603 1287 3654 25

79 3739 102 3789 b.
115 3738 157 3781 ex
195 3717 334 3782 naturali
367 3716 527 3799 aequitate
562 3711 706 3798 exc'eptio
741 3715 1001 3780 iurisiurandi.
1063 3719 1092 3782 5.
1116 3715 1234 3780 Iudicio

113 3851 224 3907 tecum
248 3842 300 3925 egi
327 3842 394 3906 siue
418 3842 450 3906 iu
477 3861 543 3905 rem
571 3841 638 3904 siue
669 3841 700 3904 in
728 3860 910 3922 personam:
940 3840 1040 3904 uictus
1068 3859 1150 3922 sum,
1180 3861 1235 3904 seu

114 3966 206 4048 quod
232 3965 328 4030 iudici
356 3966 450 4030 suerit
477 3967 640 4048 obreptum
665 3985 720 4028 seu
747 3963 842 4028 iudex
869 3965 951 4028 male
980 3964 1233 4047 pronuntiauen't

114 4091 261 4156 actione·
286 4090 410 4170 quidem
434 4110 522 4154 suum
547 4089 609 4152 uim
633 4088 827 4170 retinebuut3
852 4087 879 4152 si
902 4107 977 4152 uero
1002 4107 1108 4152 rursus
1132 4093 1233 4151 tecum
