2876 4712
548 326 780 392 „300-

107 513 205 596 legem
229 522 260 578 et
281 513 470 596 Largianum
493 513 525 580 S.
549 515 599 594 C.‚
621 521 670 580 set
698 515 792 580 etiam
815 515 941 580 Traiani
969 515 1105 581 edietum
1135 515 1225 581 abro-

105 653 192 714 gans,
216 641 251 698 ut
273 652 380 700 omues
402 634 505 699 liberti
528 635 648 701 romani
671 633 757 701 uiues
780 635 852 715 siut,
875 641 907 701 et
929 635 1064 717 quadam
1087 652 1157 700 eum
1180 635 1227 700 iu·

104 753 250 819 mentione
272 772 328 819 seu
350 732 524 820 adiectione
545 753 655 820 iisdem
679 753 777 821 modis
806 753 919 837 quibus
947 753 1020 819 olim
1048 753 1227 820 manumissi

104 872 191 939 latini
213 871 340 954 fiebant,
364 893 416 940 eos
437 875 477 939 ad
500 893 658 940 romanam
680 874 827 957 perduxit
849 874 1019 940 ciuitatem.

307 1487 353 1551 De
376 1487 592 1567 adsignatione
613 1485 805 1551 libertorum.
843 1485 967 1550 Titulus
991 1485 1020 1550 8.

185 1673 265 1740 Cum
289 1675 328 1739 de
350 1672 505 1739 libertinis
528 1674 707 1751 dixerimus,
729 1675 759 1738 iu
783 1691 904 1738 summa
925 1673 1091 1738 dicendum
1114 1679 1164 1739 est
1185 1672 1224 1737 de
1259 1683 1275 1734 t

99 1795 129 1858 in
151 1795 202 1859 eis
228 1794 313 1857 ieeta
340 1791 566 1875 adsignatione.
619 1795 700 1858 nosti
730 1793 810 1858 enim
839 1793 963 1873 patroni
992 1791 1123 1870 liberos,
1154 1809 1224 1857 oum

99 1913 232 1977 eundem
249 1913 411 1992 optineant
424 1913 565 1992 gradum,
589 1909 681 1976 simul
702 1921 788 1976 etex
809 1912 917 1993 aequis
938 1913 1080 1994 pertibus
1101 1911 1225 1994 paterni

98 2030 205 2096 liberti
228 2031 317 2097 adire
339 2030 555 2096 hereditatem.
605 2032 727 2096 censuit
755 2038 859 2095 autem
890 2039 999 2112 postea
1021 2035 1159 2109 senatus
1190 2040 1226 2096 ut

99 2159 233 2231 patrono
255 2151 360 2232 plures
383 2152 498 2216 liberos
520 2150 650 2216 habenti
672 2151 779 2216 liceret
800 2150 856 2214 uui
879 2169 916 2216 ex
938 2151 987 2215 his
1002 2149 1149 2216 libertum
1171 2150 1224 2215 ad·

97 2271 234 2354 signare.
263 2279 296 2336 et
318 2271 463 2352 deinceps
485 2281 556 2353 post
578 2270 682 2336 liberti
710 2277 840 2335 mortem
863 2271 890 2334 is
916 2270 1015 2346 solus,
1044 2270 1093 2336 eui
1120 2269 1223 2351 adsig·
1245 2269 1275 2321 10

97 2400 191 2457 uatus
214 2399 273 2469 est,
295 2399 480 2472 patronatus
502 2391 574 2456 iura
594 2390 729 2465 habebit,
754 2390 829 2454 nihil
852 2389 929 2454 iuris
952 2391 995 2484 ad
1014 2388 1121 2454 liberti
1143 2389 1224 2454 bona

98 2511 210 2576 ceteris
234 2509 341 2574 liberis
364 2511 486 2592 patroni
510 2507 713 2587 habentibus,
736 2511 807 2589 qui,
830 2508 916 2574 nulia
937 2507 1155 2590 adsignatione
1176 2508 1221 2572 iu·

98 2630 304 2704 terueniente‚
327 2629 446 2709 pariter
475 2629 725 2693 admitterentur.
776 2630 803 2693 si
831 2646 907 2693 uero
935 2627 1096 2707 contingat
1123 2626 1221 2704 ilium,

97 2750 147 2813 oui
168 2750 303 2813 libertus
325 2758 372 2814 est
395 2749 586 2829 adsignatus,
608 2747 675 2813 sine
697 2748 804 2814 liberis
820 2751 908 2825 mori,
931 2757 1006 2814 tune
1020 2748 1116 2813 ceteri
1132 2747 1221 2812 liberi

62 2869 219 2950 spatiosi
243 2870 408 2948 pristinum
431 2869 480 2934 ius
503 2870 662 2950 recipient,
686 2879 718 2935 et
739 2868 851 2934 liberto
874 2869 1049 2935 suecedent.
1097 2871 1125 2932 1.
1149 2865 1221 2932 Nou
1244 2874 1273 2925 ¹⁶

97 2995 220 3054 tantum
244 2987 389 3053 libertum
411 2997 460 3053 set
482 2989 576 3054 etiem
603 2989 746 3058 libertam
776 2997 808 3054 et
836 3007 896 3054 uon
925 2995 1047 3053 tautum
1076 2986 1140 3052 filio
1170 3005 1222 3052 ue

96 3109 228 3189 potine,
271 3116 320 3172 set
357 3109 449 3174 etiam
493 3106 575 3175 filiae
614 3111 763 3192 neptique
805 3109 972 3190 adsignare
1018 3108 1220 3190 permittitur.
