2960 4704
552 337 766 404 ..26-

116 522 193 589 modo
213 521 263 589 sui
284 523 420 605 quisque
441 523 620 608 patrimonii
642 524 780 592 interret.
823 525 855 592 in
878 524 937 593 hoo
959 525 1054 610 igitur
1075 543 1170 594 censu
1191 526 1220 592 si

115 660 212 708 seruus
233 642 324 710 iussu
347 642 463 710 domini
485 649 584 712 semet
605 644 737 712 liberum
759 643 945 728 scripsisset,
967 663 987 712 a
1008 643 1162 713 seruitute
1182 644 1219 712 li·

118 761 283 828 lambatur.
335 768 522 830 testamento
549 771 671 838 autem,
704 783 774 830 aum
807 764 878 846 quis
913 782 1040 832 seruum
1066 783 1158 832 suum
1185 767 1219 832 in

116 887 290 948 testamento
323 881 482 950 liberaret
537 883 696 950 naturales
724 889 831 950 autem
862 884 1103 950 manumittendi
1135 885 1217 953 modi

116 1007 172 1066 tros
191 1008 291 1082 erant,
314 1003 399 1068 inter
423 1002 538 1069 amieos
566 1021 623 1085 per
651 985 790 1069 mensam
815 1021 872 1086 per
899 1004 1076 1087 epistulam.
1119 1012 1153 1072 et
1172 1004 1218 1070 in·
1252 1009 1269 1062 ὅ

111 1127 154 1186 ter
172 1121 289 1187 amicos
310 1121 445 1204 quidem,
468 1139 548 1202 eum,
564 1122 671 1188 amieis
691 1123 918 1206 praesentibus,
940 1123 1096 1204 quendam
1112 1141 1219 1192 manu·

114 1241 270 1304 mitterem.
303 1258 531 1322 permensum,
555 1259 624 1307 oum
646 1241 803 1308 libertatis
825 1241 946 1308 dandae
966 1243 1070 1325 gratia
1091 1259 1218 1310 seruum

110 1376 218 1424 netum
249 1359 280 1423 in
315 1359 460 1427 conuiuio
493 1360 605 1427 adesso
638 1361 788 1429 iuberem.
842 1381 898 1444 por
930 1361 1113 1445 epistulam,
1147 1378 1218 1429 anm

109 1495 194 1544 seruo
215 1479 294 1545 alibi
315 1485 472 1546 terrarum
492 1479 622 1562 degenti
643 1501 701 1565 per
727 1480 893 1564 epistulam
921 1482 953 1548 in
978 1481 1125 1550 libertate
1153 1499 1219 1547 mo·

109 1599 164 1662 rui
184 1600 397 1666 concederem.
445 1618 514 1667 cum
540 1600 618 1666 haec
647 1601 706 1667 tibi
734 1608 899 1684 perspecta
925 1603 1004 1681 sint,
1037 1603 1110 1670 uide
1142 1603 1218 1685 quid
1238 1622 1270 1674 10

107 1717 171 1782 inde
196 1722 359 1798 sequatur.
409 1737 478 1784 cum
505 1720 568 1784 tria
593 1718 731 1787 haecin
765 1719 946 1785 manumissi
974 1719 1058 1786 serui
1084 1738 1218 1803 persona

107 1843 336 1915 concurrerent,
366 1845 402 1903 ut
423 1839 523 1904 ruaior
545 1842 629 1906 esset
651 1838 740 1904 annis
761 1837 864 1916 XXX,
887 1844 920 1905 et
941 1839 972 1904 in
999 1839 1138 1922 legitima
1164 1839 1218 1906 do·

107 1957 172 2021 nini
205 1957 420 2039 proprietate,
454 1959 476 2022 i.
498 1977 525 2024 e.
558 1977 595 2025 ex
628 1958 697 2025 iure
731 1958 915 2039 Quiritium,
944 1957 1218 2026 manumitteretur

106 2081 201 2142 autem
225 2077 365 2144 uindicta
386 2085 442 2143 aut
463 2097 559 2144 censu
580 2085 637 2144 aut
659 2083 856 2158 testamento,
879 2097 959 2144 noue
985 2077 1019 2144 in
1048 2075 1113 2142 ullu
1134 2083 1218 2144 esset

106 2195 305 2278 turpitudine,
327 2195 451 2262 omuino
474 2213 585 2263 seruus
607 2197 686 2263 ciuis
708 2214 855 2264 romanus
876 2196 981 2264 fiebat.
1025 2195 1075 2262 sin
1101 2201 1216 2276 antem,
1237 2199 1268 2252 ¹⁶

104 2313 131 2378 in
151 2316 236 2380 nulla
258 2315 454 2397 turpitudine
476 2335 513 2382 eo
540 2325 701 2395 uersante,
731 2318 793 2383 tria
817 2316 870 2383 illa
896 2335 958 2383 nou
985 2325 1215 2396 consumerent

103 2435 270 2501 eratenim
292 2453 404 2501 seruus
426 2436 526 2500 minor
548 2437 638 2503 annis
659 2437 756 2514 XXX,
779 2435 888 2504 autin
910 2436 1000 2504 bonis
1019 2441 1142 2503 tantum
1164 2435 1218 2504 do

105 2552 187 2632 mini,
220 2559 279 2620 aut
307 2573 364 2637 per
392 2553 609 2622 mensam'uel
635 2575 692 2639 per
718 2556 883 2638 epistulam
915 2556 967 2623 uel
991 2556 1074 2623 inter
1102 2555 1218 2622 amicos

103 2675 301 2740 manumissio
322 2671 433 2755 fiebat;
456 2675 507 2740 uel
529 2674 592 2740 duo
614 2672 696 2741 forte
723 2672 776 2741 uel
802 2672 899 2740 etiam
925 2675 987 2740 tria
1016 2673 1095 2740 iuris
1117 2675 1218 2756 requi·

102 2791 157 2858 sita
185 2793 458 2874 desiderarentur,
485 2792 697 2860 manumissus
727 2793 843 2860 latinus
869 2793 1014 2860 iunianus
1040 2792 1145 2861 tiebat.
1190 2794 1217 2862 si
1234 2815 1270 2868 pp

102 2931 170 2978 uero
191 2912 227 2978 in
250 2912 448 2994 turpitudine
470 2913 608 2994 quodam
631 2931 744 2980 seruus
758 2919 954 2991 nommetur,
977 2912 1142 2980 dediticius
1164 2910 1219 2980 fie-

99 3033 159 3098 bat
200 3041 254 3101 set
280 3033 358 3100 haee
385 3033 543 3115 quondam
570 3034 769 3116 optinebant;
800 3033 1027 3100 dodrantem
1055 3052 1126 3101 cum
1155 3053 1218 3100 una

99 3153 138 3216 sit
157 3151 317 3221 libertatis
336 3155 470 3236 species,
498 3157 545 3220 uti
567 3154 686 3221 dictum
709 3161 774 3234 est,
805 3156 1014 3221 manumissus
1042 3154 1218 3221 omnimodo

99 3273 171 3338 ainis
192 3291 345 3340 romanus
367 3272 411 3355 fit,
434 3274 518 3340 nullo
535 3274 713 3342 discrimine
733 3274 839 3342 habito
861 3275 892 3341 in
909 3273 1045 3341 dominio
1060 3276 1111 3342 uel
1126 3273 1218 3341 modo

98 3394 349 3460 manumissionis
371 3395 422 3460 uel
444 3398 558 3461 aetum
1235 3403 1269 3456 su
