2926 4708
507 399 546 408 -
592 347 652 426 rr's
696 399 736 409 -

262 683 312 751 De
335 682 504 752 heredibus
526 684 735 752 instituendis.
780 671 903 752 Titulus
930 687 978 750 14.

148 871 222 939 (inm
245 871 286 939 de
307 871 507 940 institutione
522 879 555 938 et
574 871 816 940 exheredationt
838 870 1006 940 liberorum
1028 877 1184 938 trectens-

79 991 172 1068 nnus,
196 989 363 1059 dicendum
392 991 441 1058 est
463 988 619 1074 quomodo
648 999 770 1058 ceteras
798 1010 948 1075 personne
976 987 1109 1058 heredes
1139 995 1184 1057 iri·

37 1141 40 1150 ·
78 1110 187 1178 stituere
213 1129 388 1194 possumne.
441 1112 607 1178 instituere
638 1120 744 1180 entem
774 1130 940 1196 possumus
970 1119 1034 1178 tem
1067 1111 1182 1178 liberes

79 1247 204 1308 moeones
226 1243 321 1314 quern
343 1247 464 1310 menos,
492 1248 664 1313 seruosque
687 1237 810 1298 nostros
832 1239 865 1298 et
886 1230 1013 1298 nlionos.
1058 1237 1107 1298 set
1129 1247 1184 1297 no·

78 1355 143 1415 etos
161 1350 286 1434 quidem
308 1367 418 1416 seruos
439 1349 513 1416 olim
535 1349 706 1418 mnndum
728 1347 865 1434 plurium
888 1351 1090 1433 prudentium
1113 1367 1181 1417 sen·
1217 1340 1233 1390 ⁶

79 1467 184 1535 tentiurn
206 1481 270 1536 non
293 1469 387 1536 aliter
407 1489 501 1553 onum
525 1484 596 1536 oum
618 1469 767 1538 libertate
788 1470 955 1536 instituere
976 1457 1101 1537 licetret.
1129 1470 1182 1535 ho

78 1585 117 1652 die
134 1592 231 1655 entem
254 1591 351 1655 etiem
373 1589 441 1656 sine
465 1591 611 1657 libertate
632 1589 718 1654 serni
748 1588 905 1655 institutio
936 1587 1021 1655 ualet
1049 1599 1087 1656 ex
1110 1607 1180 1655 con-

78 1707 217 1774 stitnn’one
239 1711 388 1793 principis
410 1709 522 1788 nostri,
544 1727 626 1790 queo
648 1718 681 1774 et
702 1709 770 1774 sine
791 1707 938 1774 libertate
968 1708 1102 1790 scriptos
1126 1728 1180 1774 eos

77 1829 164 1906 procul
182 1829 405 1910 impedimento
427 1829 468 1896 ed
491 1829 698 1898 hereditatem
721 1837 823 1896 nocet.
861 1829 919 1896 hoc
943 1845 1017 1893 nero
1040 1845 1100 1893 non
1124 1846 1180 1911 per

77 1945 285 2015 intonationem
315 1949 471 2031 enuntiem
507 1950 574 2015 eius
608 1949 732 2016 induxit
758 1947 942 2014 eonstitntio
969 1953 1018 2012 set
1045 1946 1179 2027 pruden-
1200 1945 1232 1998 ¹⁰

76 2063 138 2130 unm
157 2067 296 2150 omnisne
316 2069 513 2134 sententium.
563 2067 729 2135 Atilicinus
757 2069 839 2133 enirn
862 2065 1102 2134 iurisconsultus
1124 2085 1178 2147 pn·

76 2186 188 2252 renitet
212 2187 281 2253 sine
309 2187 454 2254 iibertnte'
484 2188 569 2253 serni
595 2187 826 2254 institutionem
857 2193 942 2252 reete
970 2183 1054 2262 fleri,
1085 2185 1179 2250 sionti

76 2299 154 2368 roien
170 2301 288 2372 Penlns'
307 2307 359 2372 nir
380 2295 579 2372 doctissimus
601 2321 672 2373 eum
694 2305 727 2371 in
750 2303 839 2372 noris
861 2305 927 2371 suis
947 2301 987 2370 n'd
1004 2299 1178 2369 Mesurinm

76 2417 213 2502 Seium,
247 2427 315 2490 tnr'n
350 2426 381 2492 in
413 2421 476 2491 illis¹
509 2443 588 2508 quos
621 2427 661 2491 nd
696 2423 852 2493 Plautium
885 2423 1020 2507 scripsit
1072 2409 1178 2488 noster

77 2547 159 2606 anun
185 2560 298 2610 seruus
330 2546 422 2614 etiem
452 2545 480 2611 is
508 2545 718 2628 intellegitur,
747 2545 837 2610 ouius
867 2541 1096 2610 usumfructum
1123 2541 1228 2606 elii1⁵

76 2663 261 2730 oneunmne
284 2671 317 2729 et
344 2664 377 2732 in
404 2683 467 2746 ono
496 2667 611 2732 nudum
638 2665 811 2732 retinemus
841 2663 1075 2746 proprietatem.
1128 2666 1177 2726 est

77 2785 159 2843 roem
179 2799 270 2848 neem
292 2782 420 2863 quidem
442 2784 623 2867 rimeris,
646 2784 678 2850 in
701 2797 764 2866 ono
786 2791 843 2849 nee
865 2799 935 2848 enm
951 2781 1098 2848 libertate
1112 2795 1175 2846 eor-

77 2903 135 2964 unm
153 2909 244 2966 suern
259 2887 385 2966 untur
403 2902 473 2984 quie
495 2899 615 2980 scribit,
638 2901 735 2985 idque
756 2891 937 2967 continetur
952 2899 1176 2966 constitutione

77 3015 196 3085 diuorum
217 3019 328 3087 Seueri
355 3027 387 3087 et
414 3013 581 3096 reuniri,
611 3035 692 3101 quse
720 3016 874 3086 animodi
902 3015 1010 3086 Qum
1038 3016 1175 3098 respicit

77 3153 144 3201 reem
163 3141 227 3221 quis
249 3129 363 3206 ntum
386 3127 505 3207 {eoem
527 3139 637 3208 dieens'
655 3158 723 3207 enm
746 3159 766 3206 e
792 3137 918 3222 proprio
941 3153 1034 3203 seruo
1055 3133 1176 3200 adulte
1193 3143 1228 3195 tn

77 3255 141 3320 rium
159 3275 274 3340 pmsnm
296 3277 376 3326 esse.
421 3260 558 3326 nondum
581 3260 725 3326 absoluto
754 3257 889 3336 iudicio,
919 3255 1003 3322 Titia
1030 3248 1084 3320 ille
1111 3270 1175 3317 mo

78 3373 148 3440 risus
171 3379 363 3458 emediotunr
382 3377 523 3447 Str'ehnm
559 3397 629 3446 enm
664 3378 812 3446 libertete
845 3378 991 3444 heredem
1025 3371 1173 3440 institnit.

118 4257 204 4308 Teeooh.
217 4263 329 4303 Antecess-
343 4273 387 4302 rec.
400 4261 489 4302 Fertini.
