2884 4728
535 381 777 444 —383—

96 556 201 620 finium
224 575 287 620 non
310 561 429 620 tuntum
452 557 520 621 iure
543 555 639 637 ciuili,
664 561 712 621 set
734 556 801 620 iure
818 575 942 637 quoque
958 554 1095 619 naturali
1110 555 1214 638 prohi-

66 681 195 746 thitnm
214 687 271 744 est.
305 683 334 746 2.
357 680 481 744 Diditur
496 687 601 745 autem
619 681 756 744 furtum
781 701 820 744 »a
835 681 943 744 furno
960 679 1059 744 idest
1075 680 1213 761 nigro«,

96 805 182 885 quod
201 805 283 870 elam
299 812 331 870 et
347 806 479 870 obscure
495 805 529 869 fit
544 813 576 870 et
590 806 775 889 plerumque
791 813 900 869 noetu:
925 805 974 869 uel
993 826 1032 868 »a
1051 805 1213 884 traude«,

96 929 200 993 omnis
234 930 317 993 enim
344 928 394 993 fur
427 929 571 994 fraudem
606 929 756 994 admittit:
790 930 841 994 uel
870 930 1085 994 afferendo
1113 929 1217 994 idest

96 1055 335 1135 auferendo«,
363 1054 446 1119 idest
474 1055 636 1138 subripere
666 1060 760 1135 atque
789 1054 943 1135 adimere3
972 1057 1022 1118 uel
1052 1076 1072 1118 a
1101 1075 1216 1137 graeco
1254 1067 1272 1118 5

96 1199 256 1260 sermone,
292 1179 413 1244 seilicet
437 1200 457 1243 a
479 1182 577 1245 uerbo
608 1177 722 1264 »putee
753 1180 860 1262 graeei
889 1179 971 1243 enim
994 1175 1107 1264 φῶρας
1129 1179 1217 1244 fures

96 1305 263 1388 appellant
303 1301 372 1368 ὐπὸ
406 1305 465 1368 τοῦ
500 1303 622 1389 φέρειν·
657 1308 794 1390 »φέρειυι
830 1312 934 1368 autern
973 1304 1130 1386 signifieat
1166 1325 1217 1369 res

64 1441 86 1491 3.
96 1431 221 1494 alienes
250 1430 373 1493 auferre
382 1431 412 1509 ¹).
459 1432 487 1496 3.
511 1431 674 1494 Furtorum
696 1437 800 1494 autern
825 1449 894 1494 esse
919 1430 980 1494 duo
1010 1449 1128 1512 genera
1156 1450 1218 1494 non

97 1554 284 1637 ambigitur;
309 1555 456 1619 auteuim
474 1555 711 1619 manifestum
729 1563 777 1619 est
798 1561 852 1619 aut
875 1575 941 1620 nee
966 1555 1217 1618 manifestum.

97 1700 173 1743 nam
198 1686 420 1763 conceptum
444 1689 475 1744 et
494 1680 660 1744 oblatum
684 1681 806 1763 speeies
831 1689 902 1743 sunt
925 1680 1028 1763 potius
1047 1679 1215 1760 actionum,
1239 1689 1277 1740 10

98 1825 183 1886 quae
208 1825 246 1870 ex
271 1804 352 1869 furto
376 1812 559 1886 naseuntur,
585 1825 640 1869 seu
664 1807 746 1869 furto
771 1805 954 1886 cohaerent,
983 1826 1076 1886 quam
1101 1825 1219 1887 genera
1272 1827 1275 1835 ·

97 1930 263 2011 furtorum,
288 1930 513 1995 sieutinferius
530 1931 693 1995 discemun.
727 1930 951 1994 manifestus
974 1930 1024 1994 fur
1044 1937 1103 2010 est,
1127 1950 1219 2011 quern

96 2056 209 2137 graeei
229 2053 284 2118 ἐπ’
308 2051 491 2141 αὐτοφώρῳ
509 2055 736 2138 deprehensum
760 2055 877 2134 dieunt,
901 2073 960 2118 nee
976 2054 1077 2118 solum
1093 2055 1143 2118 hie
1159 2062 1216 2132 est,

97 2179 155 2260 qui
177 2180 210 2244 in
232 2181 302 2263 ipso
326 2181 408 2244 furtu
432 2179 689 2262 deprehenditur,
717 2186 766 2244 set
787 2180 841 2244 ille
871 2180 980 2260 etium,
1010 2179 1063 2260 qui
1086 2199 1126 2243 eo
1147 2179 1217 2244 loco

100 2305 355 2388 deprehenditur,
373 2324 433 2386 quo
450 2303 564 2368 furtum
579 2301 631 2368 fit'
655 2312 689 2368 ut
706 2323 779 2368 ecee
794 2303 828 2367 in
844 2303 980 2383 quadarn
996 2303 1088 2368 domo
1104 2305 1219 2366 turtum
1239 2310 1271 2363 15

100 2431 218 2512 aliquis
243 2430 378 2512 admisit,
402 2437 434 2494 et
455 2430 592 2494 nondum
615 2429 742 2493 ianuam
759 2449 906 2511 egressus
922 2435 970 2492 est
990 2429 1218 2511 deprehensus;

100 2555 155 2620 uel
178 2555 211 2618 in
228 2555 345 2620 olineto
365 2555 493 2635 quidam
518 2555 670 2618 oliuarum
695 2561 749 2618 aut
771 2555 804 2618 in
827 2552 933 2619 uineto
955 2574 1086 2617 uuarurn
1103 2555 1218 2618 furtum

100 2680 187 2762 feeit,
212 2679 361 2761 quamdiu
384 2679 416 2743 in
439 2680 508 2762 ipso
532 2679 649 2743 olineto
673 2683 729 2742 aut
752 2679 858 2742 uineto
877 2678 1091 2762 deprehensus
1115 2679 1219 2760 fuerit,

100 2806 291 2870 manifestus
314 2804 365 2868 fur
388 2811 444 2868 est.
485 2805 579 2869 immo
595 2804 727 2868 ulterius
744 2803 871 2883 quidum
888 2804 1004 2867 furtum
1020 2804 1220 2868 manifestum

101 2931 293 3010 extendunt,
330 2929 470 2994 dieentes
503 2949 541 2994 eo
573 2949 673 3010 usque
706 2929 906 2993 manifestum
934 2929 1035 2992 iurem
1064 2930 1221 3010 quendam
1241 2933 1280 2984 20

100 3054 263 3136 intellegi,
291 3054 392 3118 donee
415 3054 564 3118 furtiuaur
589 3073 654 3117 rem
678 3060 788 3117 tenens
812 3054 899 3118 uisus
927 3053 980 3117 uel
1008 3054 1222 3138 deprehensus

101 3181 201 3244 fuerit
224 3179 292 3244 siue
315 3179 348 3243 in
371 3178 498 3261 puhliuo
520 3178 588 3242 siue
611 3178 645 3241 in
667 3178 792 3262 priuato
817 3179 888 3242 loeo
913 3178 964 3243 uel
985 3178 1146 3243 adomino
1170 3179 1223 3242 uel

101 3306 148 3370 ab
174 3304 246 3382 elie,
276 3309 445 3383 antequam
469 3322 507 3368 eo
531 3303 724 3386 perueniret,
749 3322 810 3383 quo
835 3302 975 3385 perferre
999 3322 1037 3366 au
1061 3303 1219 3385 deponere

198 3535 219 3601 ¹)
238 3532 318 3598 Quod
336 3537 365 3586 et
376 3537 532 3586 uerumest.
564 3530 603 3586 Gi.
617 3531 752 3585 Curtius
771 3531 954 3599 ‘Grundztige'
967 3547 993 3598 p.
1008 3533 1067 3584 301.
1101 3528 1225 3584 ‘Studien

101 3639 157 3678 rur
176 3639 216 3692 gr.
234 3639 260 3676 u.
279 3623 325 3675 lut.
345 3621 445 3676 Gran!
464 3621 506 3674 ΠΙ
526 3623 584 3674 199.
