2864 4736
514 379 753 440 —454-

86 553 301 632 dominumque
324 552 442 616 nullam
466 553 621 616 actionem
644 553 814 618 consistere
838 573 941 636 posse,
966 560 1000 616 ut
1023 553 1050 616 si
1067 553 1188 616 alienus

85 697 190 742 seruus
213 695 264 741 res
288 685 358 740 tuas
383 676 423 741 sit
445 678 576 758 furatus,
601 685 632 741 ct
654 677 726 740 inde
750 677 831 742 actio
854 677 929 742 furti
951 677 1008 741 tibi
1031 677 1072 740 sit
1095 697 1188 757 quae·

83 803 154 882 sita,
183 822 221 866 ac
244 809 357 886 postea
380 803 406 868 is
430 804 461 865 in
484 810 641 886 potestate
668 808 723 866 tua
752 821 821 866 esse
851 802 1003 885 coeperit,
1032 800 1188 866 intercidit

84 946 160 1006 qnae
185 927 247 989 iam
270 935 346 991 nata
364 927 467 991 fuerat
490 927 564 990 furti
580 926 671 1006 actio,
695 933 824 1009 propter
839 927 914 991 iuris
930 927 1082 1008 regulam,
1107 946 1188 1005 quae

81 1051 138 1114 ait:
170 1052 220 1114 »si
255 1052 402 1134 species
437 1051 474 1114 in
509 1071 586 1114 enm
622 1051 782 1114 deducta
814 1051 863 1114 sit
894 1071 1033 1130 casnm,
1070 1070 1187 1131 aquo
1225 1063 1240 1113 5

48 1220 50 1224 -
82 1176 228 1238 initium
252 1195 387 1258 capere
411 1195 482 1238 non
517 1176 716 1258 potuisset,
753 1175 1014 1256 extinguitur«.
1061 1175 1188 1238 namsi

82 1320 147 1362 oum
171 1299 285 1362 turtum
309 1300 462 1363 commisit
485 1300 517 1362 iu
540 1307 594 1362 tua
616 1300 728 1364 fuisset
750 1305 915 1382 potestate,
939 1318 1001 1361 non
1025 1306 1109 1362 esset
1131 1299 1188 1362 tibi

80 1425 162 1488 actio
192 1425 348 1506 quaesita;
378 1433 409 1488 et
436 1425 507 1489 ideo
536 1445 605 1488 cum
628 1425 660 1488 in
683 1431 737 1488 tua
760 1430 916 1507 potestate
940 1443 1010 1488 esse
1039 1424 1186 1506 coeperit,

79 1548 159 1613 actio
178 1549 240 1612 iam
256 1555 331 1612 nata
351 1549 523 1614 intercidet.
564 1557 595 1612 et
610 1549 690 1612 adeo
708 1549 899 1632 extinguitur
918 1548 1009 1630 actio,
1035 1548 1062 1611 si
1077 1554 1188 1631 postea

79 1674 159 1736 serui
184 1679 371 1756 potestatem
396 1673 592 1754 adquisieris,
616 1681 650 1736 ut
673 1673 746 1737 licet
769 1693 807 1737 ex
824 1679 1050 1755 tnapotestate
1067 1673 1186 1750 exierit,
1209 1681 1241 1731 10

77 1817 172 1879 agere
205 1818 267 1862 non
293 1798 396 1880 possis
431 1798 601 1881 (quomodo
630 1797 711 1861 euim
746 1798 808 1862 iam
844 1797 980 1861 extincta
1010 1803 1188 1879 resurgeret

76 1921 192 2004 actio‘r)
216 1924 279 1985 iam
296 1923 377 1986 enim
401 1923 527 2004 saepius
544 1922 609 1985 dixi
624 1922 741 1985 nullam
758 1922 882 1986 domino
893 1922 1050 1996 ,aduersus
1063 1942 1186 1986 seruum

78 2047 234 2110 actionem
257 2047 375 2128 quaeri.
414 2054 446 2109 et
460 2047 532 2110 ideo
549 2067 650 2127 neque
667 2047 695 2110 si
710 2047 854 2110 dominus
871 2047 998 2109 noxiam
1015 2047 1046 2109 iu
1063 2066 1186 2110 seruum

76 2171 267 2234 commiserit
283 2170 394 2252 (ueluti
410 2171 436 2234 si
453 2172 641 2235 contumelia
657 2177 712 2233 aut
728 2171 911 2234 uerberibus
927 2172 1186 2253 comedissent),

76 2295 139 2358 ulla
168 2295 290 2359 actione
318 2295 486 2375 tenebitur,
521 2315 621 2375 neque
652 2295 679 2358 si
712 2296 920 2358 manumissus
953 2295 1047 2359 fuerit
1074 2302 1128 2358 aut
1155 2295 1186 2358 in
1208 2306 1239 2355 15

75 2419 207 2482 alterins
230 2425 385 2501 potestate
410 2439 479 2482 esse
504 2419 643 2501 coeperit
666 2419 719 2499 qui
746 2419 824 2483 baec
853 2439 965 2502 passus
993 2425 1041 2482 est
1069 2439 1186 2483 seruus.

40 2548 101 2608 17.
127 2544 236 2608 Hasce
259 2565 334 2608 uero
359 2545 488 2608 noxales
517 2543 655 2608 actiones
684 2551 807 2607 ueteres
837 2544 930 2607 etiam
958 2544 991 2606 iu
1013 2543 1084 2607 tiliis
1109 2543 1186 2606 filia-

74 2671 198 2748 busque
222 2669 359 2732 familias
382 2668 583 2733 admiseruut.
630 2688 713 2732 nona
741 2674 844 2731 autem
872 2668 1029 2730 hominum
1058 2687 1187 2731 conuer-

71 2793 154 2857 satio
196 2798 289 2873 atque
328 2792 519 2856 consuetudo
554 2792 731 2855 huiusmodi
766 2792 968 2874 asperitatem
1001 2793 1121 2874 respuit
1155 2799 1186 2856 et

70 2919 187 2981 merito
212 2917 398 2998 contempsit
420 2926 514 2998 atque
539 2919 579 2980 ab
604 2937 661 2980 usu
686 2917 840 2981 communi
863 2917 979 2980 reiecit.
1019 2916 1088 2995 quis
1105 2916 1186 2979 enim
1206 2925 1240 2976 20

69 3061 173 3105 sanae
197 3041 309 3106 mentis
333 3041 471 3123 patiatur
493 3041 589 3105 lilium
613 3062 702 3104 suum
727 3051 758 3105 et
781 3041 915 3104 maxime
938 3041 1033 3104 filiam
1050 3060 1138 3104 snam
1154 3040 1185 3102 in

68 3185 189 3228 noxam
214 3165 269 3228 alii
292 3165 378 3244 dare,
402 3171 435 3228 nt
458 3164 524 3228 iere
541 3165 625 3229 circa
641 3185 753 3247 corpus
770 3185 858 3229 suum
873 3165 975 3246 magis
991 3171 1081 3246 pater
1104 3163 1185 3246 peri-

67 3290 209 3368 clitetur,
236 3309 328 3368 quam
351 3289 434 3352 filins
457 3289 536 3371 ipse,
561 3289 613 3368 qui
637 3309 676 3352 ea
699 3289 851 3352 sustinet?
879 3289 910 3350 iu
933 3288 1057 3351 filiabus
1082 3295 1185 3351 autem

66 3413 246 3496 pudicitiae
271 3434 395 3495 quoque
423 3414 514 3478 fauor
542 3422 626 3478 recte
655 3415 686 3477 id
714 3416 755 3477 ab
784 3435 842 3478 usu
870 3413 1010 3477 exclusit.
1057 3419 1087 3475 et
1114 3411 1185 3474 ideo

67 3538 194 3620 placuit
218 3540 249 3602 iu
273 3559 382 3604 seruos
405 3540 617 3604 tantummodo
642 3541 773 3603 noxales
797 3538 936 3601 actiones
964 3536 1185 3619 proponendas
1204 3543 1238 3593 25
