2926 4708
544 341 776 436 -2127

59 545 170 598 locum
193 527 393 595 ususfructus
416 547 454 594 ex
476 527 631 594 lucretius
652 545 748 594 muso
770 527 845 593 milri
867 528 1055 610 peruenerit
1095 529 1144 594 10.
1169 529 1226 596 Le-

98 648 190 729 gauit
212 647 339 730 qnidam
362 645 440 713 mihi
461 645 593 713 fundum
615 664 733 713 meum:
760 647 871 713 inutile
900 655 949 714 est
971 648 1120 729 legatum,
1142 651 1226 730 qood

99 767 184 832 enim
206 783 310 832 meum
334 771 392 844 est,
416 765 551 847 amplius
574 784 678 832 meum
700 765 769 832 fiori
791 768 910 849 nequit.
948 772 980 833 ct
1002 767 1075 834 licet
1096 767 1226 835 fundum

100 902 205 951 neum
233 885 452 963 alienauerim‚
486 903 548 950 non
583 885 750 952 debebitur
782 885 857 951 mihi
886 903 988 969 neque
1015 885 1134 954 fundus
1160 889 1227 970 ipso

61 1022 204 1088 noeque
230 1003 298 1069 eius
327 1003 514 1070 aestimatio.
571 1005 620 1067 ll.
654 1004 756 1070 Titius
786 1022 929 1083 seruum,
957 1022 1050 1086 quem
1075 1004 1108 1071 in
1137 1007 1226 1073 bonis
1261 1031 1278 1084 5

101 1122 249 1198 habebat,
271 1122 347 1188 mibi
368 1121 505 1204 legauit,
535 1141 606 1189 cum
628 1121 726 1188 Primi
756 1141 825 1189 esse
854 1129 990 1205 putaret
1035 1125 1123 1192 ualet
1143 1126 1228 1208 lega·

102 1251 179 1320 turn,
201 1241 304 1324 magis
331 1241 412 1307 enirn
442 1241 538 1316 ualet,
561 1241 644 1324 qood
666 1247 716 1308 est
743 1243 774 1307 in
797 1241 933 1309 ueritate
961 1261 1056 1327 quam
1083 1245 1166 1327 quod
1195 1243 1228 1310 iu

102 1361 259 1444 opinione.
304 1366 355 1425 set
376 1365 408 1426 at
430 1361 457 1425 si
480 1378 584 1427 meum
606 1360 749 1444 legatarii
772 1361 928 1428 bominem
958 1381 1027 1427 esse
1048 1362 1228 1442 crediderit,

103 1481 188 1547 ualet
210 1480 412 1548 nihilominus
434 1479 585 1564 legatum,
608 1500 679 1549 cunr
700 1481 734 1547 id
756 1478 901 1548 effectum
932 1481 1041 1547 utilem
1064 1482 1227 1548 sortiatur.

104 1601 269 1667 deiunctns
292 1601 374 1666 onim
397 1601 541 1666 dominus
564 1606 633 1665 erat
654 1616 774 1681 egoque
797 1599 966 1665 dominium
987 1618 1048 1666 non
1063 1599 1228 1678 habebam,
1249 1605 1282 1658 1⁰

105 1721 239 1802 ideoque
260 1720 371 1802 procul
399 1720 621 1802 impedimento
651 1719 770 1804 poterit
796 1719 967 1785 dominium
995 1719 1036 1784 ud
1067 1737 1116 1785 me
1143 1725 1229 1785 tron-

62 1839 173 1906 iasire.
223 1839 272 1902 12.
307 1839 384 1904 Rem
407 1845 493 1904 tuam
517 1837 591 1904 mihi
615 1839 744 1922 legasti,
774 1856 905 1921 umque
926 1839 1133 1920 superninens
1155 1837 1229 1903 alie·

106 1959 195 2023 nosti
234 1958 281 2023 ait
302 1956 412 2024 Gelaus
434 1960 463 2024 si
485 1959 590 2024 animo
612 1957 770 2024 adimendi
791 1965 825 2024 et
847 1977 946 2025 meam
969 1957 1134 2024 deserendi
1155 1956 1230 2023 ami·

106 2077 210 2143 citiam
238 2095 308 2144 mm
336 2077 540 2156 alienaueris,
573 2078 648 2144 mihi
677 2078 816 2160 legatum
842 2097 903 2144 non
930 2078 1048 2144 deberi.
1097 2076 1125 2142 si
1155 2094 1230 2141 nero

107 2215 168 2261 non
190 2203 320 2278 propter
341 2194 423 2262 hunc
445 2213 574 2261 cansam
597 2215 666 2262 eam
688 2195 850 2273 alienasti,
880 2194 975 2278 (forta
1003 2193 1085 2262 enirn
1113 2192 1230 2277 publici
1252 2207 1282 2258 lo

108 2314 286 2396 priuatique
307 2313 390 2380 aeris
412 2315 505 2380 alieni
528 2313 620 2396 copia
641 2321 673 2380 te
702 2316 873 2396 urguebat3
905 2314 957 2381 uel
984 2333 1061 2381 euro
1088 2315 1231 2397 indigens

108 2451 176 2499 eam
197 2433 401 2516 uendidisti),
428 2431 565 2515 legatum
587 2452 607 2498 a
629 2439 683 2498 tuo
716 2433 831 2498 herede
861 2440 980 2517 petam:
1014 2432 1109 2515 idque
1136 2430 1232 2498 Seue·

109 2570 165 2616 rus
190 2557 222 2617 et
253 2553 430 2618 Antoninus
458 2551 697 2633 rescripserunt
753 2551 882 2617 fundum
912 2553 1072 2634 proprium
1103 2552 1230 2631 quidam

108 2671 183 2738 mibi
197 2689 268 2738 cnm
290 2672 436 2754 legasset,
458 2671 666 2752 superuiuens
689 2689 759 2735 eurn
783 2669 948 2750 obligauit:
971 2671 1012 2736 ab
1035 2671 1132 2736 isdem
1147 2669 1232 2752 prio·

110 2791 229 2872 cipibus
251 2791 440 2873 rescriptum
462 2796 511 2856 ost
533 2807 595 2856 non
618 2789 721 2855 uideri
743 2791 797 2869 qui
818 2808 884 2855 rem
907 2787 1025 2870 obligat
1039 2789 1142 2855 animo
1165 2789 1231 2854 adi·
1248 2807 1283 2860 ao

109 2911 212 2976 mendi
235 2911 266 2976 id
281 2909 393 2988 lacus,
416 2908 550 2993 ideoque
569 2909 742 2989 leporarius
758 2915 848 2991 coget
864 2907 1020 2986 heredem,
1041 2925 1115 2973 cere
1129 2907 1232 2973 alieno

109 3030 255 3096 creditori
283 3030 403 3108 soluto,
434 3028 609 3112 hypotheca
637 3028 770 3094 liberum
798 3026 960 3112 praedium
987 3034 1159 3108 praestare.
1203 3025 1232 3090 ai

110 3149 183 3231 quis
203 3151 282 3216 enirn
311 3168 379 3216 cum
410 3148 485 3213 mihi
513 3147 643 3214 fundum
673 3149 827 3231 legasset,
857 3147 1065 3227 superuiuens
1093 3145 1231 3212 eiusdem

110 3268 276 3335 alionasoet
296 3277 437 3350 purtem,
459 3285 540 3351 queo
570 3285 632 3333 non
661 3273 710 3332 est
739 3267 875 3332 alienata
903 3283 977 3348 pars
1004 3266 1080 3330 mibi
1108 3267 1232 3330 omnino
