2876 4712
522 339 756 406 -ttd-
879 355 881 362 “

77 527 155 596 seim
177 527 410 610 generationem
436 524 468 594 in
489 526 615 611 proprio
638 525 793 594 eodocans
813 527 925 596 ordine
949 543 1111 594 nnmerum
1137 525 1200 593 onl-

77 647 163 729 liges.
208 647 292 728 quod
313 646 354 712 nd
375 647 609 725 demissos,
632 645 731 712 ieritis
750 646 877 728 qnidam
898 664 951 714 res
971 653 1031 712 est.
1053 651 1090 711 nt
1110 661 1197 712 eoos:

76 763 158 831 ilios
181 781 270 831 mens
290 771 385 847 qnoto
407 765 483 830 mihi
503 771 554 832 est
574 763 700 848 grodrst
726 783 796 832 enm
818 783 877 848 ago
899 767 1009 847 genui:
1039 781 1077 831 en
1102 779 1198 830 onam

76 885 308 968 generationem
329 901 410 969 qnee
432 903 528 952 unum
550 883 682 969 perfecit
703 885 849 970 gadum:
873 903 948 966 ergo
975 883 1075 969 primo
1096 885 1199 966 gradu

77 1003 152 1069 mihi
175 1011 233 1070 est
277 1013 373 1088 quoto
395 1003 516 1086 nepos?
536 1003 632 1071 filium
656 1023 714 1088 ego
735 1005 846 1087 genui,
875 1010 1019 1087 nepotem
1040 1001 1139 1070 filios:
1158 1022 1198 1069 en
1231 1013 1250 1067 s

76 1124 155 1190 dnas
176 1123 406 1208 generatIones
427 1141 509 1206 quae
523 1125 602 1190 duos
617 1124 814 1208 perfecerunt
827 1124 958 1206 gradus:
981 1123 1119 1190 seeundo
1140 1122 1198 1206 igi-
1230 1167 1233 1175 -

76 1251 126 1310 tur
149 1244 252 1326 gradu
273 1243 348 1308 mihi
369 1250 428 1310 aet
472 1245 554 1311 idem
576 1249 609 1310 et
628 1243 775 1327 deinceps
798 1242 831 1310 in
853 1249 1024 1326 pronepote
1049 1251 1082 1310 et
1103 1243 1199 1310 abno-

75 1371 157 1446 pote.
202 1365 325 1431 Pariter
346 1371 379 1430 ot
400 1366 432 1430 in
454 1364 726 1432 adscendentibus.
770 1369 862 1446 peter
883 1369 979 1446 qnoto
1002 1373 1052 1429 est
1073 1363 1198 1443 grado?

75 1503 121 1551 me
142 1483 257 1567 gennit
278 1489 384 1567 pater:
410 1502 450 1550 en
476 1501 569 1549 onam
599 1482 830 1564 generationem
859 1501 955 1548 nnnm
985 1481 1196 1564 perficientem

75 1605 218 1686 gradum
239 1601 287 1670 ita
306 1612 343 1669 ut
363 1604 463 1688 primo
485 1601 528 1669 sit
548 1604 659 1686 gradu.
703 1621 782 1670 enus
804 1604 920 1685 quoto?
949 1621 998 1670 me
1023 1607 1115 1686 peter
1144 1606 1250 1685 ge-10

75 1725 156 1802 nuit,
191 1733 314 1807 patrem
346 1741 441 1789 auus:
471 1742 508 1790 en
538 1721 617 1789 dues
645 1723 863 1820 geperntiones
891 1721 970 1788 dnos
1000 1721 1196 1806 perficientes

76 1845 208 1927 godus:
239 1851 289 1910 est
308 1844 405 1926 igitur
426 1860 506 1910 euos
527 1843 628 1925 modu
658 1843 805 1910 seeundo.
857 1843 940 1908 idem
969 1848 1001 1910 et
1027 1844 1066 1909 de
1094 1849 1196 1908 matre

77 1971 106 2030 et
124 1963 201 2030 ania
223 1972 257 2030 ot
278 1964 421 2030 omnibns
442 1962 706 2030 adscendentibus
734 1960 835 2029 uirilis
864 1972 896 2028 et
925 1961 1065 2028 feminini
1093 1979 1195 2028 serus.

75 2083 156 2164 qnod
179 2101 257 2149 nero
278 2081 320 2147 ed
342 2097 491 2164 personas
513 2101 552 2148 ex
573 2087 756 2148 mansuerso
777 2082 962 2164 cognatione
991 2081 1130 2155 innotos,
1159 2087 1196 2146 nt

77 2202 192 2270 dietum
215 2209 280 2283 est,
301 2201 342 2270 ad
364 2201 557 2285 cognationis
580 2219 679 2284 usqne
700 2207 860 2268 sanorem
882 2217 1045 2268 recurrere
1072 2205 1195 2282 oportet
1215 2211 1249 2264 ls

76 2320 351 2406 regenerationes
373 2339 548 2404 numerere,
570 2328 603 2390 et
626 2339 735 2388 rnrsns
758 2320 945 2388 descendere
966 2327 1000 2387 et
1021 2320 1196 2402 generatio·

75 2459 128 2507 nes
150 2459 315 2509 recensere
338 2459 518 2526 usquequo
540 2442 580 2508 sd
607 2460 771 2526 personam
801 2439 1036 2525 perdedemus,
1065 2439 1105 2506 de
1134 2458 1197 2524 qna

76 2569 123 2626 est
142 2563 297 2643 quaestio.
320 2561 438 2644 siergo
459 2562 530 2644 qais
553 2570 585 2628 to
606 2561 860 2646 interrogauerit:
883 2560 981 2626 irster
1002 2567 1077 2627 tuns
1099 2565 1195 2642 quoto

76 2681 132 2748 tibi
151 2688 204 2749 ast
223 2679 351 2764 marin?
371 2683 436 2748 die:
458 2678 607 2748 seeundo.
649 2681 728 2750 our?
748 2681 903 2748 adseende
924 2680 964 2746 nd
987 2685 1125 2764 patrem3
1155 2697 1195 2746 en

76 2819 168 2868 onam
190 2803 421 2887 generationem
442 2817 464 2868 a
485 2807 576 2884 patre
594 2799 639 2866 ad
659 2807 692 2867 te
713 2818 809 2867 unum
823 2797 1032 2883 perficientem
1046 2799 1195 2882 gradem
1212 2797 1250 2852 ²⁰

76 2919 207 2998 deinde,
241 2937 312 2988 enm
350 2921 559 3006 generationis
598 2925 758 2988 errorem
796 2920 956 2987 inueneris
989 2919 1030 2986 ed
1065 2919 1195 2986 intrem

76 3037 228 3108 desdende
249 3057 344 3107 unam
372 3039 491 3108 addens
518 3039 767 3124 generationem:
802 3059 841 3106 en
870 3039 948 3107 dnos
975 3039 1194 3122 generationes

78 3157 154 3227 duos
183 3160 299 3243 gradm
326 3158 535 3242 perficientes:
562 3167 647 3227 recto
679 3179 754 3244 ergo
784 3159 899 3226 dieitur
925 3157 1024 3226 irater
1057 3156 1197 3226 monnio

76 3297 145 3346 mse
173 3281 283 3365 grodn
326 3287 360 3349 ot
388 3282 539 3348 denuosi
566 3280 636 3365 quis
666 3289 698 3348 te
723 3281 910 3364 intenoget:
937 3285 1070 3363 patmus
1098 3283 1197 3361 quoto
