2932 4704
519 344 750 408 -119-

86 549 127 596 res
146 530 249 596 rheda
270 531 412 598 excidero
434 531 579 613 contigit,
609 549 659 597 me
687 549 750 598 nou
778 531 987 616 intellegente
1036 547 1097 598 uou
1120 528 1195 598 fient

87 651 135 716 lma
153 669 276 729 eorum,
299 651 352 733 qui
367 651 536 724 inueniant,
557 655 607 716 set
622 651 656 716 iu
672 667 741 717 meo
764 650 899 718 dominio
921 661 1076 718 mausum.
1103 650 1196 716 dator

86 777 178 836 autem
201 769 279 836 mihi
294 770 341 836 rei
363 770 531 838 uindicatio
553 772 634 838 actio
657 770 698 836 ad
713 769 921 838 exhibendum
936 771 1018 837 actio
1033 769 1109 837 furti
1124 787 1196 837 cou-
1316 855 1327 874 ι

87 889 169 956 dictio
190 889 322 955 furtiua.

304 1499 352 1567 De
374 1501 469 1568 rebus
490 1501 747 1583 iuoorporalibus.
791 1501 914 1568 Titulus
937 1503 966 1568 2.

162 1686 306 1752 Diximus
329 1686 473 1768 superius
495 1687 534 1753 de
556 1705 661 1754 rarum
684 1687 853 1766 diuisione,
883 1707 1014 1772 quarum
1045 1689 1198 1772 quaedam
1232 1701 1249 1752 5

88 1806 240 1874 uatmales
263 1811 340 1873 suut
360 1805 441 1872 idest
462 1807 539 1872 iuris
561 1809 717 1888 gentium,
740 1807 894 1888 quaedam
923 1807 1079 1889 publicas,
1104 1827 1198 1892 quae·

89 1925 151 1992 dam
173 1925 403 2004 uniuersitatis,
426 1926 579 2009 quaedam
602 1925 726 2007 nullm,
748 1933 853 1994 oetsra
875 1927 1078 2009 singulorum.
1100 1936 1133 1994 sl
1153 1927 1198 1994 di·

89 2045 181 2112 ximus
204 2043 405 2111 multifariam
428 2045 459 2110 iu
482 2051 623 2110 nostrum
645 2046 815 2111 dominium
836 2063 887 2112 ras
909 2045 1052 2112 transire
1090 2046 1199 2113 modos

87 2169 184 2231 sutem
214 2163 375 2230 naturales
401 2164 459 2230 hos
488 2165 720 2246 proposuimus:
753 2164 952 2232 uenationem
981 2165 1130 2248 praedam
1157 2164 1199 2231 la·

87 2281 168 2362 pillos
190 2285 223 2350 in
250 2283 343 2350 litora
369 2285 465 2350 maris
486 2291 628 2367 repertos
649 2284 732 2351 letus
754 2304 791 2352 ex
812 2284 982 2367 pecudibus
1011 2287 1127 2352 uosliis
1148 2303 1201 2352 ua·
1220 2300 1252 2353 1o

87 2409 132 2466 tos
151 2401 339 2470 allusionem
361 2403 494 2470 insulam
515 2405 548 2469 iu
569 2404 657 2482 mari,
681 2404 764 2488 quod
786 2406 908 2486 rarius,
935 2405 988 2473 ual
1008 2405 1041 2470 iu
1063 2401 1198 2484 flumine,

87 2521 165 2601 quod
186 2521 312 2602 saepius
334 2521 461 2601 accidit,
483 2527 606 2600 natam,
629 2522 705 2590 ilem
734 2527 767 2590 et
794 2541 891 2607 propa
922 2523 1038 2591 laetum
1064 2519 1199 2588 fluminis

86 2640 222 2706 mictum
243 2658 338 2723 agros
359 2640 475 2708 habers
498 2647 530 2708 et
556 2661 594 2709 ox
619 2641 722 2709 aliens
749 2643 883 2710 materis
911 2644 1047 2724 speeiem
1075 2641 1198 2710 efficere

87 2757 134 2824 uel
158 2760 290 2827 alienam
320 2779 490 2844 purpuram
518 2779 576 2828 suo
603 2762 790 2830 uestimento
822 2763 973 2830 intexere:
1003 2761 1146 2830 similiter
1167 2767 1201 2828 et

86 2877 263 2946 siduorum
285 2883 435 2948 materias
456 2880 596 2948 eiusdem
626 2881 783 2950 diuersiuo
812 2883 935 2963 generis
961 2881 1124 2948 uoluntate
1146 2879 1251 2947 do-15

88 2997 234 3065 miuomm
256 2998 309 3066 uel
331 2999 464 3067 fortuitu
485 2999 715 3069 confundantur
736 3008 769 3068 et
791 3001 818 3066 si
844 3001 981 3084 plurium
1004 2999 1199 3067 dominorum

87 3113 227 3184 frumeuti
252 3119 360 3185 acerui
386 3135 494 3186 uorum
523 3119 782 3188 commisceantur
809 3119 987 3200 uoluntate,
1014 3135 1077 3186 uon
1105 3119 1200 3185 stiam

90 3223 413 3306 siunim'uoluntats
440 3245 496 3306 aut
523 3238 656 3306 fortuitu
684 3241 717 3306 id
746 3237 812 3306 fiai
861 3238 942 3306 adde
970 3237 1111 3322 regulam
1138 3256 1201 3322 qua

88 3355 321 3440 superimposita
348 3357 498 3425 subiectis
522 3359 651 3438 sedunt,
685 3363 722 3425 ut
750 3358 856 3425 mullis
884 3355 1033 3440 exemplis
1062 3374 1201 3440 compro·

88 3472 194 3539 batum
227 3481 282 3543 esu
337 3483 374 3543 ut
408 3495 480 3544 ecoe
514 3477 541 3544 si
576 3495 614 3544 ex
645 3477 748 3545 olisna
787 3477 918 3545 materia
956 3479 989 3544 iu
1020 3494 1090 3544 meo
1132 3475 1199 3543 solo
1217 3479 1252 3534 2⁰
