2926 4708
527 356 762 419 -194-

83 541 245 619 toninum,
275 541 569 624 rescripeenantque
596 537 725 608 Oomom
754 540 929 625 Campano:
967 545 1208 608 »testamentum

83 659 222 724 secundo
244 657 313 726 loco
335 657 463 738 fectum,
486 657 560 726 licet
584 661 617 726 iu
640 679 677 726 co
707 679 744 726 ex
774 661 868 727 certis
896 661 991 727 rebus
1019 661 1090 742 quis
1116 661 1207 728 heres

82 777 220 859 scriptus
242 779 294 858 sit,
317 777 516 844 nihilominus
537 777 626 860 prius
648 779 765 861 rumpit
789 777 921 862 perinde
949 797 987 846 uo
1009 779 1035 844 si
1058 778 1138 844 citra
1159 797 1208 846 re·

83 915 150 960 rum
174 897 366 962 mentionem
398 895 593 962 insecundo
621 903 808 964 testamento
840 897 922 964 iacta
950 897 991 962 sit
1018 897 1204 963 institutio«

82 1015 174 1080 iussit
196 1020 304 1080 eutem
332 1015 480 1081 heredem
510 1014 636 1099 quidem
668 1015 735 1082 fieri
764 1017 819 1098 qui
847 1016 880 1084 in
909 1016 1084 1100 posteriore
1112 1021 1207 1084 testa·
1240 1016 1259 1068 5

82 1139 185 1198 mento
208 1133 373 1200 institutus
396 1139 494 1211 esset,
524 1139 573 1199 set
600 1135 700 1202 teneri
726 1134 895 1202 heredibus
921 1136 953 1201 in
980 1135 1084 1216 priore
1110 1140 1205 1202 testa·

82 1257 184 1318 mento
208 1252 365 1318 institutis
393 1251 598 1320 hereditatem
627 1252 810 1332 restituere,
837 1253 878 1319 iis
900 1254 994 1321 rebus
1016 1259 1207 1329 contentum,

82 1391 115 1436 ex
136 1370 257 1452 quihus
280 1372 374 1437 etiam
396 1370 487 1437 heres
509 1372 646 1454 scriptus
661 1377 753 1438 esset
775 1373 826 1438 sin
840 1379 945 1438 autem
960 1388 1042 1453 quas
1057 1373 1086 1438 ei
1101 1379 1208 1439 esseut

82 1489 190 1555 relicta
213 1497 358 1573 quartam
385 1489 464 1574 legis
491 1489 635 1557 falcidiae
662 1509 724 1557 uon
757 1490 932 1574 explerent,
964 1493 1049 1574 quod
1073 1499 1207 1573 quartae

83 1611 205 1675 deesset
227 1608 257 1675 ei
279 1608 486 1692 supplendum
502 1627 580 1675 esse.
602 1629 736 1694 quorum
758 1610 911 1678 rationem
934 1612 1094 1678 continent
1108 1611 1206 1678 uerba
1225 1619 1259 1672 lo

82 1730 111 1793 iu
132 1727 273 1796 secundo
294 1729 412 1812 scripte
433 1735 630 1808 testamento,
653 1733 685 1796 iu
708 1732 821 1812 quibus
843 1749 1025 1814 expressum
1047 1738 1096 1798 est
1117 1730 1205 1815 prius

83 1847 186 1912 ualere
210 1852 444 1912 testamentum.
485 1851 587 1930 rumpi
609 1849 708 1931 igitur
728 1855 950 1918 testamentum
971 1850 1115 1933 pluribus
1137 1853 1206 1931 pot·

83 1973 130 2031 est
150 1963 265 2031 modis.
309 1984 381 2032 nam
404 1967 546 2047 postumi
565 1968 728 2048 praeteriti
756 1969 921 2036 natiuitate
948 1977 982 2036 et
1008 1969 1206 2036 successione

84 2083 238 2149 inlocum
262 2084 312 2149 sui
335 2090 368 2150 et
395 2083 471 2150 noui
498 2086 547 2150 sui
576 2087 766 2168 adgnatione
792 2095 825 2154 et
853 2087 1021 2171 adoptione
1048 2089 1205 2169 rumpitur

85 2209 315 2269 testamentum.
338 2210 387 2269 set
408 2203 486 2271 haec
507 2205 633 2286 quidem
657 2205 696 2271 de
717 2211 810 2288 rupto
832 2211 1020 2272 testamento
1036 2205 1202 2272 sufficiant.
1224 2220 1255 2272 ro

44 2345 67 2393 4.
83 2325 114 2385 4.
146 2323 381 2389 Testamentum
404 2325 472 2390 iure
501 2325 660 2392 conditum
682 2331 788 2410 potest
814 2343 940 2408 quoque
967 2325 1095 2391 inritum
1125 2324 1203 2406 fieri,

85 2441 180 2506 ueluti
201 2461 273 2509 cum
301 2448 435 2508 testator
465 2443 578 2527 capitis
606 2443 850 2510 deminutionem
877 2463 990 2528 pessus
1017 2444 1069 2511 sit.
1120 2443 1204 2526 quod

82 2561 193 2643 quibus
224 2562 327 2627 modis
359 2563 475 2628 accidit
505 2563 538 2628 in
568 2563 670 2646 prima
700 2562 904 2632 Institutione
935 2563 1121 2632 rettulimus.
1176 2563 1204 2629 si

81 2679 163 2746 enim
185 2685 319 2746 testator
340 2699 486 2763 magnam
508 2681 620 2766 capitis
643 2683 886 2751 deminutionem
913 2703 1025 2768 passus
1052 2685 1110 2762 sit,
1139 2701 1204 2752 ser·

83 2818 202 2883 uosque
234 2800 336 2867 iactus
369 2801 428 2880 sit,
467 2800 519 2867 uei
552 2803 685 2869 mediam
720 2809 815 2885 etque
853 2804 1013 2870 ciuitatem
1052 2801 1202 2882 amiserit,
1220 2813 1256 2866 uo

81 2919 134 2984 nei
157 2920 313 2986 minimum
342 2927 439 3003 atque
465 2918 560 2988 alieni
590 2921 668 2988 iuris
695 2921 798 2990 iactus
826 2924 884 3002 sit,
916 2941 986 2990 oum
1013 2941 1083 2990 sese
1112 2921 1203 2988 adro

40 3074 63 3123 5¹
81 3039 217 3120 gaudum
240 3038 371 3118 dederit,
395 3037 523 3106 inritum
550 3039 587 3105 tit
616 3045 847 3109 uennentun.
892 3043 922 3107 5.
955 3039 1084 3124 Itaque,
1111 3041 1203 3108 sicuti

79 3159 143 3222 ium
176 3159 291 3223 dictum
325 3164 389 3238 est,
422 3160 524 3225 trihus
552 3161 651 3226 modis
683 3160 882 3228 infirmentur
912 3166 1116 3244 testamente;
1148 3164 1205 3228 aut

79 3275 164 3340 enim
185 3295 244 3342 uon
266 3279 335 3346 iure
357 3277 444 3344 ciuili
467 3276 556 3362 fiunt,
577 3284 634 3344 aut
654 3285 854 3362 rumpantur,
877 3287 933 3346 aut
955 3278 1053 3346 inrita
1065 3275 1204 3344 efficiun-

79 3403 144 3458 tur.
187 3414 351 3477 possumus
373 3403 480 3463 autem
502 3404 535 3464 et
556 3399 640 3481 quod
661 3398 791 3465 inritum
813 3407 864 3466 est
884 3405 1011 3480 ruptum
1034 3414 1149 3463 uocare
1170 3399 1204 3463 et
1220 3417 1255 3470 ω

78 3514 167 3592 quod
188 3521 312 3597 ruptum
334 3515 464 3583 inritum
487 3523 519 3583 et
541 3525 764 3585 testamentum
786 3519 826 3586 ah
848 3519 936 3586 initio
958 3537 1020 3585 non
1042 3515 1111 3583 iure
1133 3533 1206 3583 cou-
