2926 4708
549 380 781 445 -214-

103 571 177 636 solui
202 569 391 649 deberetur,
418 570 511 635 immo
540 575 572 634 et
600 566 736 635 fortasse
763 587 825 636 nou
854 568 1038 642 deberetur,
1066 567 1166 636 ueluti
1197 569 1224 634 si

103 689 243 756 ooudioio
271 689 444 757 defecisset.
496 687 572 770 quid
593 694 699 754 autem
723 689 762 754 de
789 687 940 754 eiusmodi
963 687 1068 770 legato
1096 685 1165 766 fiet,
1197 687 1225 754 si

102 811 262 892 contingat
288 810 362 876 uiuo
385 815 538 877 testatore
552 809 634 877 diem
650 808 762 876 adesse
776 809 826 875 uel
841 806 1055 874 condicionem
1070 804 1225 873 existere?

102 933 131 994 et
150 928 347 1012 Papinianus
369 934 478 995 auotor
499 937 548 996 est
569 929 648 995 utile
670 945 739 994 esse
762 927 961 993 nihilominus
983 926 1132 1008 legatum,
1155 943 1225 992 eum

102 1047 139 1114 ab
158 1047 253 1114 initio
275 1047 452 1114 eonstiterit
472 1047 658 1130 tuorumque
686 1049 718 1114 iu
748 1065 783 1114 ee
810 1043 976 1126 babuerit,
1001 1045 1085 1128 quod
1116 1061 1226 1111 uerum
1258 1044 1276 1096 ὅ

102 1173 155 1232 est
201 1184 266 1232 non
294 1166 376 1232 enim
402 1165 539 1248 optinuit
566 1167 761 1248 quorundam
795 1165 953 1232 sententia
980 1163 1225 1230 existimantium

102 1283 243 1366 extingui
264 1283 402 1367 legatum
424 1304 495 1353 oum
517 1286 550 1352 in
571 1303 641 1352 eam
663 1303 790 1353 eaumm
812 1285 1008 1367 peruenerit,
1031 1301 1130 1367 aque
1150 1281 1227 1350 inni·

101 1421 172 1484 pere
196 1421 260 1469 nen
282 1405 430 1487 potuerit.
475 1422 547 1471 ecoe
568 1405 650 1470 enim
677 1422 747 1472 oum
777 1404 846 1470 dies
873 1403 978 1469 aderit
1006 1401 1060 1468 uel
1084 1401 1226 1469 eondioio

103 1521 252 1600 extiterit,
275 1540 389 1603 purum
411 1522 572 1589 inuenitur
593 1523 733 1590 debitum
756 1530 898 1604 tempore
921 1521 1032 1588 mortis
1054 1520 1225 1587 testatoris.

104 1641 149 1706 sin
170 1649 280 1708 autem
302 1643 372 1723 quis
393 1642 434 1710 ab
456 1640 546 1708 initio
569 1642 653 1725 quod
675 1661 754 1723 pure
775 1641 946 1708 deberetur
965 1639 1139 1723 legauerit,
1160 1638 1223 1706 iam
1244 1647 1277 1701 lo

105 1759 222 1828 dietum
245 1769 295 1828 est
320 1761 459 1844 legatum
489 1780 551 1828 nou
582 1761 704 1846 ualere,
736 1760 787 1828 bio
818 1768 925 1827 autem
952 1759 1054 1838 uniet,
1084 1779 1156 1828 cum
1183 1761 1224 1828 ab

62 1877 190 1946 loiuitio
215 1875 402 1946 constiterit
447 1881 497 1946 15.
530 1880 643 1948 Dotem
669 1898 690 1946 a
715 1897 787 1946 mea
815 1895 913 1946 uxore
941 1879 1062 1962 accepi,
1088 1881 1225 1948 moriens

105 2003 209 2064 autem
231 1999 366 2065 durante
387 1999 595 2080 matrimonio,
617 2000 646 2064 ei
669 1999 774 2064 dotem
796 1998 911 2081 legaui.
960 1996 1048 2064 unlst
1074 1996 1224 2082 legatum,

106 2117 212 2183 utilius
234 2121 284 2184 est
304 2117 385 2184 enim
407 2116 533 2184 mulieri
554 2135 607 2184 res
628 2135 667 2184 ex
687 2115 792 2200 legato
814 2133 908 2200 quam
928 2135 968 2182 ex
982 2117 1056 2185 dote
1070 2123 1224 2200 repetere,

107 2253 185 2312 nam,
207 2236 301 2303 sicuti
321 2235 452 2302 inferius
480 2253 706 2319 proponemus,
732 2252 794 2301 uon
823 2234 933 2302 statim
963 2233 1084 2317 nuptiis
1113 2234 1225 2301 solutis
1244 2251 1276 2306 to

107 2374 226 2438 semper
252 2356 310 2423 dos
336 2355 494 2434 redditur,
523 2353 662 2437 legatum
688 2359 795 2421 numm
820 2355 928 2420 statim
955 2354 1100 2421 soluitur.
1149 2351 1226 2435 quid

106 2481 208 2542 eutem
229 2475 258 2541 si
280 2494 350 2543 oum
372 2475 477 2541 dotem
499 2491 562 2540 uon
583 2474 767 2557 acceperim,
788 2473 896 2540 dotem
918 2471 1009 2540 uxori
1031 2491 1120 2540 meae
1141 2471 1226 2556 iega-

107 2593 226 2660 uerim?
252 2592 390 2660 Seuerus
417 2599 450 2661 et
470 2594 651 2660 Antoninus
680 2593 912 2678 rescripserunt
940 2595 969 2662 si
997 2593 1123 2676 quidem
1152 2593 1227 2662 sim·

106 2714 226 2796 pliciter
246 2713 420 2798 lepreon
442 2713 576 2798 (muieet
596 2713 656 2782 bon
682 2716 789 2783 modo:
820 2713 934 2781 uxori
959 2729 1070 2780 meaa
1097 2714 1228 2780 dotem

106 2832 207 2916 lego,
228 2849 343 2915 quam
365 2833 460 2899 mibi
482 2833 621 2918 dedit),
644 2835 755 2902 inutile
777 2851 848 2901 esse
869 2832 1018 2916 legatum,
1041 2831 1119 2898 nibil
1140 2831 1225 2900 enim
1241 2849 1277 2903 ao

107 2949 181 3015 mihi
201 2950 289 3018 dedit
310 2969 368 3018 nee
389 2953 550 3034 quantitas
571 2957 670 3036 patet
712 2955 761 3020 sin
783 2957 891 3020 autem
913 2956 1018 3020 oertae
1040 2951 1226 3036 quantitatis

106 3071 291 3138 mentionem
313 3071 449 3151 fecerim,
471 3073 530 3139 boo
551 3071 656 3140 modo:
679 3071 705 3139 G
727 3069 899 3149 solidos,
919 3089 1018 3154 quoe
1040 3072 1144 3139 dotis
1167 3087 1227 3138 no·

108 3190 204 3255 mine
229 3189 322 3255 mibi
350 3190 478 3268 dedit,
508 3191 541 3256 ei
570 3189 675 3274 lego,
704 3187 895 3260 ueletiam:
924 3193 1024 3260 buno
1045 3189 1226 3270 iuudum,

108 3325 220 3389 quem
240 3307 340 3376 mihi·
359 3310 473 3377 dedit
492 3310 528 3377 ei
555 3309 660 3395 lego,
688 3311 795 3379 ualere
822 3313 970 3395 legatum.
1019 3311 1103 3397 quod
1131 3307 1228 3377 sidi-

108 3425 214 3508 xerim,
234 3444 333 3508 quae
358 3427 462 3495 dotis
490 3430 755 3497 instrumento
783 3431 1041 3498 eontinentur
1063 3431 1098 3498 ei
1119 3429 1226 3514 lego,
1243 3459 1277 3512 η

67 3548 141 3612 laet
161 3544 208 3610 ito
234 3545 369 3630 legatum
396 3547 514 3615 ualere.
561 3548 610 3614 lo.
643 3547 811 3616 Hominem
839 3549 898 3617 tibi
924 3547 1045 3632 lagani,
1074 3549 1129 3634 qni
1157 3547 1228 3616 siue
