<?xml version="1.0" encoding="UTF-8"?>
<!DOCTYPE html PUBLIC "-//W3C//DTD XHTML 1.0 Transitional//EN"
    "http://www.w3.org/TR/xhtml1/DTD/xhtml1-transitional.dtd">
<html xmlns="http://www.w3.org/1999/xhtml" xml:lang="en" lang="en">
 <head>
  <title>
</title>
<meta http-equiv="Content-Type" content="text/html;charset=utf-8" />
  <meta name='ocr-system' content='tesseract 3.04.00' />
  <meta name='ocr-capabilities' content='ocr_page ocr_carea ocr_par ocr_line ocrx_word'/>
</head>
<body>
  <div class='ocr_page' id='page_1' title='image "./institutionumgr02linggoog_0688.png"; bbox 0 0 2870 4716; ppageno 0'>
   <div class='ocr_carea' id='block_1_1' title="bbox 535 403 760 467">
    <p class='ocr_par' dir='ltr' id='par_1_1' title="bbox 535 403 760 467">
     <span class='ocr_line' id='line_1_1' title="bbox 535 403 760 467; baseline -0.004 0"><span class='ocrx_word' id='word_1_1' title='bbox 535 403 760 467; x_wconf 72' lang='lat'><strong>—327-</strong></span> 
     </span>
    </p>
   </div>
   <div class='ocr_carea' id='block_1_2' title="bbox 99 587 1201 892">
    <p class='ocr_par' dir='ltr' id='par_1_2' title="bbox 99 587 1201 892">
     <span class='ocr_line' id='line_1_2' title="bbox 100 587 1200 669; baseline -0.004 -15"><span class='ocrx_word' id='word_1_2' title='bbox 100 609 161 655; x_wconf 89' lang='lat' dir='ltr'>uem</span> <span class='ocrx_word' id='word_1_3' title='bbox 187 591 238 656; x_wconf 89' lang='lat' dir='ltr'>uel</span> <span class='ocrx_word' id='word_1_4' title='bbox 260 589 400 656; x_wconf 82' lang='lat' dir='ltr'>iaciendo</span> <span class='ocrx_word' id='word_1_5' title='bbox 422 590 472 654; x_wconf 89' lang='lat' dir='ltr'>uel</span> <span class='ocrx_word' id='word_1_6' title='bbox 493 609 553 654; x_wconf 90' lang='lat' dir='ltr'>oon</span> <span class='ocrx_word' id='word_1_7' title='bbox 576 589 716 656; x_wconf 87' lang='lat' dir='ltr'>faciendo</span> <span class='ocrx_word' id='word_1_8' title='bbox 739 589 944 666; x_wconf 87' lang='lat' dir='ltr'>commiseris,</span> <span class='ocrx_word' id='word_1_9' title='bbox 971 591 1100 669; x_wconf 84' lang='lat' dir='ltr'>propter</span> <span class='ocrx_word' id='word_1_10' title='bbox 1121 587 1200 651; x_wconf 86' lang='lat' dir='ltr'>eius-</span> 
     </span>
     <span class='ocr_line' id='line_1_3' title="bbox 99 705 1201 790; baseline -0.001 -19"><span class='ocrx_word' id='word_1_11' title='bbox 99 705 175 771; x_wconf 90' lang='lat' dir='ltr'>modi</span> <span class='ocrx_word' id='word_1_12' title='bbox 205 727 322 789; x_wconf 90' lang='lat' dir='ltr'>poenae</span> <span class='ocrx_word' id='word_1_13' title='bbox 352 709 523 774; x_wconf 79' lang='lat' dir='ltr'>clausulam</span> <span class='ocrx_word' id='word_1_14' title='bbox 553 709 591 772; x_wconf 92' lang='lat' dir='ltr'>ad</span> <span class='ocrx_word' id='word_1_15' title='bbox 622 707 796 789; x_wconf 77' lang='lat' dir='ltr'>complures</span> <span class='ocrx_word' id='word_1_16' title='bbox 824 727 940 790; x_wconf 92' lang='lat' dir='ltr'>poenas</span> <span class='ocrx_word' id='word_1_17' title='bbox 969 705 1139 772; x_wconf 75' lang='lat' dir='ltr'>soluendae·</span> <span class='ocrx_word' id='word_1_18' title='bbox 1156 711 1201 770; x_wconf 90' lang='lat' dir='ltr'>te-</span> 
     </span>
     <span class='ocr_line' id='line_1_4' title="bbox 99 826 226 892; baseline 0 -2"><span class='ocrx_word' id='word_1_19' title='bbox 99 826 226 892; x_wconf 91' lang='lat' dir='ltr'>neberis.</span> 
     </span>
    </p>
   </div>
   <div class='ocr_carea' id='block_1_3' title="bbox 148 1335 1133 1420">
    <p class='ocr_par' dir='ltr' id='par_1_3' title="bbox 148 1335 1133 1420">
     <span class='ocr_line' id='line_1_5' title="bbox 148 1335 1133 1420; baseline -0.002 -18"><span class='ocrx_word' id='word_1_20' title='bbox 148 1338 199 1402; x_wconf 89' lang='lat' dir='ltr'>De</span> <span class='ocrx_word' id='word_1_21' title='bbox 221 1335 342 1401; x_wconf 90' lang='lat' dir='ltr'>duobus</span> <span class='ocrx_word' id='word_1_22' title='bbox 365 1337 425 1402; x_wconf 90' lang='lat' dir='ltr'>reis</span> <span class='ocrx_word' id='word_1_23' title='bbox 448 1337 619 1420; x_wconf 88' lang='lat' dir='ltr'>stipulandi</span> <span class='ocrx_word' id='word_1_24' title='bbox 641 1342 673 1402; x_wconf 90' lang='lat' dir='ltr'>ct</span> <span class='ocrx_word' id='word_1_25' title='bbox 695 1337 906 1418; x_wconf 87' lang='lat' dir='ltr'>promittendi.</span> <span class='ocrx_word' id='word_1_26' title='bbox 940 1337 1062 1402; x_wconf 88' lang='lat' dir='ltr'>Titulus</span> <span class='ocrx_word' id='word_1_27' title='bbox 1087 1340 1133 1400; x_wconf 89' lang='grc'>16.</span> 
     </span>
    </p>
   </div>
   <div class='ocr_carea' id='block_1_4' title="bbox 85 1489 1247 3360">
    <p class='ocr_par' dir='ltr' id='par_1_4' title="bbox 85 1489 1247 3374">
     <span class='ocr_line' id='line_1_6' title="bbox 171 1489 1218 1572; baseline -0.002 -18"><span class='ocrx_word' id='word_1_28' title='bbox 171 1489 306 1570; x_wconf 83' lang='lat' dir='ltr'>Oportet</span> <span class='ocrx_word' id='word_1_29' title='bbox 335 1507 406 1554; x_wconf 87' lang='lat' dir='ltr'>eum</span> <span class='ocrx_word' id='word_1_30' title='bbox 439 1491 492 1571; x_wconf 86' lang='lat' dir='ltr'>qui</span> <span class='ocrx_word' id='word_1_31' title='bbox 525 1489 564 1556; x_wconf 89' lang='lat' dir='ltr'>de</span> <span class='ocrx_word' id='word_1_32' title='bbox 593 1490 846 1572; x_wconf 79' lang='lat' dir='ltr'>stipulationibus</span> <span class='ocrx_word' id='word_1_33' title='bbox 872 1489 1012 1571; x_wconf 89' lang='lat' dir='ltr'>loquitur</span> <span class='ocrx_word' id='word_1_34' title='bbox 1039 1489 1133 1553; x_wconf 85' lang='lat' dir='ltr'>etiem</span> <span class='ocrx_word' id='word_1_35' title='bbox 1161 1489 1218 1562; x_wconf 73' lang='lat' dir='ltr'>de,</span> 
     </span>
     <span class='ocr_line' id='line_1_7' title="bbox 92 1605 1232 1700; baseline -0.003 -29"><span class='ocrx_word' id='word_1_36' title='bbox 92 1609 149 1673; x_wconf 91' lang='lat' dir='ltr'>reis</span> <span class='ocrx_word' id='word_1_37' title='bbox 171 1607 344 1690; x_wconf 87' lang='lat' dir='ltr'>stipulandi</span> <span class='ocrx_word' id='word_1_38' title='bbox 366 1614 398 1673; x_wconf 88' lang='lat' dir='ltr'>et</span> <span class='ocrx_word' id='word_1_39' title='bbox 418 1610 620 1691; x_wconf 90' lang='lat' dir='ltr'>promittendi</span> <span class='ocrx_word' id='word_1_40' title='bbox 635 1614 782 1686; x_wconf 84' lang='lat' dir='ltr'>tractare,</span> <span class='ocrx_word' id='word_1_41' title='bbox 805 1609 859 1690; x_wconf 88' lang='lat' dir='ltr'>qui</span> <span class='ocrx_word' id='word_1_42' title='bbox 882 1608 944 1674; x_wconf 89' lang='lat' dir='ltr'>duo</span> <span class='ocrx_word' id='word_1_43' title='bbox 966 1609 1120 1700; x_wconf 72' lang='lat' dir='ltr'>pluresne,</span> <span class='ocrx_word' id='word_1_44' title='bbox 1133 1605 1232 1672; x_wconf 81' lang='lat' dir='ltr'>lieris</span> 
     </span>
     <span class='ocr_line' id='line_1_8' title="bbox 91 1697 1198 1811; baseline 0 -19"><span class='ocrx_word' id='word_1_45' title='bbox 91 1733 228 1808; x_wconf 86' lang='lat' dir='ltr'>possunt.</span> <span class='ocrx_word' id='word_1_46' title='bbox 272 1728 315 1793; x_wconf 87' lang='lat' dir='ltr'>Et</span> <span class='ocrx_word' id='word_1_47' title='bbox 336 1731 381 1794; x_wconf 88' lang='lat' dir='ltr'>rei</span> <span class='ocrx_word' id='word_1_48' title='bbox 404 1728 573 1811; x_wconf 89' lang='lat' dir='ltr'>stipulandi</span> <span class='ocrx_word' id='word_1_49' title='bbox 600 1697 646 1794; x_wconf 74' lang='lat' dir='ltr'>ita</span> <span class='ocrx_word' id='word_1_50' title='bbox 671 1727 765 1794; x_wconf 92' lang='lat' dir='ltr'>fiunt:</span> <span class='ocrx_word' id='word_1_51' title='bbox 791 1729 818 1794; x_wconf 91' lang='lat' dir='ltr'>si</span> <span class='ocrx_word' id='word_1_52' title='bbox 839 1727 963 1792; x_wconf 88' lang='lat' dir='ltr'>Primus</span> <span class='ocrx_word' id='word_1_53' title='bbox 985 1731 1018 1792; x_wconf 90' lang='lat' dir='ltr'>et</span> <span class='ocrx_word' id='word_1_54' title='bbox 1039 1727 1198 1793; x_wconf 83' lang='lat' dir='ltr'>Secundus</span> 
     </span>
     <span class='ocr_line' id='line_1_9' title="bbox 92 1845 1199 1929; baseline 0.002 -20"><span class='ocrx_word' id='word_1_55' title='bbox 92 1846 210 1910; x_wconf 87' lang='lat' dir='ltr'>cuidam</span> <span class='ocrx_word' id='word_1_56' title='bbox 224 1845 372 1913; x_wconf 83' lang='lat' dir='ltr'>Gauroos</span> <span class='ocrx_word' id='word_1_57' title='bbox 390 1852 516 1913; x_wconf 89' lang='lat' dir='ltr'>mutuos</span> <span class='ocrx_word' id='word_1_58' title='bbox 532 1847 684 1926; x_wconf 82' lang='lat' dir='ltr'>dederint,</span> <span class='ocrx_word' id='word_1_59' title='bbox 700 1853 795 1929; x_wconf 80' lang='lat' dir='ltr'>atque</span> <span class='ocrx_word' id='word_1_60' title='bbox 810 1853 942 1929; x_wconf 87' lang='lat' dir='ltr'>uterque</span> <span class='ocrx_word' id='word_1_61' title='bbox 957 1865 1027 1912; x_wconf 88' lang='lat' dir='ltr'>eum</span> <span class='ocrx_word' id='word_1_62' title='bbox 1042 1847 1101 1912; x_wconf 90' lang='lat' dir='ltr'>sibi</span> <span class='ocrx_word' id='word_1_63' title='bbox 1116 1845 1199 1912; x_wconf 93' lang='lat' dir='ltr'>debi-</span> 
     </span>
     <span class='ocr_line' id='line_1_10' title="bbox 91 1966 1198 2048; baseline 0.001 -19"><span class='ocrx_word' id='word_1_64' title='bbox 91 1971 188 2030; x_wconf 84' lang='lat' dir='ltr'>torem</span> <span class='ocrx_word' id='word_1_65' title='bbox 210 1984 278 2030; x_wconf 89' lang='lat' dir='ltr'>esse</span> <span class='ocrx_word' id='word_1_66' title='bbox 300 1967 377 2031; x_wconf 90' lang='lat' dir='ltr'>uelit</span> <span class='ocrx_word' id='word_1_67' title='bbox 397 1966 429 2030; x_wconf 93' lang='lat' dir='ltr'>in</span> <span class='ocrx_word' id='word_1_68' title='bbox 449 1967 592 2043; x_wconf 84' lang='lat' dir='ltr'>solidum,</span> <span class='ocrx_word' id='word_1_69' title='bbox 616 1967 786 2047; x_wconf 84' lang='lat' dir='ltr'>stipulatur</span> <span class='ocrx_word' id='word_1_70' title='bbox 808 1972 940 2048; x_wconf 88' lang='lat' dir='ltr'>uterque</span> <span class='ocrx_word' id='word_1_71' title='bbox 962 1967 1139 2048; x_wconf 86' lang='lat' dir='ltr'>separatim,</span> <span class='ocrx_word' id='word_1_72' title='bbox 1163 1972 1198 2031; x_wconf 87' lang='lat' dir='ltr'>ut</span> 
     </span>
     <span class='ocr_line' id='line_1_11' title="bbox 89 2083 1197 2168; baseline 0.004 -21"><span class='ocrx_word' id='word_1_73' title='bbox 89 2088 159 2163; x_wconf 88' lang='lat' dir='ltr'>post</span> <span class='ocrx_word' id='word_1_74' title='bbox 173 2083 337 2165; x_wconf 87' lang='lat' dir='ltr'>utriusque</span> <span class='ocrx_word' id='word_1_75' title='bbox 352 2085 586 2166; x_wconf 82' lang='lat' dir='ltr'>stipulationem</span> <span class='ocrx_word' id='word_1_76' title='bbox 605 2085 816 2166; x_wconf 81' lang='lat' dir='ltr'>interrogatus</span> <span class='ocrx_word' id='word_1_77' title='bbox 832 2086 1033 2168; x_wconf 89' lang='lat' dir='ltr'>respoudeat:</span> <span class='ocrx_word' id='word_1_78' title='bbox 1060 2105 1197 2168; x_wconf 74' lang='lat' dir='ltr'>›spon-</span> 
     </span>
     <span class='ocr_line' id='line_1_12' title="bbox 88 2201 1247 2286; baseline 0.003 -22"><span class='ocrx_word' id='word_1_79' title='bbox 88 2201 191 2266; x_wconf 75' lang='lat' dir='ltr'>deo«.</span> <span class='ocrx_word' id='word_1_80' title='bbox 226 2209 262 2268; x_wconf 91' lang='lat' dir='ltr'>ut</span> <span class='ocrx_word' id='word_1_81' title='bbox 284 2221 359 2268; x_wconf 84' lang='lat' dir='ltr'>ecce</span> <span class='ocrx_word' id='word_1_82' title='bbox 375 2203 499 2268; x_wconf 87' lang='lat' dir='ltr'>Primus</span> <span class='ocrx_word' id='word_1_83' title='bbox 522 2223 541 2268; x_wconf 89' lang='lat' dir='ltr'>a</span> <span class='ocrx_word' id='word_1_84' title='bbox 562 2222 612 2267; x_wconf 88' lang='lat' dir='ltr'>me</span> <span class='ocrx_word' id='word_1_85' title='bbox 634 2204 802 2284; x_wconf 87' lang='lat' dir='ltr'>stipulatus</span> <span class='ocrx_word' id='word_1_86' title='bbox 825 2209 889 2268; x_wconf 89' lang='lat' dir='ltr'>est:</span> <span class='ocrx_word' id='word_1_87' title='bbox 910 2203 1081 2286; x_wconf 91' lang='lat' dir='ltr'>spondes</span> <span class='ocrx_word' id='word_1_88' title='bbox 1104 2204 1197 2269; x_wconf 89' lang='lat' dir='ltr'>dare</span> <span class='ocrx_word' id='word_1_89' title='bbox 1217 2210 1247 2260; x_wconf 84' lang='lat'>¹0</span> 
     </span>
     <span class='ocr_line' id='line_1_13' title="bbox 87 2321 1197 2400; baseline 0.002 -14"><span class='ocrx_word' id='word_1_90' title='bbox 87 2321 180 2388; x_wconf 89' lang='lat' dir='ltr'>mihi</span> <span class='ocrx_word' id='word_1_91' title='bbox 201 2342 340 2388; x_wconf 89' lang='lat' dir='ltr'>aureos</span> <span class='ocrx_word' id='word_1_92' title='bbox 363 2324 552 2400; x_wconf 72' lang='lat' dir='ltr'>centuml,</span> <span class='ocrx_word' id='word_1_93' title='bbox 576 2324 719 2389; x_wconf 81' lang='lat' dir='ltr'>similiter</span> <span class='ocrx_word' id='word_1_94' title='bbox 740 2331 773 2389; x_wconf 88' lang='lat' dir='ltr'>et</span> <span class='ocrx_word' id='word_1_95' title='bbox 794 2323 964 2400; x_wconf 84' lang='lat' dir='ltr'>Secundus,</span> <span class='ocrx_word' id='word_1_96' title='bbox 988 2323 1100 2388; x_wconf 88' lang='lat' dir='ltr'>deinde</span> <span class='ocrx_word' id='word_1_97' title='bbox 1121 2323 1197 2388; x_wconf 91' lang='lat' dir='ltr'>utri-</span> 
     </span>
     <span class='ocr_line' id='line_1_14' title="bbox 88 2442 1195 2525; baseline -0.001 -18"><span class='ocrx_word' id='word_1_98' title='bbox 88 2461 148 2523; x_wconf 88' lang='lat' dir='ltr'>que</span> <span class='ocrx_word' id='word_1_99' title='bbox 163 2443 308 2525; x_wconf 88' lang='lat' dir='ltr'>respondi</span> <span class='ocrx_word' id='word_1_100' title='bbox 325 2442 443 2508; x_wconf 89' lang='lat' dir='ltr'>dicens:</span> <span class='ocrx_word' id='word_1_101' title='bbox 472 2445 653 2525; x_wconf 79' lang='lat' dir='ltr'>»utrique</span> <span class='ocrx_word' id='word_1_102' title='bbox 675 2451 853 2509; x_wconf 91' lang='lat' dir='ltr'>uestrum</span> <span class='ocrx_word' id='word_1_103' title='bbox 875 2444 970 2508; x_wconf 89' lang='lat' dir='ltr'>dare</span> <span class='ocrx_word' id='word_1_104' title='bbox 992 2443 1195 2525; x_wconf 82' lang='lat' dir='ltr'>spondeo«.</span> 
     </span>
     <span class='ocr_line' id='line_1_15' title="bbox 86 2561 1198 2645; baseline 0.003 -21"><span class='ocrx_word' id='word_1_105' title='bbox 86 2561 166 2625; x_wconf 84' lang='lat' dir='ltr'>Nam</span> <span class='ocrx_word' id='word_1_106' title='bbox 188 2562 215 2626; x_wconf 93' lang='lat' dir='ltr'>si</span> <span class='ocrx_word' id='word_1_107' title='bbox 237 2567 331 2628; x_wconf 86' lang='lat' dir='ltr'>antea</span> <span class='ocrx_word' id='word_1_108' title='bbox 351 2562 456 2626; x_wconf 87' lang='lat' dir='ltr'>Primo</span> <span class='ocrx_word' id='word_1_109' title='bbox 483 2563 701 2644; x_wconf 89' lang='lat' dir='ltr'>spoponderim</span> <span class='ocrx_word' id='word_1_110' title='bbox 723 2564 771 2628; x_wconf 92' lang='lat' dir='ltr'>his</span> <span class='ocrx_word' id='word_1_111' title='bbox 794 2563 913 2629; x_wconf 88' lang='lat' dir='ltr'>uerbis:</span> <span class='ocrx_word' id='word_1_112' title='bbox 944 2561 1061 2629; x_wconf 78' lang='lat' dir='ltr'>»dare</span> <span class='ocrx_word' id='word_1_113' title='bbox 1086 2582 1198 2645; x_wconf 90' lang='lat' dir='ltr'>spou-</span> 
     </span>
     <span class='ocr_line' id='line_1_16' title="bbox 86 2679 1198 2765; baseline 0.005 -23"><span class='ocrx_word' id='word_1_114' title='bbox 86 2679 198 2758; x_wconf 83' lang='lat' dir='ltr'>deo«,</span> <span class='ocrx_word' id='word_1_115' title='bbox 222 2680 334 2747; x_wconf 90' lang='lat' dir='ltr'>deinde</span> <span class='ocrx_word' id='word_1_116' title='bbox 356 2681 498 2747; x_wconf 88' lang='lat' dir='ltr'>Secundo</span> <span class='ocrx_word' id='word_1_117' title='bbox 523 2683 728 2764; x_wconf 82' lang='lat' dir='ltr'>interroganti</span> <span class='ocrx_word' id='word_1_118' title='bbox 755 2683 864 2748; x_wconf 88' lang='lat' dir='ltr'>eadem</span> <span class='ocrx_word' id='word_1_119' title='bbox 884 2683 1112 2765; x_wconf 85' lang='lat' dir='ltr'>spoponderim,</span> <span class='ocrx_word' id='word_1_120' title='bbox 1136 2683 1198 2748; x_wconf 84' lang='lat' dir='ltr'>alia</span> 
     </span>
     <span class='ocr_line' id='line_1_17' title="bbox 86 2781 1246 2884; baseline 0.002 -20"><span class='ocrx_word' id='word_1_121' title='bbox 86 2781 182 2882; x_wconf 83' lang='lat' dir='ltr'>atquc</span> <span class='ocrx_word' id='word_1_122' title='bbox 203 2803 263 2867; x_wconf 88' lang='lat' dir='ltr'>alia</span> <span class='ocrx_word' id='word_1_123' title='bbox 285 2801 482 2868; x_wconf 88' lang='lat' dir='ltr'>contrahitur</span> <span class='ocrx_word' id='word_1_124' title='bbox 503 2803 666 2884; x_wconf 84' lang='lat' dir='ltr'>obligatio,</span> <span class='ocrx_word' id='word_1_125' title='bbox 693 2821 754 2868; x_wconf 91' lang='lat' dir='ltr'>uon</span> <span class='ocrx_word' id='word_1_126' title='bbox 777 2821 853 2868; x_wconf 88' lang='lat' dir='ltr'>uero</span> <span class='ocrx_word' id='word_1_127' title='bbox 876 2803 938 2867; x_wconf 93' lang='lat' dir='ltr'>duo</span> <span class='ocrx_word' id='word_1_128' title='bbox 959 2803 1004 2867; x_wconf 92' lang='lat' dir='ltr'>rei</span> <span class='ocrx_word' id='word_1_129' title='bbox 1026 2801 1194 2884; x_wconf 89' lang='lat' dir='ltr'>stipulandi</span> <span class='ocrx_word' id='word_1_130' title='bbox 1218 2807 1246 2856; x_wconf 82' lang='lat'>¹⁵</span> 
     </span>
     <span class='ocr_line' id='line_1_18' title="bbox 86 2917 1197 3004; baseline 0.003 -22"><span class='ocrx_word' id='word_1_131' title='bbox 86 2917 154 2985; x_wconf 87' lang='lat' dir='ltr'>lieri</span> <span class='ocrx_word' id='word_1_132' title='bbox 177 2921 355 2986; x_wconf 87' lang='lat' dir='ltr'>creduntur.</span> <span class='ocrx_word' id='word_1_133' title='bbox 401 2921 463 2986; x_wconf 92' lang='lat' dir='ltr'>duo</span> <span class='ocrx_word' id='word_1_134' title='bbox 484 2922 630 3004; x_wconf 88' lang='lat' dir='ltr'>pluresue</span> <span class='ocrx_word' id='word_1_135' title='bbox 659 2923 704 2987; x_wconf 91' lang='lat' dir='ltr'>rei</span> <span class='ocrx_word' id='word_1_136' title='bbox 732 2923 933 3003; x_wconf 81' lang='lat' dir='ltr'>promittendi</span> <span class='ocrx_word' id='word_1_137' title='bbox 956 2922 1001 2986; x_wconf 88' lang='lat' dir='ltr'>ita</span> <span class='ocrx_word' id='word_1_138' title='bbox 1022 2921 1115 2986; x_wconf 85' lang='lat' dir='ltr'>fiunt:</span> <span class='ocrx_word' id='word_1_139' title='bbox 1144 2939 1197 2985; x_wconf 91' lang='lat' dir='ltr'>ue-</span> 
     </span>
     <span class='ocr_line' id='line_1_19' title="bbox 86 3037 1197 3123; baseline 0.004 -23"><span class='ocrx_word' id='word_1_140' title='bbox 86 3037 145 3102; x_wconf 87' lang='lat' dir='ltr'>luti</span> <span class='ocrx_word' id='word_1_141' title='bbox 162 3039 188 3104; x_wconf 91' lang='lat' dir='ltr'>si</span> <span class='ocrx_word' id='word_1_142' title='bbox 199 3039 356 3105; x_wconf 87' lang='lat' dir='ltr'>Maeuium</span> <span class='ocrx_word' id='word_1_143' title='bbox 369 3040 543 3123; x_wconf 88' lang='lat' dir='ltr'>Seinmque,</span> <span class='ocrx_word' id='word_1_144' title='bbox 556 3040 708 3123; x_wconf 87' lang='lat' dir='ltr'>quibusV</span> <span class='ocrx_word' id='word_1_145' title='bbox 724 3060 835 3106; x_wconf 89' lang='lat' dir='ltr'>aureos</span> <span class='ocrx_word' id='word_1_146' title='bbox 851 3048 977 3107; x_wconf 90' lang='lat' dir='ltr'>mutuos</span> <span class='ocrx_word' id='word_1_147' title='bbox 988 3041 1135 3118; x_wconf 90' lang='lat' dir='ltr'>dederim,</span> <span class='ocrx_word' id='word_1_148' title='bbox 1152 3041 1197 3105; x_wconf 87' lang='lat' dir='ltr'>ita</span> 
     </span>
     <span class='ocr_line' id='line_1_20' title="bbox 85 3156 1191 3241; baseline -0.001 -21"><span class='ocrx_word' id='word_1_149' title='bbox 85 3156 289 3239; x_wconf 83' lang='lat' dir='ltr'>interrogem:</span> <span class='ocrx_word' id='word_1_150' title='bbox 317 3159 556 3241; x_wconf 82' lang='lat' dir='ltr'>»spondesne</span> <span class='ocrx_word' id='word_1_151' title='bbox 577 3159 701 3224; x_wconf 84' lang='lat' dir='ltr'>Maeui</span> <span class='ocrx_word' id='word_1_152' title='bbox 723 3160 752 3224; x_wconf 92' lang='lat' dir='ltr'>V</span> <span class='ocrx_word' id='word_1_153' title='bbox 774 3178 918 3224; x_wconf 84' lang='lat' dir='ltr'>eureos</span> <span class='ocrx_word' id='word_1_154' title='bbox 940 3158 1030 3224; x_wconf 93' lang='lat' dir='ltr'>mihi</span> <span class='ocrx_word' id='word_1_155' title='bbox 1053 3159 1191 3224; x_wconf 70' lang='lat' dir='ltr'>darei·</span> 
     </span>
     <span class='ocr_line' id='line_1_21' title="bbox 88 3273 1193 3360; baseline 0.002 -20"><span class='ocrx_word' id='word_1_156' title='bbox 88 3273 191 3352; x_wconf 83' lang='lat' dir='ltr'>»Sei,</span> <span class='ocrx_word' id='word_1_157' title='bbox 213 3277 367 3342; x_wconf 85' lang='lat' dir='ltr'>eosdem</span> <span class='ocrx_word' id='word_1_158' title='bbox 388 3277 561 3360; x_wconf 88' lang='lat' dir='ltr'>quinque</span> <span class='ocrx_word' id='word_1_159' title='bbox 586 3297 730 3343; x_wconf 89' lang='lat' dir='ltr'>aureos</span> <span class='ocrx_word' id='word_1_160' title='bbox 752 3278 848 3344; x_wconf 91' lang='lat' dir='ltr'>mihi</span> <span class='ocrx_word' id='word_1_161' title='bbox 870 3276 961 3344; x_wconf 86' lang='lat' dir='ltr'>dare</span> <span class='ocrx_word' id='word_1_162' title='bbox 983 3278 1193 3360; x_wconf 75' lang='lat' dir='ltr'>spondesit</span> 
     </span>
    </p>
   </div>
   <div class='ocr_carea' id='block_1_5' title="bbox 0 0 1440 4716">
    <p class='ocr_par' dir='ltr' id='par_1_5' title="bbox 0 0 1440 4716">
     <span class='ocr_line' id='line_1_22' title="bbox 0 0 1440 4716; baseline 0 4"><span class='ocrx_word' id='word_1_163' title='bbox 0 0 1440 4716; x_wconf 95' lang='lat' dir='ltr'> </span> 
     </span>
    </p>
   </div>
  </div>
 </body>
</html>
