2936 4704
387 693 434 760 Dc
456 692 685 760 donationibus.
729 691 854 759 Titulus
876 693 905 756 l.

162 879 228 944 Est
251 885 284 944 et
306 879 393 944 aliud
421 897 520 960 genus
549 878 769 962 adquisitionis
796 879 938 945 donatio:
968 879 1008 946 ds
1034 896 1098 960 qua
1124 898 1206 947 nunc

99 995 313 1078 dispiciendum
335 1002 393 1062 ost
445 997 514 1062 eius
543 995 733 1062 mentionem
761 996 891 1062 fecimus
917 996 1017 1062 uoluti
1044 997 1146 1064 obiter
1173 999 1206 1064 in

100 1114 313 1195 superioribus,
335 1131 418 1180 nuno
444 1119 550 1180 autem
572 1113 741 1196 pleniorem
768 1114 808 1180 de
837 1133 876 1180 ea
903 1116 1075 1182 doctrinam
1103 1117 1207 1182 uade-

98 1250 159 1296 nus.
207 1231 412 1298 donationum
441 1231 503 1298 duo
525 1251 642 1313 genera
669 1236 744 1298 sunt
772 1238 804 1297 et
833 1233 934 1299 altera
962 1233 1071 1300 mortis
1100 1249 1205 1313 musa,

70 1350 183 1416 haltere
197 1352 281 1416 inter
296 1351 387 1417 uiuos
402 1351 527 1418 dicitur.
552 1354 580 1415 1.
604 1351 745 1417 Mortis
767 1369 888 1419 cansa
902 1352 1030 1418 donatio
1044 1359 1102 1431 est,
1124 1369 1206 1433 quae
1239 1373 1258 1426 p

96 1475 210 1551 propter
231 1471 343 1536 mortis
364 1470 571 1550 suspicionem
594 1468 639 1549 lit,
663 1471 762 1536 ndnti
787 1487 857 1536 cum
887 1471 959 1553 quis
988 1472 1084 1536 donat
1112 1471 1207 1538 udoni

97 1587 314 1668 nauigationem
337 1588 541 1670 periculosam
564 1607 770 1672 aggressurus
792 1588 844 1656 uel
872 1590 935 1655 iter
961 1589 1124 1672 peruiam
1146 1589 1206 1657 lac

97 1713 175 1770 turus
195 1707 309 1772 belluis
331 1725 388 1773 seu
410 1706 587 1773 latronibus
609 1727 667 1774 seu
687 1705 831 1774 hostibus
853 1707 1008 1786 iniectam,
1031 1715 1067 1774 ut
1087 1709 1205 1789 siquid

97 1825 263 1892 humanitus
287 1825 430 1892 donatori
452 1827 626 1908 contigerit,
649 1823 771 1892 firmam
791 1825 907 1892 habeat
928 1826 1126 1892 donationem
1149 1826 1204 1908 qui

97 1945 250 2028 acccperit:
273 1945 323 2010 sin
344 1951 449 2012 antem
464 1945 518 2028 qni
533 1946 687 2028 acceperit
701 1950 775 2011 ante
789 1946 970 2010 donatorem
986 1945 1148 2019 moriatur,
1169 1944 1205 2010 li-
1224 1971 1257 2026 10

98 2069 157 2128 cast
177 2064 317 2130 donatori
340 2064 448 2130 datum
471 2069 622 2145 repetere
674 2065 703 2129 si
731 2064 913 2130 donatorem
941 2065 1009 2129 eins
1035 2065 1203 2145 poeniteat,

100 2181 282 2247 domtionem
306 2182 445 2264 recipiet
468 2181 597 2264 perinde
619 2183 704 2247 acsi
726 2182 812 2264 prior
835 2181 1007 2249 decesserit
1032 2181 1088 2263 qui
1109 2181 1204 2248 dona·

100 2299 200 2365 tionem
221 2301 349 2383 accepit.
394 2301 453 2367 bae
475 2303 584 2368 mortis
606 2319 720 2368 causae
749 2301 933 2368 donationes
962 2301 1003 2368 ad
1030 2302 1203 2386 exemplum

101 2419 255 2500 legatorum
279 2441 335 2504 per
357 2424 460 2491 omnia
482 2424 627 2490 redactae
649 2430 732 2490 sunt
777 2423 851 2488 olim
874 2423 956 2489 enim
979 2428 1047 2490 erat
1069 2421 1201 2504 pruden-

101 2537 176 2605 tibus
195 2543 371 2623 ambignum
393 2547 500 2607 utrum
528 2543 704 2609 donationis
727 2559 767 2608 an
793 2542 890 2625 legati
912 2541 1013 2608 instar
1033 2559 1102 2608 eam
1124 2540 1202 2625 opti·
1223 2557 1255 2609 rc

100 2675 164 2722 nere
183 2667 344 2741 oporteret
388 2667 512 2727 etcum
534 2662 699 2742 uuiusque
727 2663 880 2743 quaedam
908 2662 1039 2728 baberet
1060 2661 1201 2744 insignia,

101 2775 258 2844 donationis
281 2797 392 2862 nempe
421 2788 454 2846 et
483 2780 595 2862 legati,
624 2780 676 2846 alii
699 2781 825 2860 quidem
848 2779 1024 2860 donationi,
1050 2779 1107 2845 alii
1126 2797 1202 2844 uero

101 2895 189 2977 legato
202 2899 329 2965 similem
346 2917 414 2964 eam
430 2901 584 2967 dicebant
606 2901 687 2968 banc
702 2903 945 2968 controuersiam
969 2900 1116 2965 dirimens
1131 2915 1202 2978 pro-

102 3013 152 3079 diit
171 3019 343 3084 constitutio
364 3019 514 3102 principis
542 3021 658 3097 nostri,
688 3039 769 3103 qnae
798 3021 901 3085 sanxit
929 3037 986 3100 per
1006 3017 1110 3084 omnia
1132 3035 1200 3082 eam

102 3131 158 3198 iera
175 3135 280 3216 legatis
302 3138 530 3204 connumerari.
558 3140 701 3205 uoculam
723 3137 804 3205 iare
826 3138 896 3206 ideo
919 3137 1105 3215 addidimus,
1129 3137 1203 3216 quia
1219 3153 1255 3205 aa

103 3269 120 3314 a
141 3253 255 3321 uiuente
281 3257 313 3323 in
337 3257 496 3323 uiuentem
526 3256 570 3322 lit.
614 3257 765 3341 procedat
785 3257 883 3338 igitur
904 3257 991 3324 iuxta
1012 3273 1093 3338 quae
1115 3271 1203 3337 prae·

104 3367 157 3435 lata
175 3374 242 3440 diua
263 3376 488 3441 constitutione
509 3377 717 3442 continentur.
741 3381 773 3443 et
787 3378 820 3442 in
834 3394 957 3441 summa
977 3375 1087 3440 mortis
1108 3391 1204 3440 cansa

105 3485 210 3558 donatio
231 3500 278 3558 est
299 3511 370 3561 oum
394 3495 493 3576 magis
513 3512 547 3560 se
562 3493 632 3574 quis
647 3494 726 3560 uelit
739 3494 866 3573 babere,
888 3510 982 3576 quarn
997 3511 1067 3559 enm
1083 3491 1134 3558 cni
1149 3492 1203 3558 do-

106 3609 219 3690 muerit,
234 3612 394 3694 magisque
410 3629 476 3676 rem
492 3630 563 3679 enm
580 3613 730 3695 consequi
744 3613 832 3691 uelit,
847 3613 897 3679 cui
913 3611 1086 3692 donauerit,
1109 3627 1202 3693 quam
