2876 4712
515 407 746 472 -314-

80 612 143 658 cum
166 593 418 671 manumitteret,
449 593 588 660 locutus:
627 595 741 660 »uolo
767 615 837 661 uos
865 594 1014 660 liberos
1042 614 1129 662 esse
1160 597 1192 663 si

78 713 177 778 bunc
199 712 376 778 morbum
402 731 478 778 non
504 712 688 796 fugero«,
713 719 855 781 mortuus
878 719 927 780 est
948 714 1065 780 Titius:
1095 715 1192 781 credi·

78 839 156 899 tores
180 833 343 898 libertates
366 852 516 899 reuocare
542 833 692 899 uolebant
719 834 857 900 dicentes
884 835 1027 900 insuam
1049 836 1193 903 baudem

76 973 124 1020 eas
146 973 217 1020 esse
240 973 419 1020 concessas:
449 954 485 1033 ii,
508 954 563 1036 qui
585 955 769 1020 manumissi
791 953 928 1034 lucrant,
952 956 1012 1022 sibi
1034 957 1117 1022 bona
1139 957 1193 1022 ad-

77 1074 131 1140 dici
154 1074 315 1156 petebant,
337 1073 520 1156 pollicentes
540 1093 609 1140 sese
623 1073 783 1140 indemnes
799 1074 969 1142 creditores
992 1083 1226 1144 seruatnroszo

77 1195 222 1262 audiendi
236 1199 320 1269 sunt
343 1213 414 1260 cum
428 1193 462 1260 id
476 1195 646 1277 postulent
671 1195 816 1278 quamuis
839 1196 1072 1262 constitutionis
1094 1198 1194 1264 uerba

39 1319 59 1371 ⁷·
75 1321 270 1400 praesentem
292 1333 399 1381 casum
421 1333 483 1379 non
506 1315 683 1398 respiciant
723 1319 751 1380 7.
776 1315 855 1382 Cum
877 1335 953 1382 nero
976 1317 1092 1384 multas
1115 1317 1193 1384 diui-

74 1438 175 1503 sioncs
212 1436 244 1501 in
279 1435 338 1502 hac
375 1435 600 1502 constitutione
632 1436 740 1503 deesse
772 1436 988 1503 sanctissimus
1021 1437 1193 1520 imperator

74 1563 180 1623 noster
209 1556 357 1636 uidisset,
388 1556 642 1622 constitutionem
670 1557 744 1621 tulit
770 1575 827 1638 per
855 1576 951 1639 quam
977 1557 1192 1640 plenissimum

74 1677 167 1744 buius
197 1677 402 1744 successionis
431 1677 480 1743 ius
511 1677 626 1743 effecit:
657 1678 736 1744 tales
766 1683 872 1744 autem
901 1678 1070 1744 diuisiones
1098 1677 1192 1767 huius
1212 1687 1244 1738 ιο

75 1799 307 1866 constitutionis
329 1798 429 1866 uerba
451 1797 615 1865 docebunt

78 2415 123 2479 De
144 2412 393 2481 successionibus
421 2412 554 2478 sublatis
582 2431 663 2494 quae
685 2409 802 2477 fiebant
828 2430 884 2494 per
904 2411 1059 2476 bonorum
1086 2409 1193 2476 uendi·

138 2517 254 2582 tionem
277 2519 310 2581 et
332 2533 369 2580 en
391 2521 519 2581 senatus
542 2514 684 2582 consulto
708 2513 889 2580 Claudiano.
934 2513 1058 2580 Titulus
1082 2516 1129 2578 12.

157 2671 237 2736 Ante
260 2669 489 2736 successionem
513 2687 571 2752 per
591 2667 840 2745 uniuersitatem,
863 2685 958 2748 quam
980 2667 1012 2732 in
1035 2665 1192 2732 anteriore

77 2791 166 2856 titulo
187 2790 403 2873 exposuimus,
431 2793 522 2854 erant
543 2792 577 2853 et
598 2787 661 2853 alia
686 2787 898 2853 successiones
926 2806 983 2868 per
1004 2785 1192 2852 uniuersita-

77 2915 147 2990 tem,
170 2911 268 2978 ueluti
290 2911 445 2975 bonorum
467 2908 630 2992 cmptio¹),
661 2908 797 2990 quaein
826 2907 914 2972 bonis
937 2905 1087 2972 debitoris
1117 2925 1192 2971 uen-

78 3029 183 3096 dendis
197 3015 384 3112 permultas
405 3028 552 3110 ambages
568 3028 747 3109 multosque
762 3026 911 3093 circuitus
934 3024 1037 3104 fiebat,
1062 3031 1094 3092 ct
1116 3031 1192 3090 tunc
1212 3034 1242 3084 lo

76 3149 175 3214 locum
196 3148 333 3214 babebat
355 3147 481 3231 quando
496 3146 612 3213 iudicia
626 3146 786 3212 ordinaria
804 3149 903 3224 erant,
927 3145 986 3211 hoc
1000 3151 1050 3212 est
1063 3144 1190 3228 quando

77 3274 245 3335 mnuentus
259 3274 401 3352 tempore
420 3267 585 3333 dumtaxat
605 3265 811 3334 habebantur.
844 3265 883 3331 de
905 3270 1061 3332 conuentu
1084 3269 1190 3330 autem

142 3508 163 3577 ¹)
180 3505 220 3562 Da
238 3507 289 3564 hoc
301 3503 354 3560 'l'bi
371 3503 429 3560 loco
448 3504 481 3561 ct
499 3503 592 3560 Keller
605 3502 767 3562 »Semeleia
784 3502 818 3558 ad
836 3503 873 3558 ll.
892 3501 1024 3558 Tullium«
1046 3503 1068 3568 1,
1079 3501 1189 3556 94-99.
