2876 4712
544 361 776 426 -302-

110 553 229 620 »unde
263 552 464 633 cognati«,
502 552 653 616 bonorum
691 549 801 615 tribuit
828 549 937 613 iisdem
967 545 1217 628 possessionem),

107 679 149 738 set
171 672 263 738 etiem
291 669 322 734 in
346 671 541 736 testamentis
564 671 641 750 legis
662 666 726 734 XII
755 668 931 734 tabularum
960 685 1047 731 error
1074 666 1218 730 emenda·

106 797 161 856 tur.
204 791 334 856 sienim
358 791 428 874 quis
450 793 584 857 moriens
606 791 741 858 alienum
765 800 941 873 postumum
964 789 1108 856 heredem
1132 785 1219 849 iusti·

106 910 211 976 tuisset
233 911 331 993 (nosti
353 919 456 977 autem
472 914 542 993 quis
557 912 677 976 alienus
693 912 734 975 sit
748 918 925 992 postumus:
949 911 1001 992 qui
1018 928 1128 992 nempe
1142 927 1218 973 suus

104 1031 188 1095 heres
211 1029 288 1094 mibi
309 1049 369 1095 non
393 1031 559 1114 gignitur),
588 1039 619 1096 et
641 1031 667 1095 is
690 1039 783 1095 natus
807 1039 904 1107 esset,
933 1029 1015 1112 quod
1043 1029 1082 1093 ed
1106 1029 1154 1093 ius
1177 1029 1218 1092 ci·
1251 1028 1268 1078 ὅ

103 1149 161 1215 uile
182 1149 270 1217 adire
292 1150 497 1218 hereditatem
521 1152 679 1235 nequibat,
702 1153 869 1233 respuebat
895 1151 975 1216 eniru
999 1147 1151 1215 eiusmodi
1173 1147 1219 1211 in·

103 1272 291 1335 stitutionem
314 1271 363 1335 ius
385 1271 494 1344 ciuile;
516 1280 643 1354 praetor
665 1280 768 1335 tumen
792 1270 961 1336 secundum
978 1268 1101 1335 tabulas
1125 1269 1217 1333 bono·

102 1409 166 1456 rnm
181 1390 407 1472 possessionem
423 1391 453 1456 ei
472 1391 669 1468 concedebat,
693 1391 905 1470 bonorumque
921 1405 1130 1470 possessorem
1147 1405 1217 1453 eum

103 1511 317 1576 constituebat
354 1518 403 1576 set
425 1530 461 1576 ex
481 1511 683 1578 sacratissimi
704 1509 855 1592 Principis
877 1509 977 1575 nostri
998 1509 1218 1575 constitutione

103 1631 249 1696 eiusmodi
272 1639 434 1712 postumus
449 1637 534 1696 recte
556 1631 646 1697 heres
663 1631 845 1706 instituitur,
868 1637 1017 1712 tanquam
1041 1627 1101 1693 iuri
1124 1628 1217 1692 etiam
1239 1639 1270 1691 10

102 1751 183 1815 ciuili
202 1761 305 1816 notus.
349 1750 515 1832 aliquando
537 1761 640 1816 tamen
657 1759 789 1832 ¹praetor
816 1770 876 1844 uon
901 1751 991 1816 modo
1021 1749 1148 1830 corrigit
1171 1752 1218 1813 set

103 1870 192 1934 etiam
215 1871 378 1952 impugnet
398 1871 448 1936 ius
471 1870 571 1950 ciuile,
595 1869 709 1948 ueluti,
738 1871 857 1936 utiam
881 1871 1031 1941 diximus,
1060 1869 1087 1933 si
1114 1874 1219 1951 petro·

102 2008 171 2054 num
194 1969 394 2074 praeterierit
415 1993 445 2055 iu
470 1997 657 2057 testamento
679 1991 820 2057 libertus.
865 1991 914 2056 lex
937 1991 1017 2057 enim
1041 1987 1108 2052 XII
1130 1988 1218 2054 tabu·

103 2111 199 2174 lerum
223 2116 354 2190 petrono
376 2093 543 2177 ad'liberti
565 2111 648 2177 bona
669 2112 787 2177 aditum
815 2129 876 2176 non
904 2111 1013 2188 debet,
1041 2114 1151 2189 utpote
1174 2114 1219 2172 te·

103 2231 247 2295 sumenti
270 2228 404 2297 factione
426 2233 564 2312 repulso:
594 2236 721 2313 praetor
748 2239 852 2296 autem
880 2235 990 2296 eontra
1017 2226 1141 2294 tabulas
1164 2228 1218 2292 bo·
1239 2235 1269 2287 to

102 2368 209 2415 norum
237 2351 463 2430 possessionem
490 2352 687 2433 excogitauit
738 2369 809 2417 ecce
839 2350 888 2416 bic
917 2351 1070 2415 aduersus
1106 2343 1217 2412 tendit.

67 2490 85 2540 1.
105 2473 129 2533 l.
162 2470 232 2536 Non
248 2479 297 2536 est
318 2477 422 2536 autem
439 2470 573 2538 difficilis
589 2491 689 2555 neque
704 2473 915 2538 contentiosus
930 2477 1069 2552 praetor:
1093 2468 1218 2550 quando

102 2591 179 2656 enim
201 2591 312 2656 uident
333 2592 382 2657 ius
404 2593 495 2659 ciuile
516 2591 721 2674 comprobari,
745 2599 818 2658 tunc
841 2610 942 2674 neque
963 2588 1145 2656 emendandi
1168 2605 1220 2651 ue-

102 2727 159 2790 qne
191 2711 411 2793 impugnandi,
444 2719 494 2778 set
524 2715 629 2796 potius
664 2711 864 2779 confirmandi
894 2710 972 2776 iuris
995 2708 1094 2776 ciuilis
1115 2706 1220 2790 gratie

101 2833 235 2898 edictum
257 2849 348 2897 suum
370 2833 523 2915 proponit
558 2833 676 2914 siquis
699 2833 790 2909 enim,
812 2837 897 2898 recte
919 2832 1000 2896 fecto
1022 2833 1219 2900 testamento,
1237 2845 1271 2898 ao

101 2950 189 3016 heres
211 2953 376 3018 institutus
397 2955 447 3032 sit,
471 2971 532 3018 noo
554 2961 676 3018 tantum
700 2953 767 3018 iure
789 2951 874 3018 ciuili
903 2951 1108 3016 hereditatem
1131 2948 1218 3012 adire

101 3077 211 3152 potest,
235 3078 284 3138 set
306 3075 399 3140 etiam
421 3075 573 3140 bonorum
602 3073 829 3154 possessionem
863 3072 1073 3138 secundum
1103 3069 1218 3136 tabu·

101 3192 159 3257 las
178 3199 306 3275 praetor
328 3193 356 3258 ei
379 3191 551 3274 pollicetur.
585 3199 681 3274 atque
702 3192 754 3258 illo
776 3191 900 3274 quidem
923 3192 1014 3258 modo
1037 3192 1137 3268 heres,
1161 3190 1219 3256 hoc

102 3320 204 3378 eutem
227 3311 378 3380 bonorum
401 3331 562 3397 possessor
584 3313 796 3380 constituitur.
817 3313 893 3379 item
917 3313 957 3379 eb
979 3312 1129 3378 intestato
1145 3328 1220 3392 quo·

101 3449 162 3512 que
184 3433 363 3500 concordet:
385 3433 436 3498 ius
459 3434 540 3498 enim
562 3433 655 3500 ciuile
677 3451 751 3500 suos
773 3432 905 3498 heredes
930 3433 1144 3514 adgnatosque
1166 3449 1221 3496 uo·
1237 3435 1270 3488 at

102 3557 162 3632 cat,
183 3551 290 3635 illique
312 3559 348 3618 ut
369 3553 499 3620 heredes
515 3554 659 3632 existant,
682 3553 714 3618 bi
735 3573 810 3620 uero
825 3560 862 3619 ut
875 3554 991 3618 adeant
1006 3549 1116 3642 efficit:
1132 3568 1221 3632 pree·
