2884 4728
517 371 556 378 -
605 337 756 398 404-

81 530 156 575 uero
182 511 287 593 palam
312 517 372 574 est:
402 511 482 574 sicut
511 529 549 574 ex
577 511 676 593 primo
706 511 809 593 capite
838 511 883 574 ita
911 510 1035 573 demum
1063 509 1194 588 quisque

78 635 151 716 lege
186 635 304 714 aquilia
335 640 471 716 tenetur,
506 635 534 698 si
564 635 636 700 dolo
664 641 719 698 aut
746 635 839 718 culpa
870 635 1006 698 alienum
1038 633 1195 697 hominem

77 779 219 842 pecusue
243 759 401 840 occiderit,
425 759 470 823 ita
493 780 531 822 ex
549 760 640 824 tertio
657 761 761 843 capite
778 779 818 824 ex
838 760 910 823 dolo
928 767 982 823 aut
998 759 1092 842 culpa
1116 779 1195 839 eum,

78 885 133 964 qui
162 885 309 948 damnum
338 883 473 965 dederit,
501 885 610 948 teneri.
660 885 692 948 in
719 885 779 949 hoc
806 885 903 966 igitur
929 890 1060 964 utraque
1090 884 1195 967 capita

76 1009 278 1074 conueniunt.
324 1009 356 1072 in
384 1029 421 1073 eo
450 1010 544 1092 plane
573 1009 731 1090 differunt,
760 1009 845 1090 quod
871 1009 1004 1092 primum
1033 1017 1127 1091 caput
1155 1009 1194 1072 de
1233 1022 1247 1072 0

75 1135 205 1198 homine
235 1135 396 1218 pecudeae
429 1135 542 1200 occisis
570 1135 720 1214 loquitur,
750 1135 874 1198 tertium
904 1139 1007 1198 autem
1037 1138 1082 1212 (111
1110 1135 1193 1215 olim,

75 1279 160 1323 nunc
185 1278 260 1322 uero
285 1259 468 1343 secundum)
489 1260 528 1324 de
544 1260 657 1324 ceteris
681 1259 804 1322 damnis
821 1258 936 1322 adlatis
953 1263 1137 1340 pertractat;
1162 1259 1195 1321 in

74 1403 113 1447 eo
140 1403 266 1465 quoque
290 1385 446 1462 differunt,
471 1385 555 1465 quod
571 1405 609 1448 ex
626 1385 726 1468 primo
751 1384 854 1466 capite
879 1384 987 1463 quanti
1003 1384 1034 1447 in
1056 1403 1094 1447 eo
1111 1403 1193 1446 anuo

73 1527 127 1572 res
159 1508 286 1590 plurimi
317 1509 411 1572 fuerit
439 1510 535 1572 index
564 1510 731 1573 aestimare
763 1509 871 1588 debet,
901 1527 940 1572 ex
968 1508 1060 1571 tertio
1090 1516 1194 1576 autem

27 1645 63 1695 15.
74 1633 188 1714 quanti
227 1633 258 1696 in
300 1633 430 1716 triginta
472 1633 582 1698 diebus
626 1634 784 1717 proximie
841 1638 888 1698 15.
916 1633 1053 1696 Verbum
1090 1638 1248 1696 autemid

74 1757 233 1840 ›plurimi‹
258 1757 342 1840 quod
366 1759 430 1822 illic
451 1758 598 1840 adicitur,
622 1759 672 1823 hic
695 1758 968 1842 praetermittitur,
993 1766 1027 1821 111
1051 1757 1195 1821 uideatur

74 1883 211 1946 liberum
236 1903 306 1948 esse
330 1883 426 1947 iudici
447 1891 549 1948 utrum
572 1883 613 1948 ad
638 1904 708 1947 eum
729 1884 810 1947 diem
835 1903 874 1946 ex
897 1883 1027 1965 triginta
1043 1882 1193 1965 proximis

73 2008 212 2090 pretium
232 2008 344 2072 referri
360 2008 446 2088 uelit,
467 2028 527 2088 quo
543 2028 594 2072 res
611 2008 730 2071 minimi
745 2007 841 2071 fuerit
857 2014 887 2072 et
903 2008 948 2071 ita
963 2028 1016 2071 reo
1034 2007 1192 2090 opitulari,

73 2153 116 2195 an
142 2131 186 2194 ad
209 2132 306 2208 illum,
332 2152 393 2212 quo
415 2152 467 2196 res
491 2132 620 2196 maximi
643 2133 745 2213 fuerit,
769 2137 800 2196 et
816 2133 860 2195 ita
877 2132 977 2196 actori
993 2132 1109 2196 fauere.
1145 2139 1193 2196 set

74 2256 253 2320 rectissime
277 2257 413 2356 Sabinus
438 2257 482 2320 ait
497 2256 626 2339 perinde
644 2257 821 2321 habendam
842 2256 1101 2336 aestimationem,
1126 2258 1192 2320 acsi
1213 2264 1245 2315 15

73 2383 172 2445 etiarn
198 2382 257 2446 hac
281 2387 370 2464 parte
389 2381 540 2464 »plurimi«
558 2383 688 2445 uerbum
705 2387 789 2445 esset
804 2381 968 2444 adiectum.
1003 2355 1094 2464 plebs
1111 2381 1193 2444 enim

72 2527 223 2587 romana,
256 2526 325 2570 cum
357 2515 498 2589 tempore
532 2507 736 2571 dissensionis
766 2506 848 2570 inter
875 2506 1000 2589 plebem
1028 2513 1059 2569 et
1086 2513 1193 2589 patres

73 2631 221 2711 Aquilius
258 2631 338 2694 hanc
373 2631 475 2713 legem
509 2639 650 2713 rogaret,
687 2637 835 2695 contenta
866 2631 938 2712 fuit,
975 2630 1057 2710 quod
1091 2631 1193 2712 prima

24 2765 62 2815 16.
73 2762 167 2838 parte
203 2754 235 2818 id
269 2756 399 2818 uerbum
428 2755 580 2837 »plurimi«
610 2756 745 2838 positum
773 2763 865 2818 esset.
923 2759 972 2821 16.
996 2755 1193 2819 Generaliter

74 2885 183 2943 autem
219 2879 427 2943 definiendum
462 2887 510 2943 est
540 2880 664 2962 quando
689 2879 811 2943 directa
835 2879 915 2962 legis
944 2879 1081 2959 aquiliae
1111 2880 1246 2945 0011020

74 3011 252 3086 competat,
277 3005 402 3084 quando
427 3023 502 3068 uero
528 3005 620 3068 utilis.
667 3013 698 3069 et
721 3012 793 3068 ante
824 3004 929 3068 omnia
956 3005 1117 3068 sciendum
1145 3013 1193 3068 est

74 3151 116 3194 01
152 3130 224 3212 lege
260 3129 416 3193 actionem
445 3149 528 3210 esse,
558 3131 585 3193 si
613 3130 738 3213 corpori
766 3129 912 3193 damnum
942 3129 1040 3193 detur.
1090 3137 1139 3193 set
1166 3130 1193 3192 si

75 3253 202 3334 quidem
240 3274 371 3336 corpore
404 3254 550 3318 damnum
584 3254 689 3318 datum
724 3262 772 3318 est
806 3255 898 3338 (forte
931 3255 1013 3318 euim
1048 3255 1191 3319 manibus

74 3378 179 3459 nudis,
215 3385 271 3443 aut
297 3379 384 3461 ligno
412 3386 467 3444 aut
493 3379 613 3463 lapide,
648 3387 702 3443 aut
736 3380 799 3443 alio
830 3380 953 3444 demum
988 3379 1191 3443 instrumento

75 3504 256 3586 percutiens
285 3504 390 3584 occisi,
416 3511 470 3568 aut
492 3504 678 3587 uulnerauit,
703 3505 823 3568 11110010
847 3503 927 3585 legis
954 3503 1091 3582 aquiliae
1108 3503 1190 3566 actio
1211 3517 1244 3568 25

76 3635 244 3712 competet.
290 3629 318 3693 si
341 3649 415 3694 uero
440 3629 563 3712 corpori
587 3629 711 3710 quidem
736 3629 882 3692 damnum
907 3629 1013 3692 datum
1038 3633 1098 3709 est,
1128 3646 1190 3690 non
