2898 4712
522 301 668 366 -235
715 339 753 350 -

86 497 130 554 tas
151 489 284 570 spectari
307 487 429 567 debeat,
453 493 559 553 utrum
589 489 699 554 mortis
727 493 868 571 tempore
895 509 935 554 an
965 489 1121 554 editionis.
1166 494 1198 555 et

85 607 177 688 magis
199 607 315 689 placuit
336 625 406 672 eam
429 607 590 672 testatoris
613 608 722 672 mortis
746 612 885 689 tempore
913 611 1064 690 spectari:
1092 611 1198 691 itaque

84 727 239 807 usquead
273 725 441 791 aditionem
476 726 502 790 si
536 727 611 808 quid
639 726 745 792 damni
784 727 934 794 acciderit
961 747 1131 812 rerumque
1154 727 1200 792 di·

84 844 208 912 minutio
230 847 297 910 siue
319 853 413 911 aucta
434 845 498 910 sint
521 847 612 925 bona,
633 845 666 910 id
690 847 850 928 legatariis
873 850 955 930 qnod
978 849 1019 913 ad
1042 847 1199 913 falcidiam

84 984 177 1046 neque
206 967 331 1032 nocebit
358 984 459 1047 neque
485 967 641 1050 proderit;
676 974 726 1032 set
760 971 942 1048 utriusque,
977 967 1200 1034 deminutionis
1232 977 1250 1028 o

85 1105 186 1167 nempe
209 1094 242 1151 et
264 1086 455 1163 incrementi,
478 1086 607 1152 effeetus
629 1087 720 1152 heres
748 1087 872 1152 sentiet
922 1093 960 1152 ut
988 1106 1075 1153 ecce:
1106 1087 1200 1151 hahe-

87 1206 134 1268 hat
153 1203 226 1288 quis
251 1203 276 1270 O
298 1221 463 1272 aureorum
492 1207 731 1288 patrimonium
762 1205 786 1271 G
816 1205 949 1287 legauit:
979 1206 1080 1289 liquet
1108 1223 1200 1288 posse

86 1327 224 1390 heredem
254 1344 292 1390 ex
322 1325 389 1405 lege
418 1323 544 1398 falcidia
573 1325 661 1390 XXV
692 1341 806 1391 aureos
836 1327 988 1402 retinere,
1018 1326 1101 1390 idest
1128 1345 1201 1409 qna·

86 1446 231 1510 drentem.
281 1445 379 1510 dilata
405 1445 559 1522 aditione,
586 1445 738 1526 quaedam
769 1465 825 1526 per
854 1464 963 1511 seruos
992 1445 1200 1510 hereditarios

86 1563 248 1628 hereditati
270 1575 344 1629 sunt
365 1565 524 1644 quaesita3
548 1564 600 1630 nel
622 1567 702 1629 enim
726 1585 762 1628 ex
793 1571 885 1646 partu
916 1563 1118 1642 ancillarum,
1148 1565 1200 1630 nel
1220 1583 1252 1635 ιο

88 1703 120 1746 er
146 1684 211 1748 fetu
240 1686 394 1764 pecudum
422 1693 544 1749 tantum
571 1686 706 1750 adcessit
728 1685 911 1783 hereditati,
941 1691 977 1750 ut
1003 1685 1095 1750 heres
1125 1701 1202 1765 qna-

88 1804 223 1868 drantem
246 1805 305 1868 sihi
320 1805 436 1869 hahere
459 1803 567 1885 possit,
591 1823 691 1886 neque
714 1804 840 1870 falcidia
861 1823 939 1886 opus
962 1805 1012 1868 sit.
1058 1809 1107 1870 set
1130 1822 1201 1870 cum

89 1921 234 2003 placuerit
258 1926 366 1988 mortis
396 1932 519 2002 tempus
547 1942 616 1990 esse
644 1925 864 2004 spectandum,
893 1932 967 1990 tnnc
997 1932 1102 1990 autem
1125 1931 1202 1992 tem-

89 2043 164 2122 poris
189 2043 316 2108 falcidia
337 2061 416 2124 opus
440 2040 550 2120 fuerit,
578 2043 660 2124 qnod
688 2044 813 2107 interim
841 2044 973 2108 accessit
1000 2043 1109 2110 heredi
1130 2065 1202 2127 pro-

90 2162 175 2226 derit:
200 2163 265 2244 ipse
288 2164 368 2227 enim
391 2162 591 2227 nihilominus
613 2160 798 2242 quartamO
820 2182 986 2228 aureorum
1009 2171 1130 2246 partem
1153 2183 1201 2230 re·
1220 2187 1252 2238 ra

90 2281 202 2360 tinebit,
225 2288 257 2347 et
279 2290 383 2346 cetera
407 2301 487 2364 qnae
510 2289 708 2348 accesserunt
732 2282 817 2347 lucro
840 2282 977 2348 habebit.
1015 2304 1053 2348 ex
1075 2284 1200 2349 diuerso

91 2399 118 2464 id
137 2421 259 2484 quoqne
292 2402 504 2482 dispiciamus:
538 2421 606 2467 cum
636 2402 707 2485 quis
735 2400 759 2466 (l
787 2420 954 2468 aureorum
981 2403 1200 2484 patrimonium

90 2521 219 2600 haberet,
241 2520 356 2588 Lxxv
378 2523 509 2603 legauit:
540 2528 627 2602 patet
656 2541 715 2587 non
739 2529 885 2604 oportere
907 2541 943 2586 ex
966 2521 1092 2587 falcidia
1113 2522 1199 2587 here-

92 2641 151 2704 dem
174 2649 316 2722 qnartam
338 2649 459 2723 partem
482 2641 627 2719 retinere,
651 2660 719 2708 cum
743 2659 810 2706 eam
834 2658 870 2705 ex
902 2640 1064 2706 uoluntate
1086 2642 1202 2705 habeat

93 2765 250 2826 testatoris.
295 2768 365 2842 post
388 2761 480 2826 huius
509 2769 614 2825 autem
643 2769 772 2824 mortem
801 2767 874 2824 ante
901 2760 1018 2824 aditam
1047 2759 1202 2826 heredita·
1217 2775 1253 2827 ao

94 2887 146 2942 tam
168 2883 258 2945 aedos
280 2880 490 2946 hereditariae
511 2879 655 2954 incendio
678 2883 862 2961 absumptae
885 2887 975 2957 sunt,
998 2887 1053 2944 aut
1076 2881 1201 2945 naufra-

94 3001 136 3076 gio
157 3020 205 3066 res
228 3001 436 3066 hereditariae
464 3003 627 3084 perierunt
654 3010 708 3066 aut
737 3004 844 3068 serni
874 3000 1056 3068 hereditarii
1086 3003 1201 3065 mortni
