<?xml version="1.0" encoding="UTF-8"?>
<!DOCTYPE html PUBLIC "-//W3C//DTD XHTML 1.0 Transitional//EN"
    "http://www.w3.org/TR/xhtml1/DTD/xhtml1-transitional.dtd">
<html xmlns="http://www.w3.org/1999/xhtml" xml:lang="en" lang="en">
 <head>
  <title>
</title>
<meta http-equiv="Content-Type" content="text/html;charset=utf-8" />
  <meta name='ocr-system' content='tesseract 3.04.00' />
  <meta name='ocr-capabilities' content='ocr_page ocr_carea ocr_par ocr_line ocrx_word'/>
</head>
<body>
  <div class='ocr_page' id='page_1' title='image "./institutionumgr02linggoog_0398.png"; bbox 0 0 2926 4708; ppageno 0'>
   <div class='ocr_carea' id='block_1_1' title="bbox 517 352 750 419">
    <p class='ocr_par' dir='ltr' id='par_1_1' title="bbox 517 352 750 419">
     <span class='ocr_line' id='line_1_1' title="bbox 517 352 750 419; baseline 0.009 -19"><span class='ocrx_word' id='word_1_1' title='bbox 517 352 750 419; x_wconf 73' lang='lat'>„132-</span> 
     </span>
    </p>
   </div>
   <div class='ocr_carea' id='block_1_2' title="bbox 56 539 1250 3602">
    <p class='ocr_par' dir='ltr' id='par_1_2' title="bbox 56 539 1250 3602">
     <span class='ocr_line' id='line_1_2' title="bbox 91 539 1197 622; baseline 0.003 -16"><span class='ocrx_word' id='word_1_2' title='bbox 91 541 139 606; x_wconf 88' lang='lat' dir='ltr'>cim</span> <span class='ocrx_word' id='word_1_3' title='bbox 159 539 242 606; x_wconf 85' lang='lat' dir='ltr'>euim</span> <span class='ocrx_word' id='word_1_4' title='bbox 262 541 375 608; x_wconf 71' lang='lat' dir='ltr'>unum</span> <span class='ocrx_word' id='word_1_5' title='bbox 397 539 563 607; x_wconf 77' lang='lat' dir='ltr'>remmom</span> <span class='ocrx_word' id='word_1_6' title='bbox 585 554 622 606; x_wconf 81' lang='lat' dir='ltr'>er</span> <span class='ocrx_word' id='word_1_7' title='bbox 652 547 739 606; x_wconf 86' lang='lat' dir='ltr'>certa</span> <span class='ocrx_word' id='word_1_8' title='bbox 766 543 857 622; x_wconf 78' lang='lat' dir='ltr'>parte</span> <span class='ocrx_word' id='word_1_9' title='bbox 884 541 1039 606; x_wconf 84' lang='lat' dir='ltr'>institutis</span> <span class='ocrx_word' id='word_1_10' title='bbox 1070 541 1197 610; x_wconf 88' lang='lat' dir='ltr'>relictae</span> 
     </span>
     <span class='ocr_line' id='line_1_3' title="bbox 90 659 1197 744; baseline 0.004 -20"><span class='ocrx_word' id='word_1_11' title='bbox 90 669 159 724; x_wconf 78' lang='lat' dir='ltr'>snat</span> <span class='ocrx_word' id='word_1_12' title='bbox 204 661 287 725; x_wconf 89' lang='lat' dir='ltr'>idem</span> <span class='ocrx_word' id='word_1_13' title='bbox 310 665 359 727; x_wconf 84' lang='lat' dir='ltr'>est</span> <span class='ocrx_word' id='word_1_14' title='bbox 381 659 476 726; x_wconf 82' lang='lat' dir='ltr'>otiam</span> <span class='ocrx_word' id='word_1_15' title='bbox 499 661 526 724; x_wconf 85' lang='lat' dir='ltr'>si</span> <span class='ocrx_word' id='word_1_16' title='bbox 548 661 579 726; x_wconf 92' lang='lat' dir='ltr'>in</span> <span class='ocrx_word' id='word_1_17' title='bbox 602 667 667 724; x_wconf 90' lang='lat' dir='ltr'>tres</span> <span class='ocrx_word' id='word_1_18' title='bbox 689 659 870 742; x_wconf 82' lang='lat' dir='ltr'>dipondium</span> <span class='ocrx_word' id='word_1_19' title='bbox 893 661 1137 744; x_wconf 82' lang='lat' dir='ltr'>consumpserim</span> <span class='ocrx_word' id='word_1_20' title='bbox 1160 679 1197 728; x_wconf 85' lang='lat' dir='ltr'>cc</span> 
     </span>
     <span class='ocr_line' id='line_1_4' title="bbox 91 777 1196 862; baseline 0.003 -19"><span class='ocrx_word' id='word_1_21' title='bbox 91 781 188 844; x_wconf 88' lang='lat' dir='ltr'>deiude</span> <span class='ocrx_word' id='word_1_22' title='bbox 216 780 371 860; x_wconf 80' lang='lat' dir='ltr'>quendam</span> <span class='ocrx_word' id='word_1_23' title='bbox 399 779 467 844; x_wconf 89' lang='lat' dir='ltr'>siue</span> <span class='ocrx_word' id='word_1_24' title='bbox 499 787 590 862; x_wconf 87' lang='lat' dir='ltr'>parte</span> <span class='ocrx_word' id='word_1_25' title='bbox 622 777 807 845; x_wconf 70' lang='lat' dir='ltr'>addiderim.</span> <span class='ocrx_word' id='word_1_26' title='bbox 863 798 934 846; x_wconf 88' lang='lat' dir='ltr'>nam</span> <span class='ocrx_word' id='word_1_27' title='bbox 967 797 1068 848; x_wconf 83' lang='lat' dir='ltr'>assem</span> <span class='ocrx_word' id='word_1_28' title='bbox 1101 799 1196 846; x_wconf 88' lang='lat' dir='ltr'>unum</span> 
     </span>
     <span class='ocr_line' id='line_1_5' title="bbox 91 893 1197 976; baseline 0.004 -14"><span class='ocrx_word' id='word_1_29' title='bbox 91 897 140 966; x_wconf 87' lang='lat' dir='ltr'><strong>sibi</strong></span> <span class='ocrx_word' id='word_1_30' title='bbox 159 899 303 976; x_wconf 72' lang='lat' dir='ltr'>hebebit,</span> <span class='ocrx_word' id='word_1_31' title='bbox 332 899 374 964; x_wconf 91' lang='lat' dir='ltr'>ita</span> <span class='ocrx_word' id='word_1_32' title='bbox 403 909 438 964; x_wconf 89' lang='lat' dir='ltr'>ut</span> <span class='ocrx_word' id='word_1_33' title='bbox 465 899 497 964; x_wconf 90' lang='lat' dir='ltr'>iu</span> <span class='ocrx_word' id='word_1_34' title='bbox 519 893 653 964; x_wconf 75' lang='lat' dir='ltr'>XXXVl</span> <span class='ocrx_word' id='word_1_35' title='bbox 682 900 789 964; x_wconf 82' lang='lat' dir='ltr'>uncins</span> <span class='ocrx_word' id='word_1_36' title='bbox 819 905 886 966; x_wconf 89' lang='lat' dir='ltr'>tota</span> <span class='ocrx_word' id='word_1_37' title='bbox 913 899 1088 966; x_wconf 73' lang='lat' dir='ltr'>deducatur</span> <span class='ocrx_word' id='word_1_38' title='bbox 1109 899 1197 966; x_wconf 86' lang='lat' dir='ltr'>here·</span> 
     </span>
     <span class='ocr_line' id='line_1_6' title="bbox 92 1015 1250 1101; baseline 0 -17"><span class='ocrx_word' id='word_1_39' title='bbox 92 1019 171 1094; x_wconf 84' lang='lat' dir='ltr'>ditas,</span> <span class='ocrx_word' id='word_1_40' title='bbox 193 1025 289 1101; x_wconf 85' lang='lat' dir='ltr'>atque</span> <span class='ocrx_word' id='word_1_41' title='bbox 303 1015 428 1084; x_wconf 85' lang='lat' dir='ltr'>XXIIII</span> <span class='ocrx_word' id='word_1_42' title='bbox 442 1036 499 1083; x_wconf 84' lang='lat' dir='ltr'>sou</span> <span class='ocrx_word' id='word_1_43' title='bbox 514 1017 651 1084; x_wconf 75' lang='lat' dir='ltr'>XXXVI</span> <span class='ocrx_word' id='word_1_44' title='bbox 667 1019 778 1086; x_wconf 81' lang='lat' dir='ltr'>eucine</span> <span class='ocrx_word' id='word_1_45' title='bbox 800 1036 895 1084; x_wconf 88' lang='lat' dir='ltr'>unum</span> <span class='ocrx_word' id='word_1_46' title='bbox 918 1018 1064 1100; x_wconf 78' lang='lat' dir='ltr'>expleant</span> <span class='ocrx_word' id='word_1_47' title='bbox 1085 1029 1196 1084; x_wconf 79' lang='lat' dir='ltr'>assem.</span> <span class='ocrx_word' id='word_1_48' title='bbox 1230 1023 1250 1070; x_wconf 74' lang='lat'><em>⁶</em></span> 
     </span>
     <span class='ocr_line' id='line_1_7' title="bbox 59 1135 1195 1219; baseline 0.004 -24"><span class='ocrx_word' id='word_1_49' title='bbox 59 1147 76 1195; x_wconf 85' lang='lat' dir='ltr'>a.</span> <span class='ocrx_word' id='word_1_50' title='bbox 91 1138 113 1199; x_wconf 80' lang='lat'>9.</span> <span class='ocrx_word' id='word_1_51' title='bbox 141 1135 294 1203; x_wconf 65' lang='lat' dir='ltr'>lkemern</span> <span class='ocrx_word' id='word_1_52' title='bbox 325 1145 356 1202; x_wconf 86' lang='lat' dir='ltr'>et</span> <span class='ocrx_word' id='word_1_53' title='bbox 388 1153 466 1218; x_wconf 89' lang='lat' dir='ltr'>pnre</span> <span class='ocrx_word' id='word_1_54' title='bbox 501 1143 534 1200; x_wconf 91' lang='lat' dir='ltr'>et</span> <span class='ocrx_word' id='word_1_55' title='bbox 563 1137 622 1202; x_wconf 83' lang='lat' dir='ltr'>sub</span> <span class='ocrx_word' id='word_1_56' title='bbox 655 1137 834 1203; x_wconf 87' lang='lat' dir='ltr'>condicione</span> <span class='ocrx_word' id='word_1_57' title='bbox 864 1136 1030 1204; x_wconf 72' lang='lat' dir='ltr'>instituere</span> <span class='ocrx_word' id='word_1_58' title='bbox 1059 1148 1195 1219; x_wconf 70' lang='lat' dir='ltr'>possm</span> 
     </span>
     <span class='ocr_line' id='line_1_8' title="bbox 91 1253 1197 1337; baseline -0.003 -15"><span class='ocrx_word' id='word_1_59' title='bbox 91 1271 154 1334; x_wconf 84' lang='lat' dir='ltr'>pure</span> <span class='ocrx_word' id='word_1_60' title='bbox 177 1255 301 1337; x_wconf 89' lang='lat' dir='ltr'>quidem</span> <span class='ocrx_word' id='word_1_61' title='bbox 325 1253 383 1318; x_wconf 87' lang='lat' dir='ltr'>hoc</span> <span class='ocrx_word' id='word_1_62' title='bbox 405 1257 513 1320; x_wconf 88' lang='lat' dir='ltr'>modo:</span> <span class='ocrx_word' id='word_1_63' title='bbox 536 1255 604 1320; x_wconf 89' lang='lat' dir='ltr'>ille</span> <span class='ocrx_word' id='word_1_64' title='bbox 627 1255 720 1319; x_wconf 87' lang='lat' dir='ltr'>mihi</span> <span class='ocrx_word' id='word_1_65' title='bbox 744 1257 865 1321; x_wconf 84' lang='lat' dir='ltr'>heres·</span> <span class='ocrx_word' id='word_1_66' title='bbox 883 1264 983 1335; x_wconf 89' lang='lat' dir='ltr'>esto;</span> <span class='ocrx_word' id='word_1_67' title='bbox 1011 1257 1070 1322; x_wconf 89' lang='lat' dir='ltr'>snb</span> <span class='ocrx_word' id='word_1_68' title='bbox 1093 1255 1197 1321; x_wconf 90' lang='lat' dir='ltr'>condi·</span> 
     </span>
     <span class='ocr_line' id='line_1_9' title="bbox 91 1373 1197 1451; baseline 0.002 -14"><span class='ocrx_word' id='word_1_69' title='bbox 91 1374 166 1439; x_wconf 79' lang='lat' dir='ltr'>sione</span> <span class='ocrx_word' id='word_1_70' title='bbox 191 1381 309 1439; x_wconf 82' lang='lat' dir='ltr'>aulem:</span> <span class='ocrx_word' id='word_1_71' title='bbox 338 1373 407 1438; x_wconf 88' lang='lat' dir='ltr'>illc</span> <span class='ocrx_word' id='word_1_72' title='bbox 436 1373 528 1438; x_wconf 88' lang='lat' dir='ltr'>mihi</span> <span class='ocrx_word' id='word_1_73' title='bbox 559 1375 674 1439; x_wconf 85' lang='lat' dir='ltr'>heres</span> <span class='ocrx_word' id='word_1_74' title='bbox 703 1380 806 1451; x_wconf 84' lang='lat' dir='ltr'>esto,</span> <span class='ocrx_word' id='word_1_75' title='bbox 838 1373 873 1439; x_wconf 91' lang='lat' dir='ltr'>si</span> <span class='ocrx_word' id='word_1_76' title='bbox 901 1377 1015 1440; x_wconf 89' lang='lat' dir='ltr'>nauis</span> <span class='ocrx_word' id='word_1_77' title='bbox 1038 1393 1082 1440; x_wconf 87' lang='lat' dir='ltr'>ex</span> <span class='ocrx_word' id='word_1_78' title='bbox 1105 1374 1197 1440; x_wconf 83' lang='lat' dir='ltr'>Asia</span> 
     </span>
     <span class='ocr_line' id='line_1_10' title="bbox 91 1492 1197 1576; baseline 0.002 -20"><span class='ocrx_word' id='word_1_79' title='bbox 91 1495 241 1558; x_wconf 82' lang='lat' dir='ltr'>uenerit</span> <span class='ocrx_word' id='word_1_80' title='bbox 271 1512 308 1557; x_wconf 88' lang='lat' dir='ltr'>ex</span> <span class='ocrx_word' id='word_1_81' title='bbox 332 1501 417 1558; x_wconf 86' lang='lat' dir='ltr'>certo</span> <span class='ocrx_word' id='word_1_82' title='bbox 440 1499 580 1573; x_wconf 86' lang='lat' dir='ltr'>tempore</span> <span class='ocrx_word' id='word_1_83' title='bbox 602 1492 653 1558; x_wconf 87' lang='lat' dir='ltr'>uel</span> <span class='ocrx_word' id='word_1_84' title='bbox 675 1495 716 1558; x_wconf 85' lang='lat' dir='ltr'>cd</span> <span class='ocrx_word' id='word_1_85' title='bbox 738 1501 858 1559; x_wconf 88' lang='lat' dir='ltr'>certum</span> <span class='ocrx_word' id='word_1_86' title='bbox 881 1499 1005 1576; x_wconf 88' lang='lat' dir='ltr'>tempos</span> <span class='ocrx_word' id='word_1_87' title='bbox 1028 1511 1088 1560; x_wconf 87' lang='lat' dir='ltr'>non</span> <span class='ocrx_word' id='word_1_88' title='bbox 1111 1499 1197 1560; x_wconf 86' lang='lat' dir='ltr'>recte</span> 
     </span>
     <span class='ocr_line' id='line_1_11' title="bbox 91 1610 1248 1694; baseline -0.005 -18"><span class='ocrx_word' id='word_1_89' title='bbox 91 1613 149 1690; x_wconf 90' lang='lat' dir='ltr'>quis</span> <span class='ocrx_word' id='word_1_90' title='bbox 170 1612 259 1676; x_wconf 87' lang='lat' dir='ltr'>heros</span> <span class='ocrx_word' id='word_1_91' title='bbox 283 1610 447 1688; x_wconf 84' lang='lat' dir='ltr'>scribitur,</span> <span class='ocrx_word' id='word_1_92' title='bbox 477 1619 513 1676; x_wconf 90' lang='lat' dir='ltr'>ut</span> <span class='ocrx_word' id='word_1_93' title='bbox 535 1629 620 1678; x_wconf 88' lang='lat' dir='ltr'>ecce:</span> <span class='ocrx_word' id='word_1_94' title='bbox 651 1611 722 1676; x_wconf 88' lang='lat' dir='ltr'>ille</span> <span class='ocrx_word' id='word_1_95' title='bbox 749 1612 842 1677; x_wconf 83' lang='lat' dir='ltr'>milri</span> <span class='ocrx_word' id='word_1_96' title='bbox 865 1612 977 1679; x_wconf 88' lang='lat' dir='ltr'>heres</span> <span class='ocrx_word' id='word_1_97' title='bbox 999 1621 1082 1678; x_wconf 85' lang='lat' dir='ltr'>esto</span> <span class='ocrx_word' id='word_1_98' title='bbox 1105 1619 1196 1694; x_wconf 88' lang='lat' dir='ltr'>post</span> <span class='ocrx_word' id='word_1_99' title='bbox 1217 1622 1248 1671; x_wconf 87' lang='lat' dir='ltr'>ro</span> 
     </span>
     <span class='ocr_line' id='line_1_12' title="bbox 91 1731 1196 1812; baseline 0.002 -17"><span class='ocrx_word' id='word_1_100' title='bbox 91 1733 389 1812; x_wconf 82' lang='lat' dir='ltr'>quinquennium</span> <span class='ocrx_word' id='word_1_101' title='bbox 423 1748 534 1812; x_wconf 89' lang='lat' dir='ltr'>qnam</span> <span class='ocrx_word' id='word_1_102' title='bbox 562 1733 705 1796; x_wconf 86' lang='lat' dir='ltr'>moriar</span> <span class='ocrx_word' id='word_1_103' title='bbox 735 1731 785 1795; x_wconf 90' lang='lat' dir='ltr'>uel</span> <span class='ocrx_word' id='word_1_104' title='bbox 813 1750 857 1796; x_wconf 84' lang='lat' dir='ltr'>ex</span> <span class='ocrx_word' id='word_1_105' title='bbox 884 1731 1069 1796; x_wconf 81' lang='lat' dir='ltr'>kalendis</span> <span class='ocrx_word' id='word_1_106' title='bbox 1100 1749 1196 1797; x_wconf 87' lang='lat' dir='ltr'>mar·</span> 
     </span>
     <span class='ocr_line' id='line_1_13' title="bbox 93 1849 1196 1931; baseline 0.003 -18"><span class='ocrx_word' id='word_1_107' title='bbox 93 1852 157 1916; x_wconf 88' lang='lat' dir='ltr'>tiis.</span> <span class='ocrx_word' id='word_1_108' title='bbox 199 1851 249 1916; x_wconf 88' lang='lat' dir='ltr'>nel</span> <span class='ocrx_word' id='word_1_109' title='bbox 271 1850 300 1915; x_wconf 91' lang='lat' dir='ltr'>si</span> <span class='ocrx_word' id='word_1_110' title='bbox 322 1851 393 1930; x_wconf 90' lang='lat' dir='ltr'>quis</span> <span class='ocrx_word' id='word_1_111' title='bbox 416 1851 461 1914; x_wconf 86' lang='lat' dir='ltr'>itu</span> <span class='ocrx_word' id='word_1_112' title='bbox 483 1851 581 1915; x_wconf 89' lang='lat' dir='ltr'>dicat:</span> <span class='ocrx_word' id='word_1_113' title='bbox 612 1849 682 1915; x_wconf 92' lang='lat' dir='ltr'>ille</span> <span class='ocrx_word' id='word_1_114' title='bbox 711 1851 802 1914; x_wconf 89' lang='lat' dir='ltr'>milri</span> <span class='ocrx_word' id='word_1_115' title='bbox 831 1853 943 1916; x_wconf 89' lang='lat' dir='ltr'>heres</span> <span class='ocrx_word' id='word_1_116' title='bbox 965 1859 1053 1917; x_wconf 89' lang='lat' dir='ltr'>esto</span> <span class='ocrx_word' id='word_1_117' title='bbox 1076 1867 1196 1931; x_wconf 88' lang='lat' dir='ltr'>nsque</span> 
     </span>
     <span class='ocr_line' id='line_1_14' title="bbox 93 1969 1195 2050; baseline -0.001 -17"><span class='ocrx_word' id='word_1_118' title='bbox 93 1971 131 2034; x_wconf 87' lang='lat' dir='ltr'>ad</span> <span class='ocrx_word' id='word_1_119' title='bbox 159 1969 347 2034; x_wconf 75' lang='lat' dir='ltr'>kalendas</span> <span class='ocrx_word' id='word_1_120' title='bbox 386 1969 595 2034; x_wconf 85' lang='lat' dir='ltr'>ianuarias.</span> <span class='ocrx_word' id='word_1_121' title='bbox 651 1987 707 2050; x_wconf 85' lang='lat' dir='ltr'>pro</span> <span class='ocrx_word' id='word_1_122' title='bbox 744 1987 939 2049; x_wconf 81' lang='lat' dir='ltr'>superuacuo</span> <span class='ocrx_word' id='word_1_123' title='bbox 971 1970 1053 2034; x_wconf 86' lang='lat' dir='ltr'>cuim</span> <span class='ocrx_word' id='word_1_124' title='bbox 1088 1969 1195 2035; x_wconf 87' lang='lat' dir='ltr'>habito</span> 
     </span>
     <span class='ocr_line' id='line_1_15' title="bbox 93 2085 1196 2170; baseline 0 -20"><span class='ocrx_word' id='word_1_125' title='bbox 93 2101 214 2170; x_wconf 82' lang='lat' dir='ltr'>tempore</span> <span class='ocrx_word' id='word_1_126' title='bbox 240 2088 325 2170; x_wconf 90' lang='lat' dir='ltr'>quod</span> <span class='ocrx_word' id='word_1_127' title='bbox 354 2105 374 2152; x_wconf 90' lang='lat' dir='ltr'>a</span> <span class='ocrx_word' id='word_1_128' title='bbox 400 2087 539 2152; x_wconf 77' lang='lat' dir='ltr'>kalendis</span> <span class='ocrx_word' id='word_1_129' title='bbox 568 2085 619 2154; x_wconf 91' lang='lat' dir='ltr'>uel</span> <span class='ocrx_word' id='word_1_130' title='bbox 642 2103 740 2167; x_wconf 88' lang='lat' dir='ltr'>usquc</span> <span class='ocrx_word' id='word_1_131' title='bbox 762 2087 802 2152; x_wconf 83' lang='lat' dir='ltr'>nd</span> <span class='ocrx_word' id='word_1_132' title='bbox 823 2086 971 2152; x_wconf 78' lang='lat' dir='ltr'>kalendas</span> <span class='ocrx_word' id='word_1_133' title='bbox 986 2093 1043 2164; x_wconf 77' lang='lat' dir='ltr'>est,</span> <span class='ocrx_word' id='word_1_134' title='bbox 1068 2085 1196 2168; x_wconf 85' lang='lat' dir='ltr'>perinde</span> 
     </span>
     <span class='ocr_line' id='line_1_16' title="bbox 56 2203 1246 2288; baseline 0.001 -17"><span class='ocrx_word' id='word_1_135' title='bbox 56 2207 142 2278; x_wconf 75' lang='lat' dir='ltr'>perit</span> <span class='ocrx_word' id='word_1_136' title='bbox 159 2207 321 2282; x_wconf 89' lang='lat' dir='ltr'>institutio,</span> <span class='ocrx_word' id='word_1_137' title='bbox 344 2223 380 2270; x_wconf 86' lang='lat' dir='ltr'>ae</span> <span class='ocrx_word' id='word_1_138' title='bbox 402 2209 428 2270; x_wconf 90' lang='lat' dir='ltr'>si</span> <span class='ocrx_word' id='word_1_139' title='bbox 447 2223 525 2288; x_wconf 91' lang='lat' dir='ltr'>pore</span> <span class='ocrx_word' id='word_1_140' title='bbox 541 2211 625 2270; x_wconf 86' lang='lat' dir='ltr'>esset</span> <span class='ocrx_word' id='word_1_141' title='bbox 639 2203 730 2270; x_wconf 86' lang='lat' dir='ltr'>iacta</span> <span class='ocrx_word' id='word_1_142' title='bbox 762 2205 811 2268; x_wconf 90' lang='lat'>10.</span> <span class='ocrx_word' id='word_1_143' title='bbox 833 2204 958 2270; x_wconf 87' lang='lat' dir='ltr'>lustitui</span> <span class='ocrx_word' id='word_1_144' title='bbox 973 2205 1127 2287; x_wconf 86' lang='lat' dir='ltr'>quendam</span> <span class='ocrx_word' id='word_1_145' title='bbox 1144 2206 1196 2272; x_wconf 84' lang='lat' dir='ltr'>lne-</span> <span class='ocrx_word' id='word_1_146' title='bbox 1215 2222 1246 2272; x_wconf 81' lang='lat' dir='ltr'>rs</span> 
     </span>
     <span class='ocr_line' id='line_1_17' title="bbox 93 2325 1195 2409; baseline 0.002 -21"><span class='ocrx_word' id='word_1_147' title='bbox 93 2327 180 2392; x_wconf 82' lang='lat' dir='ltr'>rodem</span> <span class='ocrx_word' id='word_1_148' title='bbox 194 2329 252 2394; x_wconf 87' lang='lat' dir='ltr'>sub</span> <span class='ocrx_word' id='word_1_149' title='bbox 269 2327 450 2394; x_wconf 88' lang='lat' dir='ltr'>condicione</span> <span class='ocrx_word' id='word_1_150' title='bbox 462 2325 656 2409; x_wconf 85' lang='lat' dir='ltr'>impossibili,</span> <span class='ocrx_word' id='word_1_151' title='bbox 672 2327 730 2392; x_wconf 90' lang='lat' dir='ltr'>hoc</span> <span class='ocrx_word' id='word_1_152' title='bbox 746 2327 849 2391; x_wconf 90' lang='lat' dir='ltr'>modo:</span> <span class='ocrx_word' id='word_1_153' title='bbox 873 2326 945 2391; x_wconf 87' lang='lat' dir='ltr'>ille</span> <span class='ocrx_word' id='word_1_154' title='bbox 967 2327 1061 2390; x_wconf 88' lang='lat' dir='ltr'>mihi</span> <span class='ocrx_word' id='word_1_155' title='bbox 1082 2326 1195 2390; x_wconf 88' lang='lat' dir='ltr'>heres</span> 
     </span>
     <span class='ocr_line' id='line_1_18' title="bbox 94 2443 1196 2526; baseline -0.001 -16"><span class='ocrx_word' id='word_1_156' title='bbox 94 2454 166 2513; x_wconf 87' lang='lat' dir='ltr'>esto</span> <span class='ocrx_word' id='word_1_157' title='bbox 186 2450 217 2512; x_wconf 86' lang='lat' dir='ltr'>si</span> <span class='ocrx_word' id='word_1_158' title='bbox 238 2466 341 2513; x_wconf 87' lang='lat' dir='ltr'>mare</span> <span class='ocrx_word' id='word_1_159' title='bbox 363 2447 550 2524; x_wconf 82' lang='lat' dir='ltr'>ebiberit,</span> <span class='ocrx_word' id='word_1_160' title='bbox 572 2448 624 2512; x_wconf 90' lang='lat' dir='ltr'>uel</span> <span class='ocrx_word' id='word_1_161' title='bbox 639 2447 761 2512; x_wconf 86' lang='lat' dir='ltr'>cuidam</span> <span class='ocrx_word' id='word_1_162' title='bbox 778 2447 916 2526; x_wconf 76' lang='lat' dir='ltr'>legatum</span> <span class='ocrx_word' id='word_1_163' title='bbox 929 2443 1041 2511; x_wconf 63' lang='lat' dir='ltr'>fidene</span> <span class='ocrx_word' id='word_1_164' title='bbox 1056 2445 1196 2510; x_wconf 84' lang='lat' dir='ltr'>commis·</span> 
     </span>
     <span class='ocr_line' id='line_1_19' title="bbox 94 2564 1195 2648; baseline 0.001 -20"><span class='ocrx_word' id='word_1_165' title='bbox 94 2583 149 2631; x_wconf 88' lang='lat' dir='ltr'>sun</span> <span class='ocrx_word' id='word_1_166' title='bbox 168 2568 224 2632; x_wconf 88' lang='lat' dir='ltr'>sub</span> <span class='ocrx_word' id='word_1_167' title='bbox 246 2567 399 2632; x_wconf 86' lang='lat' dir='ltr'>eiusmodi</span> <span class='ocrx_word' id='word_1_168' title='bbox 423 2567 602 2632; x_wconf 85' lang='lat' dir='ltr'>condicione</span> <span class='ocrx_word' id='word_1_169' title='bbox 617 2567 737 2648; x_wconf 87' lang='lat' dir='ltr'>reliqui,</span> <span class='ocrx_word' id='word_1_170' title='bbox 759 2564 810 2630; x_wconf 88' lang='lat' dir='ltr'>uel</span> <span class='ocrx_word' id='word_1_171' title='bbox 824 2579 918 2631; x_wconf 72' lang='lat' dir='ltr'>suno</span> <span class='ocrx_word' id='word_1_172' title='bbox 931 2565 1117 2631; x_wconf 80' lang='lat' dir='ltr'>libertatem.</span> <span class='ocrx_word' id='word_1_173' title='bbox 1145 2566 1195 2630; x_wconf 77' lang='lat' dir='ltr'>de</span> 
     </span>
     <span class='ocr_line' id='line_1_20' title="bbox 94 2686 1197 2768; baseline -0.002 -16"><span class='ocrx_word' id='word_1_174' title='bbox 94 2688 279 2752; x_wconf 75' lang='lat' dir='ltr'>croceum</span> <span class='ocrx_word' id='word_1_175' title='bbox 301 2686 488 2767; x_wconf 87' lang='lat' dir='ltr'>impossibili</span> <span class='ocrx_word' id='word_1_176' title='bbox 510 2686 706 2760; x_wconf 88' lang='lat' dir='ltr'>condicione,</span> <span class='ocrx_word' id='word_1_177' title='bbox 735 2701 816 2768; x_wconf 89' lang='lat' dir='ltr'>quae</span> <span class='ocrx_word' id='word_1_178' title='bbox 845 2705 901 2752; x_wconf 90' lang='lat' dir='ltr'>nec</span> <span class='ocrx_word' id='word_1_179' title='bbox 923 2697 980 2768; x_wconf 83' lang='lat' dir='ltr'>pro</span> <span class='ocrx_word' id='word_1_180' title='bbox 1006 2687 1123 2768; x_wconf 86' lang='lat' dir='ltr'>scripta</span> <span class='ocrx_word' id='word_1_181' title='bbox 1144 2686 1197 2751; x_wconf 88' lang='lat' dir='ltr'>ha·</span> 
     </span>
     <span class='ocr_line' id='line_1_21' title="bbox 59 2801 1248 2885; baseline -0.003 -14"><span class='ocrx_word' id='word_1_182' title='bbox 59 2805 178 2881; x_wconf 81' lang='lat' dir='ltr'>mortar,</span> <span class='ocrx_word' id='word_1_183' title='bbox 200 2824 279 2885; x_wconf 89' lang='lat' dir='ltr'>pura</span> <span class='ocrx_word' id='word_1_184' title='bbox 302 2801 480 2872; x_wconf 82' lang='lat' dir='ltr'>cfficiuntur</span> <span class='ocrx_word' id='word_1_185' title='bbox 502 2822 584 2884; x_wconf 88' lang='lat' dir='ltr'>quce</span> <span class='ocrx_word' id='word_1_186' title='bbox 613 2804 721 2870; x_wconf 88' lang='lat' dir='ltr'>heredi</span> <span class='ocrx_word' id='word_1_187' title='bbox 749 2804 859 2870; x_wconf 84' lang='lat' dir='ltr'>relicta</span> <span class='ocrx_word' id='word_1_188' title='bbox 887 2811 970 2870; x_wconf 89' lang='lat' dir='ltr'>sunt.</span> <span class='ocrx_word' id='word_1_189' title='bbox 1018 2807 1066 2867; x_wconf 93' lang='lat' dir='ltr'>ll.</span> <span class='ocrx_word' id='word_1_190' title='bbox 1101 2805 1196 2870; x_wconf 84' lang='lat' dir='ltr'>llere·</span> <span class='ocrx_word' id='word_1_191' title='bbox 1213 2816 1248 2868; x_wconf 83' lang='lat' dir='ltr'>no</span> 
     </span>
     <span class='ocr_line' id='line_1_22' title="bbox 97 2922 1197 3008; baseline 0.004 -24"><span class='ocrx_word' id='word_1_192' title='bbox 97 2923 153 2986; x_wconf 85' lang='lat' dir='ltr'>den</span> <span class='ocrx_word' id='word_1_193' title='bbox 172 2923 327 3008; x_wconf 89' lang='lat' dir='ltr'>quendam</span> <span class='ocrx_word' id='word_1_194' title='bbox 350 2924 409 2989; x_wconf 88' lang='lat' dir='ltr'>sub</span> <span class='ocrx_word' id='word_1_195' title='bbox 432 2922 574 3003; x_wconf 88' lang='lat' dir='ltr'>pluribus</span> <span class='ocrx_word' id='word_1_196' title='bbox 605 2923 837 2989; x_wconf 83' lang='lat' dir='ltr'>condicionibus</span> <span class='ocrx_word' id='word_1_197' title='bbox 859 2923 991 2990; x_wconf 85' lang='lat' dir='ltr'>institui.</span> <span class='ocrx_word' id='word_1_198' title='bbox 1035 2923 1197 3007; x_wconf 87' lang='lat' dir='ltr'>quaeritur</span> 
     </span>
     <span class='ocr_line' id='line_1_23' title="bbox 97 3042 1197 3126; baseline 0.001 -20"><span class='ocrx_word' id='word_1_199' title='bbox 97 3059 128 3106; x_wconf 85' lang='lat' dir='ltr'>an</span> <span class='ocrx_word' id='word_1_200' title='bbox 146 3044 366 3125; x_wconf 80' lang='lat' dir='ltr'>expectandum</span> <span class='ocrx_word' id='word_1_201' title='bbox 388 3045 430 3108; x_wconf 86' lang='lat' dir='ltr'>sit</span> <span class='ocrx_word' id='word_1_202' title='bbox 451 3044 549 3109; x_wconf 89' lang='lat' dir='ltr'>donec</span> <span class='ocrx_word' id='word_1_203' title='bbox 573 3062 680 3110; x_wconf 85' lang='lat' dir='ltr'>omues</span> <span class='ocrx_word' id='word_1_204' title='bbox 709 3045 773 3108; x_wconf 87' lang='lat' dir='ltr'>sint</span> <span class='ocrx_word' id='word_1_205' title='bbox 800 3044 955 3126; x_wconf 80' lang='lat' dir='ltr'>impletae</span> <span class='ocrx_word' id='word_1_206' title='bbox 1006 3051 1038 3108; x_wconf 89' lang='lat' dir='ltr'>et</span> <span class='ocrx_word' id='word_1_207' title='bbox 1067 3042 1197 3108; x_wconf 79' lang='lat' dir='ltr'>dumos</span> 
     </span>
     <span class='ocr_line' id='line_1_24' title="bbox 98 3159 1197 3246; baseline 0.003 -25"><span class='ocrx_word' id='word_1_208' title='bbox 98 3159 251 3239; x_wconf 84' lang='lat' dir='ltr'>siquidem</span> <span class='ocrx_word' id='word_1_209' title='bbox 278 3163 469 3230; x_wconf 87' lang='lat' dir='ltr'>coniunctim</span> <span class='ocrx_word' id='word_1_210' title='bbox 499 3165 634 3244; x_wconf 73' lang='lat' dir='ltr'>scriptae</span> <span class='ocrx_word' id='word_1_211' title='bbox 663 3172 739 3230; x_wconf 86' lang='lat' dir='ltr'>sunt</span> <span class='ocrx_word' id='word_1_212' title='bbox 767 3163 843 3246; x_wconf 87' lang='lat' dir='ltr'>(dixi</span> <span class='ocrx_word' id='word_1_213' title='bbox 873 3165 969 3229; x_wconf 90' lang='lat' dir='ltr'>enlm:</span> <span class='ocrx_word' id='word_1_214' title='bbox 1000 3161 1071 3227; x_wconf 88' lang='lat' dir='ltr'>illo</span> <span class='ocrx_word' id='word_1_215' title='bbox 1099 3161 1197 3225; x_wconf 84' lang='lat' dir='ltr'>milri</span> 
     </span>
     <span class='ocr_line' id='line_1_25' title="bbox 100 3278 1202 3363; baseline 0.001 -20"><span class='ocrx_word' id='word_1_216' title='bbox 100 3278 195 3347; x_wconf 79' lang='lat' dir='ltr'>neres</span> <span class='ocrx_word' id='word_1_217' title='bbox 214 3292 304 3348; x_wconf 87' lang='lat' dir='ltr'>osto</span> <span class='ocrx_word' id='word_1_218' title='bbox 326 3284 360 3346; x_wconf 91' lang='lat' dir='ltr'>si</span> <span class='ocrx_word' id='word_1_219' title='bbox 387 3283 426 3346; x_wconf 89' lang='lat' dir='ltr'>in</span> <span class='ocrx_word' id='word_1_220' title='bbox 451 3283 695 3363; x_wconf 75' lang='lat' dir='ltr'>Capitolium</span> <span class='ocrx_word' id='word_1_221' title='bbox 722 3283 978 3349; x_wconf 80' lang='lat' dir='ltr'>adscenderit</span> <span class='ocrx_word' id='word_1_222' title='bbox 1011 3287 1050 3346; x_wconf 85' lang='lat' dir='ltr'>et</span> <span class='ocrx_word' id='word_1_223' title='bbox 1078 3281 1112 3346; x_wconf 90' lang='lat' dir='ltr'>si</span> <span class='ocrx_word' id='word_1_224' title='bbox 1139 3297 1202 3345; x_wconf 75' lang='grc' dir='ltr'>ηε·-</span> 
     </span>
     <span class='ocr_line' id='line_1_26' title="bbox 98 3398 1249 3480; baseline 0.008 -20"><span class='ocrx_word' id='word_1_225' title='bbox 98 3398 143 3462; x_wconf 87' lang='lat' dir='ltr'>nis</span> <span class='ocrx_word' id='word_1_226' title='bbox 165 3419 205 3466; x_wconf 80' lang='lat' dir='ltr'>ex</span> <span class='ocrx_word' id='word_1_227' title='bbox 226 3403 321 3468; x_wconf 85' lang='lat' dir='ltr'>Asia</span> <span class='ocrx_word' id='word_1_228' title='bbox 350 3403 512 3468; x_wconf 85' lang='lat' dir='ltr'>uenerit</span> <span class='ocrx_word' id='word_1_229' title='bbox 538 3409 577 3469; x_wconf 87' lang='lat' dir='ltr'>et</span> <span class='ocrx_word' id='word_1_230' title='bbox 605 3405 637 3468; x_wconf 89' lang='lat' dir='ltr'>si</span> <span class='ocrx_word' id='word_1_231' title='bbox 665 3402 735 3467; x_wconf 91' lang='lat' dir='ltr'>ille</span> <span class='ocrx_word' id='word_1_232' title='bbox 763 3401 904 3468; x_wconf 90' lang='lat' dir='ltr'>consul</span> <span class='ocrx_word' id='word_1_233' title='bbox 933 3401 1062 3467; x_wconf 83' lang='lat' dir='ltr'>iactus</span> <span class='ocrx_word' id='word_1_234' title='bbox 1091 3398 1249 3480; x_wconf 84' lang='lat' dir='ltr'>erit)‚no</span> 
     </span>
     <span class='ocr_line' id='line_1_27' title="bbox 98 3519 1199 3602; baseline 0 -18"><span class='ocrx_word' id='word_1_235' title='bbox 98 3525 219 3598; x_wconf 82' lang='lat' dir='ltr'>oportere</span> <span class='ocrx_word' id='word_1_236' title='bbox 234 3521 372 3588; x_wconf 85' lang='lat' dir='ltr'>omnium</span> <span class='ocrx_word' id='word_1_237' title='bbox 388 3526 553 3602; x_wconf 81' lang='lat' dir='ltr'>expectare</span> <span class='ocrx_word' id='word_1_238' title='bbox 569 3529 733 3601; x_wconf 67' lang='lat' dir='ltr'>euentum</span> <span class='ocrx_word' id='word_1_239' title='bbox 755 3522 803 3585; x_wconf 88' lang='lat' dir='ltr'>sin</span> <span class='ocrx_word' id='word_1_240' title='bbox 826 3527 932 3586; x_wconf 71' lang='lat' dir='ltr'>actm</span> <span class='ocrx_word' id='word_1_241' title='bbox 953 3519 1121 3602; x_wconf 70' lang='lat' dir='ltr'>separaum</span> <span class='ocrx_word' id='word_1_242' title='bbox 1145 3535 1199 3584; x_wconf 87' lang='lat' dir='ltr'>ecs</span> 
     </span>
    </p>
   </div>
   <div class='ocr_carea' id='block_1_3' title="bbox 0 0 1470 4708">
    <p class='ocr_par' dir='ltr' id='par_1_3' title="bbox 0 0 1470 4708">
     <span class='ocr_line' id='line_1_28' title="bbox 0 0 1470 4708; baseline 0 0"><span class='ocrx_word' id='word_1_243' title='bbox 0 0 1470 4708; x_wconf 95' lang='lat' dir='ltr'> </span> 
     </span>
    </p>
   </div>
  </div>
 </body>
</html>
