2864 4736
535 429 577 438 —
624 394 777 458 420-

65 581 87 632 o.
96 567 300 651 Digestorum
329 570 396 633 siue
419 568 648 633 Pandectarnm
677 568 860 651 intellegere
884 568 966 633 licet
1013 571 1042 636 6.
1066 569 1123 634 Est
1147 569 1213 634 alia

96 692 333 774 quoqueactio
360 693 394 756 in
420 713 487 757 rem
515 713 535 756 a
562 698 708 775 praetore
736 692 929 775 introducta,
964 693 1063 757 ueluti
1092 693 1125 756 in
1153 693 1215 756 bac

95 815 209 900 specie.
261 816 398 882 debebat
426 816 554 897 qnidam
580 816 738 900 pluribus;
768 816 923 898 quasdam
950 837 1054 882 rerum
1082 837 1210 882 suarum

94 941 257 1022 alienauit,
282 947 313 1005 et
329 940 508 1022 dominium,
532 947 641 1025 utpote
659 940 813 1023 dominus,
837 940 870 1005 in
885 941 1094 1024 accipientem
1109 933 1227 1004 trans!

93 1065 172 1130 tulit.
217 1065 293 1129 licet
315 1065 537 1146 creditoribus,
566 1066 620 1148 qui
644 1085 684 1130 er
711 1066 915 1148 magistratus
943 1066 1101 1131 sententia
1124 1065 1211 1130 debi·
1251 1091 1269 1141 5

92 1189 167 1254 toris
192 1191 278 1254 bona
307 1189 481 1272 possident,
509 1190 657 1270 qnoniam
686 1189 718 1254 in
747 1209 856 1254 eorum
885 1189 1029 1254 fraudem
1059 1189 1210 1254 alienatio

92 1314 177 1378 iacta
202 1319 260 1396 est,
285 1333 355 1378 cnm
379 1333 427 1395 eo,
452 1314 594 1395 quirem
619 1314 747 1395 detinet,
771 1314 804 1378 in
827 1333 894 1378 rem
915 1315 1038 1378 actione
1062 1312 1207 1396 experiri,

91 1457 173 1518 quae
201 1437 391 1502 Pauliana
419 1439 612 1521 appellatur,
640 1439 673 1501 in
703 1457 767 1519 qna
794 1439 841 1502 ita
867 1438 1045 1503 intendunt:
1078 1437 1120 1502 ‘si
1149 1457 1208 1502 res

90 1581 110 1626 a
139 1561 314 1626 debitore
348 1562 493 1627 tradita
524 1583 597 1627 non
628 1570 745 1643 esset,
780 1570 856 1627 tum
888 1565 921 1627 si
947 1569 1103 1647 pareret
1131 1583 1210 1627 eam

59 1695 163 1750 arem
193 1685 231 1749 in
259 1685 422 1750 dominio
446 1686 632 1751 debitoris
655 1688 860 1753 mansisse’.
908 1691 935 1754 t.
959 1689 1036 1752 Item
1060 1687 1210 1752 seruiana
1230 1707 1267 1760 10

89 1811 177 1874 etin
205 1831 272 1875 rem
305 1811 398 1893 qnasi
426 1813 574 1876 scruiana
602 1811 699 1896 (qnae
727 1813 822 1878 etiam
852 1813 1128 1896 hypothecaria
1155 1831 1210 1878 uo·

88 2057 228 2142 capiunt.
276 2061 433 2125 -seruiana
463 2067 568 2126 autem
599 2061 735 2144 experiri
763 2063 833 2143 quis
861 2068 967 2145 potest
993 2061 1037 2126 in'
1054 2060 1208 2126 eiusmodi

87 2183 210 2266 specie:
235 2183 365 2248 fundum
389 2204 490 2249 meum
507 2205 527 2248 a
542 2204 592 2249 me
609 2185 786 2251 conduxisti
802 2186 927 2251 etmihi
949 2186 1081 2251 colonus
1104 2185 1207 2249 iactus

86 2327 134 2388 es,
170 2308 327 2373 mercedis
361 2310 488 2374 nomine
516 2309 548 2374 C.
578 2310 683 2375 aureis
723 2311 890 2392 quotannis
927 2311 1003 2374 mihi
1038 2307 1206 2374 soluendis.
1228 2327 1263 2378 15

85 2431 287 2497 introduxisti
310 2433 343 2496 in
364 2434 447 2499 hunc
470 2434 599 2499 fundum
623 2435 777 2516 quasdam
792 2455 854 2518 res,
878 2435 975 2500 ueluti
992 2454 1091 2515 equos
1106 2434 1206 2498 bones

85 2555 248 2640 mancipia
276 2563 398 2623 uestem
425 2559 591 2642 pecuniam
625 2565 831 2642 numeratam,
867 2579 905 2624 eo
935 2565 1038 2643 pacto,
1070 2565 1105 2622 ut
1131 2557 1207 2621 mihi

84 2680 243 2744 mercedis
277 2682 402 2748 nomine
431 2683 655 2766 obligarentur.
707 2684 794 2748 siin
821 2684 1020 2748 mercedibus
1047 2681 1207 2747 soluendis

84 2823 202 2886 cesses,
225 2824 354 2888 possum
377 2806 531 2871 aduersus
554 2807 738 2889 quemlibet,
767 2808 910 2889 quirem
934 2828 973 2872 er
997 2808 1046 2873 bis
1070 2827 1151 2889 quae
1175 2809 1208 2872 in

83 2927 216 2992 fundum
232 2949 335 2994 meum
351 2930 470 2996 inlatae
486 2937 567 3013 sunt,
584 2931 756 3014 possideat,
776 2933 925 2996 serniana
940 2933 1087 3017 experiri,
1105 2933 1205 2998 donec
1225 2945 1262 2998 20

82 3051 265 3118 mercedem
289 3073 471 3137 consequar.
507 3057 621 3136 quasi
643 3063 749 3121 autem
773 3057 959 3122 seruiana
981 3058 1014 3122 in
1029 3057 1207 3147 huiusmodi
