3092 4702
570 337 783 403 ..53-

202 623 317 702 Quibus
340 621 441 689 modis
461 623 512 690 ius
535 625 702 704 potestatis
724 623 918 691 dissoluitnr.
962 625 1088 691 Titulus
1112 625 1162 689 12.

206 774 402 857 Propositum
435 780 484 842 est
516 775 605 842 uobis
637 775 670 840 in
698 776 914 860 superioribus
941 778 1068 858 quinam
1095 779 1128 843 in
1155 783 1241 860 pote-

134 897 203 958 slata
222 898 330 960 nostm
352 894 425 973 sint,
445 894 529 960 idest
550 895 646 960 serui·
664 900 697 960 et
722 894 813 962 liberi
842 896 960 975 nostri,
991 897 1059 962 siue
1080 897 1242 963 naturales

133 1009 189 1075 siue
208 1011 356 1092 adoptiui.
380 1012 419 1078 de
440 1011 625 1078 differentiis
647 1031 774 1100 quoque
795 1019 891 1097 atque
912 1012 1129 1082 adfinitatibus
1150 1015 1240 1081 adro·

133 1129 251 1211 gationis
273 1136 306 1195 et
328 1131 506 1214 adoptionis
527 1134 745 1212 tractauimus,
768 1139 843 1199 sunt
857 1133 939 1199 enim
956 1133 1152 1200 differentiae
1173 1131 1240 1216 qui·

132 1248 190 1314 dem
212 1245 263 1327 vl,
286 1247 466 1316 adfinitates
493 1255 598 1315 autem
623 1247 693 1314 VH.
744 1257 844 1316 restat
870 1257 906 1316 ut
934 1251 1099 1318 uideamus
1127 1252 1242 1334 quibus
1275 1253 1292 1305 ὅ

131 1366 216 1432 modia
236 1369 285 1432 ius
312 1369 478 1450 potestatis
507 1367 661 1434 soluatur.
705 1387 777 1434 nam
808 1369 894 1453 quod
923 1370 1024 1435 modis
1052 1369 1240 1452 quibusdam

130 1485 273 1564 consistit,
296 1486 380 1551 idem
410 1485 599 1567 quibusdam
626 1487 697 1554 aliis
728 1488 830 1553 modis
861 1487 1054 1554 dissoluitur.
1100 1493 1241 1570 potestas

129 1608 345 1684 artemonem
368 1606 399 1670 in
422 1623 531 1672 seruos
553 1605 721 1685 habemus,
744 1624 801 1689 per
828 1606 1104 1672 manumissionem
1132 1603 1242 1672 dissul-

128 1721 210 1786 uitur.
256 1725 460 1792 manumissio
492 1731 596 1790 autem
629 1733 708 1809 quot
747 1725 849 1792 modis
886 1724 942 1791 liat
974 1726 1120 1807 superius
1148 1742 1240 1806 expo

127 1838 249 1923 animus;
277 1843 396 1908 domiui
425 1845 508 1908 enim
534 1863 619 1911 mors
641 1861 703 1908 non
725 1843 942 1910 liberationum
964 1863 983 1909 a
1005 1843 1169 1924 seruitute,
1191 1848 1241 1909 set
1260 1862 1292 1913 ιο

128 1959 241 2024 dominii
262 1961 501 2028 translationem
523 1969 682 2044 operatur.
727 1967 868 2044 potestas
891 1968 1012 2042 autem,
1033 1980 1128 2044 quam
1149 1963 1180 2028 in
1203 1962 1239 2028 li-

126 2079 206 2144 beros
225 2079 390 2159 habemus,
411 2079 554 2162 pluribus
577 2080 713 2146 soluitur
735 2082 844 2146 modis.
888 2087 921 2147 at
942 2083 974 2145 iu
996 2081 1107 2163 primis
1128 2099 1240 2164 paren·

126 2195 161 2260 tis
180 2215 261 2264 mors
281 2198 400 2264 liberos
423 2199 472 2264 sui
495 2199 573 2264 iuris
595 2199 699 2266 efficit
740 2217 833 2266 nosse
856 2204 961 2264 autom
983 2205 1107 2280 oportet
1129 2218 1241 2282 paren·

125 2321 167 2380 tes
185 2335 289 2383 omnes
312 2317 367 2400 qni
389 2334 486 2400 supra
507 2335 564 2383 uos
586 2325 661 2384 sunt
683 2319 800 2399 uocari,
822 2318 912 2384 liberi
935 2323 1041 2384 antem
1060 2319 1240 2405 omnesqui

124 2433 196 2500 infra
214 2453 270 2502 nos
293 2441 380 2500 sunt.
414 2436 499 2516 quod
522 2433 627 2502 aulem
651 2436 785 2502 diximus
807 2442 938 2502 mortem
960 2437 1102 2518 parentis
1122 2435 1240 2504 liberos
1260 2452 1292 2504 lo

125 2552 166 2617 sui
184 2553 258 2619 iuris
281 2551 409 2620 efficere
431 2571 502 2619 oum
525 2554 661 2634 quadam
683 2553 885 2621 distinctione
913 2554 1156 2638 intellegendum
1180 2563 1237 2647 eat·

123 2689 186 2736 nam
210 2673 235 2738 ai
264 2678 359 2756 pater
387 2673 574 2750 decesserit,
608 2690 685 2738 sane
713 2673 891 2740 omnimodo
920 2671 1003 2739 lilius
1032 2673 1159 2759 liliaque
1189 2673 1240 2742 sui

123 2791 190 2859 iuris
211 2792 408 2876 efficiuntur3
432 2793 461 2860 si
482 2811 558 2860 uero
580 2811 661 2860 auus
684 2795 892 2873 mortuaest,
916 2813 977 2860 non
994 2794 1172 2860 omnimodo
1186 2811 1240 2858 us-

122 2915 202 2990 potes
222 2919 397 2996 neptesque
419 2913 468 2978 sui
491 2911 569 2979 iuris
591 2909 682 2978 fiunt.
704 2917 830 2995 oportet
851 2913 934 2977 enim
956 2912 1009 2978 aui
1031 2914 1140 2978 mortis
1162 2917 1240 2978 tem·

122 3047 173 3108 pus
192 3029 366 3111 inquirere,
394 3037 427 3096 et
448 3032 476 3096 si
497 3031 623 3113 quidem
646 3036 721 3096 tuno
743 3031 845 3096 media
867 3049 1015 3114 persona,
1045 3031 1129 3098 idest
1156 3031 1238 3096 iilius
1256 3031 1291 3084 2⁰

123 3149 226 3214 nortui
247 3149 445 3227 inueniatur,
473 3155 604 3232 nepotes
633 3149 688 3229 qui
716 3147 838 3229 pridem
867 3149 899 3214 in
927 3148 980 3214 aui
1010 3147 1129 3213 fuerint
1154 3153 1239 3230 pote·

123 3271 210 3344 state,
239 3267 306 3332 iuri
334 3266 433 3348 patria
461 3268 528 3348 aui,
563 3284 625 3334 auo
652 3273 794 3347 mortuo,
824 3267 957 3334 subiecti
984 3271 1078 3333 arunt
1106 3266 1139 3331 in
1171 3266 1240 3332 eius

123 3386 250 3451 recasuri
278 3391 480 3468 potestatem.
530 3387 557 3451 ai
590 3405 666 3453 uero
688 3386 792 3453 media
820 3403 956 3466 persona
990 3390 1048 3450 aut
1074 3385 1137 3450 iam
1159 3402 1240 3450 mor·

124 3507 169 3568 tun
187 3505 293 3584 inerit,
316 3513 374 3571 aut
389 3507 427 3571 de
442 3511 601 3588 potestate
622 3505 723 3586 patris
739 3503 860 3582 exierit,
885 3510 959 3570 tunc
974 3510 1104 3583 nepotes
1119 3503 1152 3567 iu
1168 3500 1239 3566 alie·

94 3639 110 3690 r.
124 3639 184 3686 nam
203 3631 396 3707 potestatem
419 3642 481 3690 non
509 3624 668 3703 recident,
696 3631 746 3690 set
773 3623 824 3690 sui
853 3624 930 3688 iuris
959 3620 1044 3688 fient
1091 3621 1119 3684 l.
1149 3619 1239 3688 Pote-
1256 3639 1290 3689 ao

124 3745 223 3808 statem
245 3749 354 3808 autem
376 3743 409 3808 iu
431 3739 513 3808 lilios
535 3743 712 3825 deportatio
734 3758 859 3824 quoque
885 3740 986 3824 patris
1016 3737 1121 3805 soluit.
1166 3757 1238 3804 narn

167 4189 265 4242 'l'teopln
280 4191 395 4234 Anam
409 4203 453 4233 rec·
465 4153 557 4232 Feniui:
