2884 4728
531 395 571 404 —
619 362 683 424 375
730 397 771 405 --

90 554 150 616 ego
195 535 339 600 relictum
382 541 498 619 putans
541 536 679 616 solnam,
723 542 828 600 cessat
867 535 1027 620 repetitio:
1066 555 1139 598 nam
1178 541 1219 600 et:

89 659 194 742 heres,
219 660 272 743 qni
295 660 449 725 eiusmodi
464 661 572 743 legata
595 660 690 726 debet
705 669 737 726 et
752 660 909 744 infitietur,
933 660 1060 744 duplum
1084 660 1214 724 soluere

89 785 225 867 cogitur.

232 1319 293 1383 Per
316 1339 395 1399 quas
419 1338 572 1402 personas
595 1319 687 1384 nobis
712 1319 864 1402 obligatio
889 1317 1072 1400 adquiritur.

551 1445 674 1509 Titulus
699 1447 750 1511 28.

179 1604 325 1668 Diximus
341 1603 381 1668 de
403 1603 660 1687 obligationibus,
685 1624 767 1686 quae
791 1623 831 1668 ex
855 1609 1017 1668 contractu
1040 1603 1093 1668 uel
1117 1604 1209 1684 quasi

84 1749 127 1793 ex
151 1735 317 1794 contractu
338 1733 524 1810 nascuntur;
549 1749 630 1792 nuno
647 1735 695 1793 est
711 1727 877 1793 dicendum
891 1727 979 1811 ipsas
996 1728 1208 1810 obligationes
1246 1741 1271 1792 5.

84 1853 182 1917 nobis
206 1852 332 1933 adquiri
354 1873 417 1917 non
441 1853 542 1918 solum
565 1873 624 1936 per
637 1859 761 1917 nosmet
783 1853 880 1936 ipsos,
905 1858 953 1916 set
969 1852 1064 1916 etiam
1080 1873 1208 1935 pereas

83 1997 254 2060 personas,
288 1997 369 2058 quae
397 1979 429 2041 in
457 1984 566 2042 nostra
594 1983 750 2061 potestate
779 1984 860 2060 sunt,
896 1977 995 2043 ueluti
1018 1997 1075 2062 pcr
1099 1997 1208 2042 seruos

83 2110 215 2167 nostros
239 2108 271 2167 et
292 2102 384 2183 filios,
409 2102 518 2183 quiin
541 2108 697 2186 potestate
721 2109 801 2167 sunt.
847 2109 895 2167 set
912 2122 994 2183 quae
1018 2122 1075 2185 per
1098 2122 1208 2168 seruos

84 2226 181 2291 nobis
196 2224 402 2308 adquiruntur
414 2226 539 2291 omniuo
555 2233 665 2292 nostra
681 2227 767 2307 liunt,
792 2246 873 2308 quae
890 2232 994 2291 autem
1010 2247 1068 2311 per
1079 2227 1206 2308 liberoS,

85 2371 168 2431 quos
192 2351 226 2414 iu
248 2355 406 2434 potestate
430 2351 593 2434 babemus,
618 2371 657 2415 ex
674 2351 869 2434 obligatione
890 2349 1106 2432 adquiruntur,
1131 2350 1271 2415 diui-10·

84 2476 205 2539 duntur
225 2475 396 2540 secundum
413 2476 592 2559 exemplum
607 2496 712 2540 rerum
727 2475 930 2559 proprietatis
947 2482 979 2539 et
1002 2476 1207 2558 ususfructus,

85 2599 173 2682 quod
193 2600 294 2664 nostri
314 2599 467 2683 principis
484 2599 635 2664 discreuit
651 2599 848 2665 constitutio:
865 2607 906 2665 ¹ut
922 2598 1006 2682 quod
1026 2600 1067 2663 ab
1084 2599 1208 2664 actione

85 2724 286 2789 commodum
317 2724 494 2808 perueniat,
530 2723 622 2788 huius
646 2745 720 2789 usus
744 2725 863 2790 fruetus
896 2725 980 2808 apud
1010 2731 1131 2808 patrem
1160 2725 1209 2805 sit,

85 2847 260 2912 dominium
293 2854 399 2912 autem
429 2848 494 2913 filio
518 2853 671 2930 seruetur,
698 2849 820 2914 scilicet
844 2856 935 2932 patre
962 2850 1118 2914 actionem
1145 2870 1209 2915 mo-

84 2979 196 3053 uente,
244 2971 416 3036 secundum
458 2973 605 3037 nonullae
644 2973 711 3037 eins
751 2979 782 3038 et
824 2993 935 3038 sacrae
979 2973 1208 3038 constitutionis
1229 2990 1267 3042 15,
1298 3049 1301 3055 ,

46 3112 70 3160 1.
83 3095 329 3161 distinctionem.
378 3101 405 3162 1.
428 3096 565 3161 Liberae
591 3116 716 3178 quoque
745 3117 900 3181 personae
929 3102 960 3162 et
988 3097 1073 3162 serui
1102 3097 1208 3177 alieni,

83 3239 167 3302 qnos
199 3219 373 3286 bonafide
405 3221 616 3304 possidemus,
650 3223 741 3287 nobis
773 3223 914 3288 actiones
949 3221 1132 3304 adquirunt,
1162 3229 1209 3286 set

81 3349 209 3409 tantum
235 3365 276 3410 ex
303 3345 426 3411 duabus
454 3345 573 3428 causis,
601 3345 634 3410 id
665 3352 714 3412 est
740 3347 769 3412 si
796 3347 871 3429 quid
899 3367 944 3410 ex
972 3346 1102 3430 operis
1130 3345 1209 3410 suis

42 3467 255 3534 atrabenus
292 3469 345 3534 uel
383 3489 428 3534 ex
465 3489 507 3534 re
545 3477 677 3534 nostra
715 3471 806 3535 nobis
850 3469 1026 3552 adquirant.
1088 3472 1116 3536 2.
1148 3470 1208 3533 Per

81 3610 164 3656 eum
201 3613 323 3676 quoque
363 3613 504 3676 seruum,
549 3595 581 3658 in
621 3615 683 3677 quo
723 3615 813 3659 usum
852 3595 987 3659 fructum
1027 3593 1078 3657 uel
1118 3613 1207 3657 usum
1228 3612 1263 3662 20
