2926 4708
680 333 914 400 -202..

238 541 313 606 τητι.
358 518 464 604 ἀμέλει
486 520 535 584 καὶ
556 519 585 582 οἱ
605 518 754 605 ήμέτεροι
775 519 885 596 παῖδες
907 521 936 583 οξ
959 517 1174 602 emancipatoi
1195 515 1344 584 emaneoi
1453 551 1454 590 3

238 619 455 706 κληθήσονται.
501 621 549 684 καλ
570 621 588 684 ό
611 623 681 696 παῖς
702 626 741 707 τῇ
759 621 854 708 μητρλ
877 620 1050 688 οκέτόαθου
1071 619 1255 709 κληθήσεται
1274 622 1343 700 καθ)
1453 651 1454 708 3

238 723 400 808 γενήσεται
423 721 621 808 κληρονόμος.
674 721 784 808 θήλεια
813 724 874 805 γὰρ
902 723 935 788 in
962 725 1122 806 potestate
1149 721 1221 796 τοδς
1247 721 1345 796 παῖδας

238 821 320 914 ἔχειν
342 825 378 888 οὐ
401 823 537 888 δόναται.
582 817 796 909 διατιθέμενος
826 848 869 901 τις
901 827 954 890 τὸν
985 823 1060 889 ἴδιον
1088 823 1206 911 οἰκέτην
1237 822 1345 910 ἐνεστή-
1446 857 1447 870 ÷

204 943 315 995 ῠσατο
339 928 543 1015 κληρονόμον·
567 927 714 1014 ἐπιζήσας
736 930 774 1014 τῇ
803 927 920 1016 ποιήσει
953 931 1007 1014 ιής
1035 924 1188 1012 διαθήκης
1217 924 1348 1010 uindictq

237 1033 347 1094 τοῦτον
374 1029 609 1114 ἠλευθέρωσεν·
636 1027 837 1114 ἐτελεύτησεν
866 1029 922 1092 οόκ
952 1027 1086 1114 δμεόφας
1113 1027 1167 1113 τήν
1196 1025 1346 1114 διαθήκην·
1447 1045 1448 1048 ’

237 1133 379 1218 ζητῶμεν
407 1131 435 1196 ελ
461 1131 479 1194 ό
508 1131 641 1216 γραφεὶς
669 1131 863 1216 κληρονόμος
894 1131 1029 1217 πότερον
1058 1128 1253 1195 αθυυεεῦτίότ
1278 1130 1348 1192 ἐστιν

237 1232 456 1320 ήεκέτόαουε.
499 1235 549 1296 καὶ
570 1232 699 1317 λέγομεν
729 1231 821 1297 αὐτὸν
849 1231 1026 1299 οιέτόυεου
1058 1230 1151 1310 εἶναι,
1181 1231 1286 1318 ἐπειδη
1311 1233 1347 1317 μή

238 1337 275 1400 τὰ
297 1336 353 1400 δύο
376 1335 410 1400 ἐκ
432 1340 487 1423 τῆς
507 1339 564 1400 τοῦ
592 1336 833 1422 τελευτήσαντος
861 1335 1018 1422 διαθήκης
1039 1335 1126 1419 αὐτῷ
1155 1335 1346 1419 προςγίνετω,

190 1445 221 1496 10
238 1439 393 1504 τουτέστιν
414 1441 434 1525 ή
457 1437 623 1523 ἐλευθερία
644 1437 722 1520 κάλ’)
750 1439 947 1525 κληρονομία.
999 1443 1029 1502 4.
1062 1437 1125 1501 Ἐπὶ
1153 1437 1189 1500 δέ
1219 1435 1277 1500 τῶν
1304 1455 1349 1500 ex·
1363 1455 1382 1505 ι,

237 1541 379 1608 ἐτααέωυ
414 1542 613 1628 κληρονόμων
646 1540 744 1604 ἐκεῖνο
782 1540 833 1604 δεῖ
863 1541 1130 1627 παραφυλάττειν,
1164 1539 1246 1613 ῦςτε
1277 1539 1348 1622 ἡμᾶς

238 1643 316 1734 ἔχειν
363 1645 444 1729 μετ’
488 1644 590 1708 αόττῦν
635 1641 985 1722 ῐυυῦυυιουέἰίυαῒίουυ,
1035 1642 1097 1706 εἴτε
1141 1641 1229 1704 αὐτοὶ
1270 1639 1351 1722 ἐγρά-

238 1767 342 1833 φησαν
379 1748 578 1833 κληρονόμοι,
623 1743 684 1809 εἴτε
724 1745 752 1807 ολ
790 1742 892 1809 αὐτῶν
933 1744 1116 1817 ὑπεξοόοτοι.
1176 1740 1288 1828 ταύτην
1321 1739 1352 1802 δὲ

238 1848 372 1932 αὐτῶνθ)
406 1850 460 1935 τήν
492 1846 818 1914 testamentifactiona
854 1845 934 1936 ἔχειν
965 1846 1078 1922 αὐτοὺς
1106 1845 1296 1928 ἀπαιτοῦμεν
1322 1841 1351 1903 ἐν

189 1970 220 2020 15
238 1951 295 2014 δύο
303 1952 330 2032 ⁴)
352 1955 479 2034 καιροῖς,
502 1950 588 2036 ἡνίκα
611 1947 829 2032 διατιθέμεθα,
852 1949 932 2024 ὥςτε
954 1948 1034 2024 τέως
1054 1945 1218 2032 ἐρρῶιπθαι
1239 1945 1292 2031 τήν
1313 1939 1354 2006 ἐν·

237 2075 355 2131 στασιν,
377 2053 426 2116 καὶ
447 2052 536 2138 ήνέκα
566 2053 773 2136 τελευτιῦμεν,
801 2051 880 2128 ὥςτε
911 2053 964 2137 τήν
993 2052 1097 2127 καλῶς
1123 2049 1292 2135 γενομένην
1313 2043 1354 2109 ἔν-

238 2178 346 2220 στασιν
368 2158 499 2244 γρηστδν
521 2153 600 2243 ἔχειν
621 2154 824 2236 ἀποτέλεσμα.
870 2156 897 2218 ελ
928 2153 964 2216 δέ
988 2177 1031 2230 τις
1053 2150 1192 2238 ἀκριβοῦς
1216 2149 1352 2234 ἐξετάσῃ,

236 2258 285 2320 καὶ
306 2256 408 2341 τρίτον
431 2256 632 2344 ἐπιζητοῦμεν
653 2258 770 2338 καιρὸν,
792 2255 825 2318 ἐν
848 2253 877 2340 ᾧ
897 2254 950 2318 δεῖ
960 2257 1015 2338 τήν
1030 2247 1353 2319 testamentifactiona

237 2357 316 2445 ἔχειν
339 2357 441 2437 αῦτδν,
465 2357 629 2434 τουτέστιν,
652 2359 740 2443 ήνίκα
761 2358 967 2446 προσέρχεται
990 2361 1027 2444 τῇ
1052 2355 1251 2442 κληρονομίᾳ,
1274 2353 1356 2417 οῦδε-

184 2479 219 2531 πο
235 2464 307 2543 μιᾶς
328 2457 423 2544 οὔσης
445 2459 599 2544 διαφορᾶς
623 2461 754 2545 πότερον
776 2459 922 2546 φῦτωεή
952 2460 1011 2522 ὑπὸ
1041 2459 1158 2542 αἵρεσιν
1188 2457 1355 2539 γέγραπται

235 2562 434 2647 κληρονόμος.
487 2563 555 2642 τὸὸ)
584 2562 644 2646 γὰρ
672 2562 789 2626 δίκαιον
817 2567 871 2626 τοῦ
901 2562 1112 2647 κληρονόμου,
1143 2559 1304 2623 τουτέστιν
1332 2556 1357 2619 εἰ

237 2662 363 2727 δύναται
384 2664 624 2750 κληρονομῆσαι,
651 2665 684 2728 ἐν
707 2664 817 2749 ἐκείνῳ
837 2666 977 2745 μάλιστα
1003 2667 1159 2728 σκοπεῖται
1180 2667 1229 2746 τῷ
1252 2667 1356 2744 καιρῷ,

235 2765 269 2828 ἐν
292 2762 320 2848 ᾦ
343 2765 396 2850 τήν
418 2765 622 2850 κληρονομίαν
642 2764 827 2847 υᾶίῐθῦθίθ)
859 2767 892 2829 ἐν
916 2767 952 2830 δὲ
979 2767 1022 2848 τῷ
1043 2765 1131 2850 μέσῳ
1149 2764 1272 2851 χρόνῳ,
1295 2761 1357 2838 δςῖ)

233 2867 351 2948 μεταξὺ
375 2871 429 2951 τής
452 2869 608 2950 ποιήσεως
630 2871 685 2954 τής
706 2867 860 2956 διαθήκης
882 2870 931 2932 καὶ
960 2871 1012 2954 τῆς
1035 2865 1089 2930 τοῦ
1112 2865 1289 2932 λουίέωτοε
1314 2886 1358 2926 τε-

184 2992 218 3044 25
236 2972 355 3052 λευτής,
377 2969 471 3055 ήγουν
493 2973 549 3056 τής
571 2971 732 3053 ἐκβάσεως
755 2974 809 3058 ιής
831 2972 1036 3056 αἱρέσεωςθ),
1060 2969 1093 3032 ἐν
1118 2965 1145 3054 ᾧ
1167 2965 1359 3052 αἱρετικῦςθ)

236 3072 360 3157 ἐγράφη
385 3093 429 3146 τις
449 3071 651 3157 κληρονόμος,
676 3076 709 3136 τὸ
740 3077 794 3137 τοῦ
824 3074 1015 3160 κληρονόμου
1044 3072 1161 3135 δίκαιον
1193 3069 1359 3150 ἐναλλαγὲν

236 3173 384 3258 οόδεμίαν
407 3173 493 3258 αὐτῷ
512 3175 604 3258 φέρει
623 3175 748 3262 βλαβὴν
781 3177 824 3250 εἷς
851 3179 885 3239 τὸ
915 3171 1132 3247 διαδέξασθαι.
1182 3171 1267 3246 ὥςτε
1299 3167 1361 3245 οῦν,

237 3277 263 3337 ελ
286 3276 392 3362 συμβῇ
415 3277 466 3336 τόν
494 3275 549 3337 ὑπ’
577 3275 654 3358 ἐμοῦ
688 3277 849 3362 γραφέντα
881 3278 1076 3363 κληρονόμον
1105 3275 1181 3340 εἶναι
1207 3275 1362 3358 ῥωμαῖον,

237 3377 302 3440 εἶτα
327 3378 407 3458 μετὰ
434 3378 490 3462 τήν
521 3380 637 3464 ποίησιν
667 3383 721 3466 τής
749 3379 902 3466 διαθήκης
931 3381 1073 3444 ἐκπεσὼν
1107 3383 1162 3463 τής
1195 3376 1361 3452 πολιτεὶας,

185 3509 220 3561 30
238 3481 349 3566 ταύτην
372 3481 508 3560 ἀνέλαβε
532 3484 591 3563 πρὸ
613 3487 670 3569 τής
691 3483 768 3569 ἐμής
789 3484 944 3570 τελευτῆς,
967 3482 1073 3570 ήγουν,
1096 3481 1129 3544 ἐν
1153 3477 1364 3566 ῷαέμετικῦς

236 3580 411 3667 ἐγέγραπτο
439 3584 632 3669 κληρονόμος
660 3588 720 3669 πρὸ
747 3585 803 3674 τής
831 3585 992 3667 ἐκβάσεως
1014 3587 1070 3670 τής
1091 3581 1257 3664 αἱρέσεως,
1284 3582 1361 3644 ἆῑω·

236 3683 335 3756 λύτως
358 3684 588 3771 κληρονομήσει,
634 3685 714 3760 ὥςτε
735 3684 791 3750 οὖν
813 3685 916 3769 (τοῦτο
939 3689 1000 3767 γάρ
1030 3685 1093 3748 ἐστι
1123 3687 1157 3747 τδ
1185 3682 1361 3766 συναγόμε-

306 3954 327 4016 ¹)
346 3951 383 4004 11·
403 3971 424 4004 1·
443 3951 468 4006 d·
487 3951 535 4006 1¹¹·
554 3953 585 4007 F.
605 3955 647 4007 W.
801 3954 824 4022 λ)
842 3955 884 4010 ad.
903 3955 945 4011 vi.
964 3955 997 4009 R.
1148 3955 1171 4021 ⁸)
1188 3953 1254 4010 add.
1274 3969 1310 4008 ex
1329 3951 1366 4005 M.
1453 3993 1454 4016 ,

234 4038 259 4104 4)
277 4037 337 4089 δυσλ
357 4035 398 4092 vi.
416 4037 448 4090 R.
585 4039 608 4106 ⁵)
627 4040 690 4092 τόδε
708 4039 741 4095 G.
878 4043 902 4107 6)
919 4041 963 4092 δεῖ
979 4039 1028 4108 τήν
1047 4041 1086 4092 κλ.
1104 4040 1251 4091 άδιτεῦσαι
1270 4037 1313 4092 Vi.
1333 4035 1363 4090 R.
1453 4031 1454 4048 ¹

235 4123 258 4191 7)
277 4121 317 4178 vi.
337 4125 382 4192 τῷ.
486 4125 509 4190 ⁸)
528 4124 602 4175 ἐστόν
620 4123 645 4179 d.
664 4125 716 4178 Ma
735 4124 777 4179 ad.
798 4131 847 4180 cet
952 4125 975 4193 ⁹)
994 4125 1103 4192 αἱρετὸς
1120 4122 1171 4176 11⁶.
