2926 4708
551 381 786 444 -199-

109 587 146 633 sn
168 569 272 646 licent,
294 587 334 632 an
349 566 456 650 potius
472 566 532 632 sibi
547 567 691 632 nocuerit
712 565 803 647 quusi
826 583 863 631 eo
879 565 947 647 ipso
962 571 1125 645 paternum
1140 579 1235 642 cgno-

111 687 190 753 uerit
214 686 419 764 uoluntatem,
442 704 504 766 quo
527 686 664 768 legatum
687 683 838 767 petierit?
861 688 894 750 et
915 682 1015 764 magis
1038 687 1087 747 est
1109 691 1146 746 ut
1168 680 1235 744 nul·

108 807 167 871 ium
191 797 367 872 ei'orietnr
394 806 640 890 praeiudicium,
666 824 802 888 nemque
833 804 948 869 tutoris
975 799 1077 868 officio
1107 799 1234 866 iunctus

108 927 243 1006 legatum
266 927 374 1008 petiit;
397 934 430 992 et
451 927 559 1008 itaque
580 925 656 989 nihil
678 925 784 990 obstat
805 923 882 1006 quin
905 939 962 988 suo
985 921 1110 987 nomine
1126 918 1165 985 de
1189 919 1234 982 in-

70 1055 92 1105 o.
108 1041 243 1110 oificioso
271 1051 459 1110 testamento
489 1050 575 1125 agat.
628 1045 656 1106 5.
692 1043 734 1107 Et
763 1063 780 1108 e
807 1043 965 1107 contrario
993 1041 1026 1104 id
1055 1037 1233 1121 quaesitum
1270 1044 1287 1093 ⁵

107 1171 159 1228 cst
206 1183 279 1230 oum
301 1182 359 1242 ego
387 1163 483 1228 filium
513 1164 706 1246 impuberem
733 1162 765 1226 in
793 1180 863 1226 meo
891 1163 1050 1243 potestate
1076 1156 1233 1233 haberem,

106 1281 163 1346 olio
185 1281 307 1348 herede
331 1283 457 1364 scripto,
481 1301 552 1347 eum
575 1282 760 1347 exheredem
783 1279 852 1359 ieci,
881 1279 958 1346 nihil
985 1279 1015 1344 ei
1041 1279 1233 1358 relinquere

106 1401 208 1483 legasti
234 1411 342 1466 sutem
372 1419 485 1466 aureos
508 1398 533 1464 G
554 1400 637 1467 Titio
660 1401 803 1474 cuidam,
832 1416 925 1480 quem
949 1417 1006 1479 ego
1029 1403 1164 1463 tutorem
1188 1404 1233 1462 te-

106 1525 261 1585 stnmento
286 1520 441 1603 impuberi
470 1519 598 1600 reliqui,
632 1520 682 1585 uel
711 1538 803 1601 quem
832 1519 1037 1600 megistrutus
1064 1516 1153 1582 dedit
1180 1515 1232 1582 nel

107 1637 183 1703 forte
206 1639 263 1719 qni
284 1640 353 1705 iure
375 1647 507 1705 uocatus
531 1645 587 1705 est.
641 1640 680 1704 de
707 1637 878 1704 inofficioso
906 1636 1079 1720 impuberis
1107 1634 1231 1702 nomine
1252 1650 1283 1700 ιο

107 1757 204 1822 Titius
228 1759 306 1839 egit,
327 1765 423 1841 etque
445 1767 612 1842 superatus
641 1767 705 1836 est,
735 1757 817 1824 forte
848 1759 929 1824 enim
959 1759 1043 1822 inste
1071 1774 1232 1822 excausa

107 1875 248 1957 impubes
271 1878 402 1943 exheres
424 1877 525 1946 fectus
549 1887 606 1944 est.
644 1879 756 1944 deinde
779 1877 880 1942 Titius
903 1878 1056 1942 aduersus
1079 1876 1231 1959 scriptum

107 1995 250 2061 heredem
272 1998 340 2078 egit
370 2006 406 2062 ut
433 1996 571 2080 legatum
599 2006 807 2079 persequatur
834 1996 893 2062 sibi
923 1994 1076 2062 relictum.
1127 1992 1231 2060 nuilus

70 2141 92 2192 p,
109 2115 214 2181 dubito
237 2117 313 2197 quin
336 2117 486 2200 consequi
508 2117 616 2198 possit
662 2117 691 2180 6.
726 2117 774 2183 Ad
805 2115 976 2196 querellam
1006 2113 1231 2182 excludendum

108 2232 221 2299 sufficit
236 2242 358 2316 *quarto
379 2252 452 2316 pars
476 2235 528 2300 uel
550 2236 590 2300 sb
611 2237 761 2300 intestato
791 2234 841 2299 uel
871 2234 940 2299 iure
961 2233 1151 2300 hereditorio
1180 2233 1231 2298 uel
1251 2249 1283 2302 ro

107 2352 198 2434 iegoti
228 2351 344 2418 fideiue
372 2355 529 2419 commissi
557 2355 607 2419 uei
636 2353 746 2419 mortis
775 2371 871 2418 ceusu
901 2353 1079 2420 donationis
1108 2353 1229 2419 relicte

106 2472 231 2540 donatio
252 2481 359 2540 sutem
380 2475 464 2540 inter
486 2476 577 2540 uiuos
599 2493 660 2540 non
683 2481 935 2552 connumeretur,
959 2473 1019 2537 nisi
1039 2473 1073 2537 in
1095 2471 1157 2536 illis
1179 2489 1230 2538 os·

106 2593 198 2672 sibus,
221 2612 356 2676 quorum
378 2594 566 2660 sanctissimi
589 2595 736 2676 principis
759 2595 859 2659 nostri
882 2593 1064 2660 constitutio
1079 2591 1228 2658 meminit.

105 2709 151 2776 set
170 2713 200 2776 si
221 2711 292 2777 eliis
320 2729 445 2795 quoque
473 2713 573 2779 modis
604 2731 641 2777 ex
671 2713 832 2779 ueteribus
859 2713 982 2793 legibus
1011 2720 1043 2778 et
1071 2711 1229 2778 diuelibus

105 2831 379 2898 constitutionibus
401 2839 516 2913 quarte
537 2850 611 2914 pers
633 2829 696 2896 filio
727 2832 930 2910 deuoluetur,
958 2832 1098 2912 querella
1127 2829 1228 2896 inoffi·
1246 2839 1281 2890 uo

105 2949 177 3012 ciosi
198 2957 312 3040 cesset
359 2959 391 3015 et
412 2950 440 3015 si
469 2949 597 3033 quidem
626 2967 707 3014 unus
733 2947 816 3015 iilius
846 2951 905 3027 sit,
933 2957 1049 3033 quarte
1076 2950 1229 3016 bonorum

105 3069 225 3146 persei
248 3069 452 3152 relinquendo
474 3075 537 3134 est:
559 3069 609 3134 sin
631 3075 737 3134 sutem
760 3068 823 3134 duo
844 3067 1002 3150 pluresue,
1025 3077 1139 3150 qnsrts
1153 3087 1229 3152 pers

105 3191 221 3256 cunctis
251 3190 345 3255 simul
371 3209 429 3273 pro
458 3189 544 3256 uirili
566 3192 649 3256 idest
670 3210 728 3274 pro
750 3197 820 3257 rstu
847 3199 937 3273 perte
966 3189 1075 3256 relicto
1108 3186 1230 3270 querel-

106 3308 162 3372 lam
184 3308 349 3376 inofficiosi
369 3307 512 3392 impedit
565 3310 714 3376 uelutisi
744 3309 808 3377 duo
837 3312 916 3388 sint,
944 3315 1069 3392 oportet
1097 3308 1230 3392 siugulis
1268 3293 1270 3298 ’

105 3446 281 3496 sescuncem
315 3427 506 3512 relinquere3
542 3430 570 3494 si
600 3435 666 3496 tres
693 3431 771 3507 sint,
805 3431 898 3496 uncis
914 3425 1055 3510 siugulis
1093 3426 1227 3512 relinqui
1246 3447 1279 3498 us

106 3544 203 3612 debet
