2870 4716
518 351 745 414 -333-

79 538 173 604 inanis
195 539 246 616 sit
269 537 356 604 iubet
377 541 505 620 praetor
526 542 559 602 te
574 536 720 603 heredem
736 541 810 603 ante
832 536 1020 603 condicionis
1043 540 1190 601 euentum

80 659 293 741 repromittere
325 662 358 724 et
389 678 501 724 cauere
533 663 581 736 te,
616 658 670 723 ubi
702 657 842 724 condicio
872 659 1025 735 extiterit,
1053 658 1190 738 legatum

79 779 309 862 praestiturum.
355 779 386 842 id
409 781 435 844 si
462 779 554 844 heres
580 777 682 844 iacere
712 778 804 856 nolit,
835 780 865 843 in
893 778 1121 860 possessionem
1150 777 1192 841 le

77 903 165 978 patae
186 899 232 964 rei
254 918 310 964 seu
333 899 428 964 etiam
443 903 583 963 totorum
607 898 759 962 bonorum
783 899 900 962 mittor.
945 897 1115 961 Praetoriis
1138 895 1192 962 sti-

76 1019 285 1100 pulationibus
301 1017 396 1082 etiam
411 1017 570 1082 aediliciaa
585 1022 859 1095 connumerantur,
883 1035 964 1098 quae
986 1037 1023 1082 ex
1045 1016 1191 1082 aedilium
1209 1027 1225 1078 5

76 1137 286 1202 iurisdictione
312 1138 464 1218 originem
492 1137 618 1202 ducunt.
664 1138 732 1201 Hae
754 1137 857 1202 locum
884 1137 1000 1202 habent
1022 1137 1051 1201 iu
1075 1137 1192 1200 cautio

76 1258 173 1336 nibus,
194 1277 275 1340 quae
289 1257 369 1323 fiunt
383 1263 514 1341 propter
529 1258 607 1322 uitia
622 1275 786 1322 seruorum
802 1257 1051 1334 uendendorum3
1068 1261 1193 1337 oportet

76 1378 153 1442 euim
176 1378 372 1443 uenditorem
400 1379 533 1460 emptori
556 1378 777 1460 repromittere
799 1395 880 1453 sese,
904 1377 930 1440 si
954 1377 1028 1457 quid
1050 1377 1120 1440 uitii
1143 1394 1192 1441 oo-

76 1497 146 1560 oulti
173 1497 205 1561 in
234 1496 360 1562 uendito
387 1516 480 1563 seruo
502 1499 696 1574 inueniatur,
727 1497 815 1562 uerbi
839 1497 955 1577 gratia,
986 1496 1115 1579 duplum
1139 1497 1192 1560 da·

44 1617 219 1698 3.turum¹).
265 1619 293 1681 3.
322 1617 666 1682 Conuentiouales
694 1621 782 1694 sunt,
812 1635 893 1697 quae
923 1635 959 1680 ex
987 1617 1191 1681 conuentione
1213 1627 1243 1676 10

76 1737 238 1817 utriusque
259 1737 358 1818 partis
381 1733 476 1812 fiunt,
504 1736 588 1801 idest
609 1755 710 1817 nequa
737 1735 826 1800 iussu
849 1735 959 1799 iudicis
981 1754 1082 1816 neque
1104 1736 1191 1800 iussu

76 1857 237 1938 praetoris,
260 1861 308 1920 set
330 1875 367 1921 ex
389 1857 553 1921 uoluntate
573 1857 837 1921 contrahentium:
861 1855 1055 1936 totidemque
1077 1874 1192 1936 genera

43 1991 63 2038 r.
77 1977 355 2043 conuentionalium
367 1977 605 2058 stipulationum
617 1982 695 2058 quot
706 1976 771 2041 fere
786 1981 818 2040 et
829 1981 1018 2043 contractus.
1042 1978 1070 2038 4.
1088 1974 1191 2039 Com·

78 2115 209 2162 munes
238 2102 313 2162 sunt
340 2097 574 2178 stipulationes,
611 2097 708 2161 ueluti
743 2116 821 2160 rem
858 2095 1005 2177 pupilli
1041 2094 1190 2158 saluam

78 2215 171 2294 iore;
197 2221 325 2298 praetor
347 2218 429 2281 enim
452 2218 656 2282 constitutum
680 2221 817 2281 tutorem
842 2234 952 2280 cauere
974 2215 1075 2292 iubet,
1099 2215 1241 2279 sieuti15

80 2335 108 2398 iu
131 2335 158 2400 1⁰
177 2337 399 2402 institutorum
415 2336 494 2400 libro
511 2337 629 2401 dietum
645 2343 701 2413 est,
724 2336 894 2400 »saluam
911 2339 949 2399 et
963 2335 1190 2399 incolumem

81 2475 155 2520 reru
177 2457 317 2538 pupilli
340 2457 450 2522 fore«
492 2458 625 2540 quodsi
652 2463 725 2522 ante
748 2456 984 2521 satisdationem
1008 2461 1083 2536 agat
1103 2458 1191 2518 tutor

148 2693 165 2762 ¹)
182 2693 221 2749 De
239 2711 268 2749 re
286 2695 333 2749 etr.
351 2695 453 2750 Lenel
471 2695 604 2749 Edictum.
624 2700 681 2748 441.
