2926 4708
545 403 580 414 —
629 363 777 430 208-

97 549 293 630 pinguiorem
316 557 461 618 naturam
483 551 528 618 eis
551 569 621 618 esse
643 552 806 630 indultam,
830 555 1041 620 necessarium
1058 555 1146 621 duxit
1160 573 1224 622 om·

97 667 166 733 nino
191 665 298 751 legata
320 668 568 737 fideicommissis
591 670 771 738 adsimilare
799 680 836 739 ut
865 671 953 740 nulla
980 672 1112 757 amplius
1140 673 1224 742 inter

97 807 131 854 ao
151 789 198 854 sit
220 787 407 868 differentia,
431 795 480 856 εει
500 789 585 870 qnod
606 788 719 872 legatis
741 790 833 869 desit,
855 790 888 858 id
912 810 949 857 ex
971 791 1223 860 fideicommissa

95 923 160 972 mm
186 908 350 990 repleatur
371 913 495 987 natura,
518 915 551 974 ει
573 909 656 991 qnod
678 907 712 975 in
734 909 848 990 legatis
865 909 1000 992 amplius
1023 912 1074 990 sit,
1097 911 1131 977 id
1152 931 1223 978 cum

95 1025 343 1092 fideicommissis
364 1043 489 1111 quoque
511 1027 768 1094 communicetur.
812 1035 862 1095 set
883 1049 923 1096 ne
945 1030 1074 1097 contuse
1096 1038 1128 1097 et
1152 1051 1221 1114 per·
1256 1037 1273 1088 ὅ

97 1147 211 1213 miscus
235 1147 274 1214 de
296 1147 410 1229 legatis
432 1154 464 1214 et
485 1145 732 1216 fideicommissis
754 1155 927 1217 tractantes
955 1152 987 1216 iu
1019 1151 1096 1232 ipsis
1116 1150 1221 1233 legum

96 1265 346 1334 institutionibus
383 1273 507 1334 teneras
545 1268 648 1336 adhuc
685 1268 922 1336 adulescentum
959 1289 1053 1337 aures
1084 1271 1117 1336 in
1153 1271 1221 1353 ipso

95 1385 252 1464 prooemio
268 1382 452 1453 difficilioris
467 1387 627 1454 doctmnae
648 1387 822 1470 turbemus,
844 1395 1054 1471 opportunum
1074 1407 1144 1456 esse
1165 1391 1220 1456 du·

94 1505 191 1571 umus
214 1511 312 1570 antea
333 1504 373 1569 de
394 1503 512 1588 legatis
533 1505 702 1588 separatim
725 1506 846 1586 dicere,
874 1513 907 1573 et
932 1513 1043 1590 postea
1074 1505 1113 1574 do
1136 1507 1221 1576 fidei·

95 1615 267 1692 commissis
296 1629 449 1704 mactare,
480 1629 516 1691 ut
548 1625 714 1710 utriusque
743 1632 858 1694 natura
886 1626 1017 1692 seorsim
1044 1620 1272 1709 perspecta,1⁰

95 1743 289 1825 suptiliorem
314 1743 473 1827 quandam
501 1750 534 1811 ει
564 1744 793 1827 diligentiorem
819 1745 993 1812 doctrinam
1016 1746 1135 1812 eruditi
1157 1748 1220 1814 ism

57 1870 186 1946 namne
208 1863 335 1930 εᾶειιειι
356 1865 426 1930 sine
445 1862 510 1930 ullu
536 1863 693 1945 accipiant
721 1865 966 1945 perturbatione
1011 1865 1041 1928 4.
1078 1865 1149 1932 Non
1171 1883 1217 1931 so-

93 1982 153 2048 lnm
174 1988 284 2048 antem
305 1983 467 2049 testatoris
489 1981 542 2050 uel
563 1982 765 2056 heremarus,
787 1989 837 2049 set
858 1982 953 2049 etiam
975 1983 1098 2050 alienae
1119 1983 1219 2066 legari

93 2106 234 2182 possunt,
261 2119 324 2168 non
353 2109 459 2168 mmeu
480 2108 517 2168 ut
538 2101 665 2168 domino
690 2119 767 2169 snae
794 2119 847 2168 res
875 2102 1074 2169 auferantur:
1096 2103 1219 2185 cogitur

95 2219 175 2286 enim
195 2220 290 2288 heres
312 2221 473 2288 dominum
495 2221 582 2288 adire
604 2225 700 2302 atque
723 2222 762 2288 de
783 2239 819 2288 re
841 2223 973 2288 emenda
994 2240 1099 2304 agere.
1136 2228 1169 2288 et
1190 2223 1217 2287 si
1239 2223 1269 2274 1⁵

94 2336 218 2420 quido·
246 2338 390 2406 dominus
418 2339 555 2407 uendere
584 2339 689 2418 malit,
716 2340 808 2406 heres
837 2358 908 2407 cum
938 2341 1124 2420 redemerit,
1152 2357 1218 2407 rem

93 2458 243 2542 legatario
263 2459 371 2526 tradit
408 2460 456 2525 sin
478 2465 585 2526 aotam
607 2466 752 2542 nequeat,
775 2459 901 2527 uolente
922 2460 1058 2539 domiuo,
1079 2460 1126 2524 rei
1148 2477 1218 2540 pre·

94 2575 170 2644 tium
192 2577 345 2662 legatario
366 2578 552 2661 praestabit
602 2578 630 2644 si
652 2579 723 2662 quis
745 2579 881 2646 moriens
903 2577 980 2645 mihi
1002 2595 1071 2644 rem
1091 2578 1217 2662 legana-

93 2699 145 2780 rit‚
174 2699 265 2766 cuius
292 2697 511 2765 commercium
541 2716 603 2764 non
630 2697 747 2777 habeo,
773 2716 836 2764 uon
865 2697 966 2764 solum
995 2715 1033 2764 ea
1055 2697 1132 2762 mihi
1154 2716 1217 2764 non

94 2817 242 2898 debetur,
269 2822 319 2884 set
343 2835 445 2900 neque
472 2819 540 2886 eius
562 2817 699 2902 pretium
721 2823 829 2902 petere
850 2835 989 2902 possum.
1033 2817 1110 2901 qnid
1133 2817 1215 2883 enim
1234 2823 1269 2876 to

94 2939 212 3021 siquis
234 2954 378 3020 campum
400 2932 551 3002 Martium
573 2936 649 3002 mihi
672 2937 827 3020 legooerit
849 2938 913 3020 (est
935 2941 1043 3003 autem
1057 2935 1144 3003 locus
1159 2954 1213 3020 pu-

94 3059 193 3126 blicus
210 3077 309 3142 prope
330 3061 492 3146 Romam).
522 3064 574 3131 uel
602 3064 764 3131 basilicam
793 3064 846 3131 uel
873 3061 1026 3144 templum
1053 3063 1105 3130 nel
1133 3081 1216 3146 quae
1262 3053 1266 3058 ’

93 3178 215 3260 publico
235 3179 307 3246 usui
328 3181 513 3262 inseruient,
535 3179 635 3249 ueluti
657 3182 816 3248 theatrum
837 3199 966 3248 arenam
988 3180 1132 3250 circum?
1152 3197 1214 3247 om

93 3296 143 3361 uia
163 3295 199 3362 id
220 3316 319 3379 genus
339 3297 446 3383 legata
466 3297 585 3368 nullius
606 3301 755 3367 momenti
778 3305 862 3366 sunt.
884 3301 968 3382 quod
984 3306 1092 3368 autem
1109 3297 1215 3382 paullo

94 3420 164 3482 anta
178 3417 399 3500 proposuimus
415 3437 482 3486 rem
496 3419 630 3486 adanam
645 3438 695 3486 mo
711 3420 816 3502 legare
830 3437 924 3502 posse
938 3425 1014 3485 tunc
1030 3418 1154 3484 demum
1165 3435 1217 3485 ue·
1233 3433 1268 3485 aa

94 3551 161 3600 rum
184 3541 240 3616 est,
261 3555 333 3602 cum
356 3555 414 3620 ego
436 3544 569 3604 testator
591 3537 626 3604 ld
646 3537 783 3606 alienum
806 3555 874 3604 esse
898 3537 1048 3604 nouerim.
1094 3553 1166 3604 nam
1188 3538 1214 3603 si

94 3653 319 3736 ignorauerim,
346 3656 459 3722 inutile
486 3657 547 3725 crit
577 3656 725 3740 legatum.
775 3656 909 3724 forsitan
932 3657 1015 3724 enim
1037 3657 1065 3721 si
1086 3655 1214 3722 scissem
