2876 4712
519 348 749 412 -284-

82 537 159 602 ribus
186 535 334 618 legitimis
368 535 536 602 heredibus
566 535 745 601 extantibus
778 534 918 600 eiusdem
951 533 1068 616 gradm
1100 539 1196 615 atque

81 657 187 721 ceteris
218 655 422 733 adeuntibus,
456 653 582 738 quidam
615 655 666 721 uel
698 653 843 736 repudiet
876 653 926 720 uel
959 657 1059 720 morte
1091 651 1196 717 aliaue

81 793 169 840 cause
191 775 278 840 edire
300 773 490 855 impediatur
512 775 599 858 (suut
625 775 707 840 euim
730 771 835 855 plures
850 773 904 854 qui
920 769 1195 838 constitutionibus

81 901 240 960 arceantur
269 895 495 978 successione),
524 895 592 960 cius
614 895 716 980 portio
737 893 925 962 adeuntibus
946 891 1109 962 adcrescit.
1161 901 1196 957 ut

82 1033 152 1093 ecce,
177 1021 328 1094 quattuor
350 1033 419 1080 cum
443 1023 562 1094 essent,
585 1023 649 1080 tres
679 1014 841 1098 adierunt,
868 1032 950 1080 unus
979 1033 1055 1080 uero
1083 1012 1196 1080 deiecit
1229 1020 1246 1070 ⁵

81 1133 145 1212 quia
168 1134 351 1216 repudiauit
374 1134 424 1200 uel
446 1143 588 1202 mortuus
610 1141 661 1204 est
682 1136 731 1201 uel
754 1135 822 1218 lege
836 1141 885 1201 est
899 1133 1077 1217 prohibitus
1092 1151 1197 1200 succe·

82 1251 160 1318 dere:
185 1253 253 1319 eius
275 1255 376 1334 portio
398 1255 499 1320 tribus
522 1272 559 1320 ex
582 1255 690 1335 aequis
712 1255 854 1336 partibus
876 1255 1036 1320 adcrescet
1057 1273 1114 1320 seu
1136 1254 1194 1336 ipsi

81 1371 183 1438 uiuam
205 1390 262 1437 seu
284 1390 338 1438 eos
360 1375 438 1439 mori
460 1375 634 1454 contigerit.
769 1373 772 1376 ’

272 1985 317 2049 De
339 1985 535 2051 successione
558 1993 770 2065 cognatorum.
816 1983 941 2050 Titurius
964 1987 993 2049 5.

158 2171 207 2236 nd
230 2172 368 2236 defuncti
392 2171 596 2237 hereditatem
623 2191 704 2254 quse
733 2173 774 2237 ab
802 2172 952 2238 intestato
983 2171 1123 2238 defertur
1143 2191 1197 2236 uo·

82 2290 138 2354 curi
160 2292 295 2355 diximus
318 2308 391 2355 suos
414 2290 464 2356 uel
486 2292 540 2372 qni
562 2291 611 2356 bis
633 2310 653 2355 a
678 2299 826 2374 preetore
853 2292 1115 2369 adnumerentur,
1142 2309 1196 2356 ue·
1215 2314 1249 2366 10

82 2408 133 2474 luti
153 2411 375 2491 emancipatos,
399 2411 449 2475 uel
472 2413 526 2493 qui
548 2409 825 2477 constitutionibus
847 2411 923 2492 ipsis
946 2409 1119 2487 adduntur,
1143 2427 1196 2475 ue·

83 2529 133 2594 luti
155 2529 265 2613 quiin
287 2531 390 2596 curias
413 2537 487 2596 sunt
508 2531 584 2608 doti,
607 2529 659 2595 uel
686 2529 742 2614 qui
764 2531 893 2596 muliere
922 2530 989 2595 nati
1018 2538 1092 2596 sunt
1121 2550 1196 2614 erga

82 2667 166 2730 quem
190 2670 251 2716 non
274 2657 343 2716 crat
364 2650 515 2716 maritalis
536 2651 668 2730 affectio,
691 2653 806 2734 quique
828 2657 939 2734 posteo
953 2650 1066 2717 dotalis
1082 2651 1196 2716 iustru-

83 2769 171 2835 menti
192 2771 384 2837 coniectione
406 2789 532 2836 suorum
556 2771 661 2853 adepti
684 2777 758 2836 suut
779 2771 859 2836 iure.
910 2777 982 2856 post
1004 2771 1061 2837 bos
1082 2789 1197 2837 uocan-

83 2896 130 2953 tur
150 2889 191 2955 ub
212 2891 362 2956 intestato
389 2889 516 2972 adgnati
546 2897 578 2956 et
599 2889 713 2972 quibus
741 2890 939 2972 wguedouis
968 2889 1040 2954 ium
1067 2897 1248 2971 senetus15

83 3007 249 3074 consultum
292 3009 508 3075 trebellianum
548 3016 580 3074 et
620 3007 797 3076 orfitianum
839 3011 1037 3087 tribuerunt,
1080 3016 1196 3074 matres

82 3146 186 3210 nempe
209 3128 360 3209 liberique
383 3145 499 3192 earum.
546 3138 594 3193 set
617 3137 648 3192 et
670 3129 802 3210 piissimi
826 3127 979 3210 Principis
1003 3128 1102 3194 nostri
1125 3147 1194 3193 cou-

82 3247 199 3313 stitutio
221 3250 379 3315 sororibus
402 3251 484 3314 natis
505 3247 645 3333 legitima
667 3247 737 3315 iura
760 3249 922 3316 concessit.
