2936 4704
542 313 774 378 -162-

29 541 31 584 ,
124 498 205 562 lentos
226 505 383 564 seruetur.
428 499 557 565 militiae
579 501 659 566 enirn
687 519 812 581 opernm
839 501 950 568 dantes
981 503 1091 568 merito
1120 503 1220 566 omnis

124 617 183 682 ioris
208 617 391 699 suptilitotis
420 619 670 684 obseruationem
707 621 861 702 ignorant.
913 625 963 686 set
988 619 1061 688 olirn
1094 621 1218 703 quidem

123 735 287 818 ubicunque
310 737 469 820 degerent,
492 745 637 818 poterent
666 740 735 804 inre
762 739 887 804 militari
907 745 1130 806 testamentum
1152 757 1221 822 per·

124 857 207 934 icere;
227 856 412 923 constitutio
434 863 539 922 autern
562 859 708 939 principis
731 859 830 924 nostri
851 864 918 922 tum
946 859 1070 923 dernunr
1098 859 1160 923 illis
1187 859 1218 922 id

123 979 202 1041 locere
221 977 386 1048 concessit,
408 995 478 1042 cum
501 977 531 1040 in
555 978 669 1042 castris
692 977 743 1043 uel
765 978 797 1042 in
820 977 1072 1059 expeditionibus
1088 979 1150 1042 sint
1172 997 1218 1044 oc·
1255 977 1273 1030 ⁵

29 1099 30 1158 3
124 1096 216 1175 rupoti.
262 1113 389 1177 quoquo
412 1095 496 1161 enim
518 1097 610 1162 rnodo
633 1115 740 1164 eornm
763 1098 909 1164 uoluntas
931 1097 999 1162 sine
1014 1097 1138 1178 scriptis
1153 1096 1221 1163 siue

29 1203 30 1206 ’
122 1215 173 1279 sine
191 1215 344 1297 scripturn
365 1216 408 1281 sit
429 1235 585 1298 expresso,
608 1217 749 1300 uigorem
772 1218 896 1284 hebent
934 1216 995 1284 illis
1017 1223 1121 1284 nutem
1145 1223 1221 1284 tenr-

124 1335 238 1414 poribus,
263 1353 319 1415 per
341 1351 422 1414 quae
446 1336 475 1399 in
498 1335 568 1400 aliis
591 1335 665 1401 locis
689 1337 739 1401 uel
762 1337 794 1401 in
816 1336 899 1413 suis,
922 1355 1001 1416 quos
1024 1343 1151 1413 uocant,
1174 1354 1219 1402 so·

123 1451 200 1516 dibus
225 1453 358 1534 degent,
386 1453 575 1520 militaribus
602 1454 774 1537 priuilegiis
803 1457 834 1520 in
868 1455 1014 1522 testnndo
1043 1455 1221 1521 nullomodo

122 1569 254 1637 iroentor.
300 1575 381 1639 etsi
404 1573 594 1641 filiifamilias
621 1573 686 1638 sint
713 1574 809 1640 libere
831 1591 960 1656 prorsus
989 1575 1105 1656 ubique
1126 1579 1221 1640 testo·
1242 1581 1274 1632 1⁰

122 1690 232 1772 buntur,
269 1693 347 1757 iuris
376 1691 494 1758 scilicet
520 1693 741 1758 obseruatione
766 1691 907 1758 adhibite
940 1692 967 1756 si
1002 1697 1090 1758 extre
1118 1699 1221 1757 castro

29 1879 30 1882 Ἴ
93 1819 108 1868 r.
122 1808 226 1890 degent
263 1815 288 1873 l.
325 1811 397 1875 Non
421 1815 480 1876 erit
501 1810 672 1876 absurdum
696 1829 733 1876 eo
755 1828 879 1894 qnoque
901 1811 962 1877 hnc
985 1811 1118 1892 odiente,
1140 1827 1221 1890 queo

29 1971 30 1974 ,
123 1929 285 1995 nTrninno
316 1931 355 1995 de
383 1931 511 1995 militari
540 1936 727 1997 testamento
759 1937 880 1996 statuto
906 1937 981 1996 sunt
1007 1931 1039 1994 in
1068 1929 1221 1996 eiusmodi

121 2066 191 2112 orsu.
232 2050 358 2132 quidam
381 2049 467 2124 miles
490 2068 561 2114 cunr
582 2047 704 2131 aliquos
726 2056 930 2116 conuoonsset
952 2048 1032 2113 dixit
1054 2066 1159 2114 eorem
1182 2048 1221 2113 iis

124 2165 195 2230 illurn
220 2168 277 2234 sibi
301 2167 445 2233 heredem
476 2186 546 2234 esse
576 2169 672 2243 uelle,
703 2165 851 2250 illumque
878 2185 1005 2232 seruum
1033 2167 1272 2232 manumortis

121 2285 267 2354 haeceine
290 2289 415 2370 scriptis
439 2287 626 2353 factasunt.
662 2293 733 2368 post
754 2307 830 2352 uero
853 2288 920 2352 eins
942 2293 1074 2351 mortem
1098 2291 1221 2350 contro

123 2406 211 2470 nereio
231 2415 299 2472 orto
322 2413 369 2472 est
392 2407 473 2470 inter
495 2424 559 2484 eos,
583 2405 636 2486 qni
664 2407 704 2470 ab
732 2406 882 2470 intestato
910 2404 1091 2481 ueniebant,
1123 2403 1219 2468 illum-

121 2538 180 2601 qne,
200 2528 249 2606 qui
271 2525 363 2590 heres
386 2531 435 2590 est
456 2521 665 2608 nuncupatus.
690 2531 721 2590 et
743 2526 795 2607 qui
819 2524 987 2590 ueniebant
1008 2524 1049 2589 ab
1072 2524 1220 2588 intestato

120 2645 259 2724 nrgnbnnt
280 2663 361 2725 qnae
383 2664 402 2709 o
424 2645 570 2711 defuncto
600 2645 684 2710 dicto
705 2651 825 2722 essent,
852 2644 956 2710 animo
986 2641 1122 2708 testandi
1152 2659 1220 2706 esse

119 2762 207 2846 dicta;
228 2767 316 2832 heres
338 2776 444 2834 autern
472 2769 603 2833 militnm
630 2767 830 2850 priuilegium
858 2765 1107 2849 praeseferebat,
1133 2765 1221 2830 inxtn
1238 2781 1273 2836 no

117 2885 189 2961 qnod
216 2893 435 2952 testamentum
464 2893 568 2953 ratum
595 2893 678 2952 esset
705 2887 892 2952 habendum.
944 2883 1088 2950 Statilius
1115 2890 1221 2948 autern

116 3000 241 3070 Seuerus
273 3005 425 3072 eiusmodi
459 3007 705 3073 controuersiam
738 3025 808 3073 cunr
841 3007 1001 3081 audisset,
1041 3005 1081 3068 nd
1112 3001 1220 3067 diuum

116 3121 268 3190 Troianum
292 3126 431 3206 rettulit,
454 3127 509 3210 qui
538 3129 615 3193 haec
644 3127 817 3210 rescripsit:
848 3127 983 3193 militare
1011 3124 1223 3208 priuilegium,

115 3258 146 3304 er
166 3260 225 3322 qno
246 3243 378 3311 rnilitum
407 3253 597 3313 testamenta
622 3246 912 3329 quomodocumque
939 3243 1022 3310 lecta
1050 3249 1121 3310 rete
1149 3243 1220 3320 sint,

115 3359 154 3426 sic
173 3361 307 3445 intellegi
329 3366 433 3443 debet,
455 3374 492 3433 ut
513 3368 622 3446 otique
643 3369 730 3448 prius
753 3371 899 3432 constare
921 3365 1034 3430 debent
1053 3369 1221 3430 testamen·
1238 3367 1272 3418 25

114 3485 174 3543 torn
195 3479 306 3548 iactum
330 3503 407 3561 esse,
431 3485 498 3550 siue
520 3484 553 3550 in
576 3487 702 3566 scriptis
728 3487 795 3550 siue
817 3486 884 3551 sine
906 3485 1072 3565 scriptore
1095 3483 1124 3547 is
1146 3500 1220 3564 ergo

115 3596 196 3665 niles
219 3601 396 3681 defunctus,
421 3605 460 3669 de
482 3575 571 3670 ouius
599 3604 688 3670 bonis
716 3605 894 3686 quaeritur,
923 3603 951 3667 si
979 3581 1157 3668 conuoc'otis
1179 3601 1220 3667 od
