2870 4716
520 373 751 438 -340-

81 560 201 638 derent3
224 560 293 626 ideo
310 559 493 626 constitutio
509 559 574 624 lata
589 563 639 625 est
657 560 756 625 nostri
779 560 928 643 principis
950 559 1080 625 celerem
1102 557 1194 624 finem

79 680 230 745 eiusmodi
258 680 510 746 contentionibus
538 677 686 756 1111111111,
716 698 810 762 quam
838 679 878 744 ad
901 679 1073 744 Caesareae
1099 678 1194 744 admo

80 805 163 866 catos
186 801 327 884 scripsit:
348 819 404 881 per
426 818 521 882 quam
541 799 696 882 disposuit
717 800 797 865 tales
820 800 1002 882 scripturas,
1026 801 1057 866 in
1080 799 1194 882 quibus

79 927 204 1003 praesto
235 939 305 986 esse
333 926 469 1002 utraque
498 939 572 1002 pars
603 919 734 998 dicitur,
769 919 945 986 omnimodo
968 939 1036 986 1111
1069 921 1195 986 creden·

79 1041 146 1120 das,
176 1041 237 1106 nisi
263 1039 344 1106 forte
370 1041 437 1124 ipse
461 1041 514 1123 qui
543 1041 638 1106 talem
664 1040 838 1123 improbam
865 1039 955 1106 affert
977 1041 1227 1124 allegationemo

80 1161 330 1228 manifestissime
352 1161 578 1245 approbauerit
591 1181 648 1244 per
663 1162 835 1243 scripturas
858 1180 914 1227 seu
937 1167 1033 1226 testes
1054 1161 1193 1241 idoneos,

81 1287 144 1348 toto
168 1301 206 1348 eo
229 1282 288 1360 die,
311 1299 375 1363 quo
397 1280 602 1348 conficeretur
622 1282 880 1359 instrumentum,
905 1281 956 1345 uel
977 1281 1120 1346 sesemel
1142 1280 1195 1347 ad·

41 1399 256 1468 ¹³·rersarium
278 1420 370 1467 suum
392 1401 424 1466 in
440 1401 509 1467 aliis
525 1401 600 1467 locis
623 1419 692 1468 esse
713 1405 883 1467 uersatum.
920 1400 966 1464 13.
990 1401 1080 1467 Post
1100 1420 1194 1466 mor·

82 1527 149 1586 tem
174 1540 280 1586 snam
304 1521 371 1586 dari
394 1522 464 1602 quis
487 1522 546 1586 sibi
567 1522 721 1588 inutiliter
743 1521 926 1604 stipulatur,
954 1521 1046 1586 sicuti
1069 1525 1195 1603 etpost

81 1640 278 1721 promissoris
301 1645 447 1706 mortem:
471 1661 507 1706 ac
529 1660 569 1706 ne
590 1642 616 1707 is
639 1641 765 1724 quidem
789 1641 841 1724 qui
864 1642 895 1706 in
918 1642 1048 1707 alterius
1070 1646 1120 1708 est
1140 1661 1194 1724 po
1215 1651 1246 1700 1⁰

81 1765 203 1839 testate,
228 1761 328 1826 ueluti
350 1779 461 1826 seruus
476 1759 607 1840 filiusue,
631 1768 704 1843 post
723 1762 888 1844 patrissui
910 1762 958 1828 uel
976 1761 1093 1828 domini
1114 1781 1195 1828 mor-

81 1886 140 1946 tem
176 1881 281 1948 ualide
313 1882 493 1964 stipulatur.
538 1887 588 1948 set
614 1888 646 1948 11
675 1883 700 1948 11
731 1882 801 1964 quis
828 1883 874 1947 ita
900 1888 983 1948 esset
1009 1882 1193 1964 stipulatus:

84 2000 236 2083 »pridie
270 2020 383 2084 quam
418 2002 592 2067 moriar«
628 2002 679 2067 uel
716 2021 848 2084 »quam
888 2001 1066 2068 morieris
1099 2003 1195 2068 dare

79 2120 290 2203 spondes‹?
325 2121 444 2188 inutilis
478 2127 548 2187 crat
584 2122 760 2205 stipulatio,
794 2142 864 2188 cum
896 2124 970 2188 item
1001 2122 1041 2187 ad
1072 2129 1195 2205 tempus

81 2246 150 2322 post
176 2247 311 2306 mortem
340 2246 480 2308 secutam
507 2241 584 2308 haec
610 2242 709 2308 uerba
734 2248 928 2324 spectarent,
957 2244 1085 2326 pridie
1111 2245 1244 2310 enim1⁵

80 2360 221 2426 mortis
243 2363 297 2444 qui
321 2361 386 2428 dies
409 2361 451 2427 sit
473 2362 691 2428 tantummodo
713 2368 786 2444 post
806 2369 939 2428 mortem
961 2364 1115 2429 nouimus.
1145 2369 1194 2429 set

79 2499 159 2559 cum,
183 2482 231 2546 uti
253 2483 379 2564 saepius
402 2481 520 2547 dictum
543 2488 604 2560 est,
633 2501 670 2546 ex
692 2500 845 2548 consensu
868 2484 1117 2550 contrahentium
1139 2485 1193 2550 sti-

79 2602 254 2682 pulationes
276 2602 416 2678 ualeant,
443 2601 562 2682 placuit
581 2602 714 2685 principi
736 2608 844 2668 nostro
867 2603 946 2668 hanc
968 2622 1094 2686 quoque
1115 2604 1193 2669 iuris

78 2727 202 2804 partem
217 2721 433 2787 emendatione
452 2721 590 2803 dignere,
613 2725 667 2800 ita,
691 2728 727 2786 111
742 2723 809 2788 sine
831 2728 921 2805 post
941 2732 1103 2790 mortem
1126 2724 1194 2790 siue

77 2840 208 2922 pridie
230 2859 342 2923 quam
364 2841 560 2907 moriatur
581 2843 749 2923 stipulator
766 2862 821 2908 seu
837 2845 1008 2925 promissor
1029 2845 1192 2927 stipulatio
1210 2847 1244 2898 20

33 2963 67 3012 14·
77 2966 228 3043 concepta
256 2965 320 3040 cst,
353 2960 461 3043 procul
490 2960 585 3027 dnbio
614 2962 729 3027 ualeat.
776 2965 822 3027 14.
853 2963 977 3028 Inutilis
1004 2968 1053 3030 est
1080 2983 1194 3048 prac-

74 3085 243 3162 postera
269 3099 395 3164 quoque
422 3081 598 3164 stipulatio,
629 3082 728 3148 ueluti
758 3082 783 3147 si
812 3083 882 3164 quis
910 3084 1093 3166 stipuletur:
1134 3084 1192 3149 »si

75 3218 165 3265 cras
188 3202 298 3268 nauis
325 3220 369 3266 11
391 3202 486 3268 Asia
513 3202 681 3280 uenerit,
709 3202 822 3267 hodie
847 3202 936 3268 mihi
958 3203 1047 3269 dare
1073 3221 1193 3287 spon·

75 3321 145 3387 des
158 3321 198 3384 «l
217 3322 336 3388 inutilis
359 3327 464 3388 autem
484 3327 533 3388 est
554 3322 726 3404 stipulatio,
749 3341 819 3388 cum
842 3341 903 3388 non
926 3327 1071 3406 oporteat
1093 3321 1192 3388 datio-

74 3459 150 3507 nem
169 3441 354 3510 condicionis
369 3444 496 3510 euentui
512 3443 705 3523 antecedere,
728 3445 803 3526 quin
818 3444 907 3527 sequi
922 3443 1025 3510 debet
1051 3447 1101 3510 set
1121 3461 1192 3510 cum
1209 3445 1242 3497 2⁵
