3092 4702
538 321 750 384 ..46-

113 513 135 576 iu
153 527 196 576 eos
214 509 270 591 qui
293 509 384 575 binas
406 507 592 576 contrahant
613 510 750 592 nuptias.
787 529 880 578 nemo
902 511 995 590 enim,
1018 510 1135 576 maiore
1156 529 1208 574 no·

114 631 191 713 glecto
208 629 443 712 impedimento,
464 630 547 696 idest
568 647 668 712 poena
690 631 828 714 capitali,
851 633 957 697 minus
972 631 1148 697 considerat
1170 649 1206 697 aa

84 750 167 815 i-dieit
185 757 315 832 propter
337 747 509 814 adfinitatis
538 755 715 829 respectum
745 769 800 816 eos
828 750 912 818 ooire
940 769 1001 816 non
1031 769 1131 834 posse.
1177 752 1207 812 7.

111 869 161 934 Nou
174 887 299 951 possum
320 887 389 934 eam
404 885 531 934 uxorem
547 869 670 947 ducere,
693 869 864 952 quaemihi
886 871 1076 954 quondam
1099 889 1207 935 socrus

110 997 151 1054 rut
168 1007 300 1056 uouerea
322 989 425 1068 inerit,
448 990 523 1070 quia
545 991 655 1056 matris
685 989 752 1057 loco
779 998 836 1057 est.
886 997 919 1058 et
945 1011 1054 1058 soorus
1080 993 1207 1073 quidem
1241 987 1258 1036 ὅ

110 1117 145 1174 est
162 1128 245 1175 meae
269 1110 375 1174 uxoris
398 1116 505 1186 mater,
534 1128 671 1176 nouerca
697 1116 802 1176 autem
831 1111 930 1194 patris
959 1111 1019 1176 mei
1049 1131 1142 1189 uxor,
1171 1131 1208 1176 ex

111 1247 158 1311 qua
176 1249 235 1295 non
260 1248 328 1294 sum
351 1249 409 1310 ego
431 1235 534 1296 natus.
578 1229 629 1296 hio
651 1248 775 1313 quoque
797 1229 904 1296 addidi
935 1231 1149 1312 ›quondom·,
1173 1238 1208 1294 ut

110 1347 263 1428 significem
284 1365 434 1430 personas
456 1367 517 1414 non
533 1355 649 1427 extare,
672 1366 752 1428 quae
766 1349 961 1430 cognationis
976 1357 1121 1416 auctores
1142 1349 1209 1416 fue·

108 1467 164 1546 rint,
178 1486 247 1533 eum
271 1487 349 1534 uxor
371 1485 441 1534 mua
462 1479 593 1550 paterne
615 1485 703 1533 meus
725 1474 866 1532 mortuus
889 1471 939 1532 sit.
962 1487 1037 1534 nam
1059 1469 1085 1534 si
1107 1469 1209 1535 adhuc

108 1587 243 1662 uiuerent,
267 1586 393 1670 nuptias
407 1588 557 1670 geminari
579 1588 782 1668 contingeret.
809 1587 836 1652 si
859 1587 941 1652 enim
964 1607 1088 1654 socrum
1108 1605 1209 1654 msam
1229 1591 1261 1642 10

108 1725 215 1772 uxorem
241 1707 368 1786 duxero,
391 1708 469 1772 duas
491 1707 605 1773 habere
627 1725 739 1772 uxores
761 1706 909 1785 uidebor,
938 1725 1062 1773 socrum
1091 1707 1210 1775 seilicet

108 1826 218 1910 eiusque
241 1825 351 1907 filiam,
373 1830 420 1892 sin
441 1835 548 1894 autem
572 1845 748 1908 nouercam,
772 1828 840 1908 ipsa
862 1828 941 1894 duos
971 1828 1088 1894 habere
1118 1829 1210 1893 mari·
1332 1880 1335 1886 .

107 1949 147 2010 tos
165 1946 371 2028 intellegetur,
393 1954 514 2028 patrem
536 1966 641 2013 meum
664 1955 697 2013 et
718 1947 962 2027 memetipsum.
999 1947 1083 2013 nosti
1104 1953 1209 2014 autem

75 2073 93 2124 t.
108 2066 256 2146 ospitalem
283 2085 415 2148 poenam
445 2067 588 2134 binarum
618 2067 797 2149 nuptiarum
826 2085 895 2134 esse
923 2066 1135 2132 constitutam.
1179 2067 1209 2130 8.

110 2185 216 2252 Primus
241 2187 296 2267 qui
324 2186 422 2254 filium
450 2207 488 2254 ex
515 2186 599 2253 Titia
624 2188 793 2266 habuerat,
823 2185 962 2252 Primam
994 2205 1123 2253 uxorem
1155 2186 1211 2252 du·
1231 2200 1261 2252 1⁵

107 2305 158 2384 rit,
184 2325 263 2390 quae
292 2305 389 2374 filiam
418 2327 456 2374 ex
477 2307 560 2374 tirio
587 2309 762 2386 habuerat,
795 2313 851 2373 aut
881 2327 919 2374 ex
947 2309 1103 2374 contrario
1130 2304 1211 2373 alter

108 2422 189 2491 tiliam
208 2427 353 2507 habebat,
376 2425 476 2493 altera
497 2425 604 2493 filium.
650 2428 761 2495 horum
787 2426 853 2507 filii,
877 2429 931 2511 qui
959 2427 1043 2510 apud
1072 2425 1210 2492 Graecos

109 2544 192 2626 uulgo
211 2546 471 2634 ἀλληλοπρόγονοι
493 2547 634 2628 audiunt,
656 2555 741 2614 recte
762 2549 897 2614 inuicem
912 2548 1153 2628 coniunguntur,
1176 2544 1211 2609 li·

107 2671 150 2728 cet
169 2665 260 2733 irater
281 2685 412 2736 sororue
433 2668 510 2750 ipsis
540 2675 686 2734 nascatur
715 2686 754 2733 ex
779 2667 995 2744 matrimonio,
1024 2665 1108 2748 quod
1137 2670 1211 2747 poet

74 2785 92 2836 9-
108 2800 154 2850 eos
179 2793 264 2851 natos
293 2789 488 2854 contractum
517 2792 574 2852 est.
619 2787 649 2850 9.
683 2786 769 2854 Uxor
796 2804 866 2853 mea
894 2803 967 2852 eum
993 2784 1161 2850 diuortium
1191 2799 1263 2852 ano

108 2921 151 2968 me
171 2903 300 2985 iecisset,
322 2906 414 2972 alteri
434 2907 505 2972 uiro
526 2913 625 2987 nupto
646 2911 704 2984 est,
727 2925 765 2971 ex
786 2925 849 2989 quo
867 2905 960 2971 filiam
975 2903 1095 2971 habuit.
1117 2919 1212 2984 quae·

105 3021 181 3086 ritur
200 3042 237 3090 an
257 3025 352 3092 filiam
374 3044 412 3091 ex
438 3045 477 3092 ea
505 3031 610 3092 natam
638 3044 764 3092 uxorem
794 3027 908 3092 ducere
936 3021 1078 3108 possim?
1105 3029 1139 3090 et
1166 3021 1212 3088 ait

108 3138 265 3230 [Iulianus]
285 3144 371 3210 illam
391 3144 518 3228 quidem
539 3145 717 3226 priuignam
738 3163 840 3210 meam
863 3163 925 3210 non
954 3162 1038 3222 esse,
1066 3161 1136 3210 cum
1158 3141 1213 3207 itta

108 3261 242 3342 priuigno
267 3265 307 3330 sit
329 3282 411 3346 quae
437 3269 510 3330 ante
539 3266 663 3347 nuptias
690 3282 775 3330 meos
802 3262 845 3329 sit
872 3269 1055 3346 procreata;
1083 3271 1133 3330 set
1159 3261 1214 3330 ho·

108 3380 305 3452 neruosusne
326 3383 480 3452 eiusmodi
502 3383 620 3466 nuptiis
641 3402 691 3450 me
719 3383 887 3451 abstinere.
939 3401 1010 3449 nam
1039 3389 1072 3449 et
1097 3399 1212 3464 sponsa
1229 3378 1263 3430 2⁵
