2876 4712
507 336 739 402 -285-

36 542 53 590 ι.
149 525 177 585 l.
219 523 296 588 Post
329 541 437 588 omnes
469 523 620 588 eiusmodi
654 541 803 604 personas
835 523 1027 604 excogitauit
1059 531 1186 605 praetor

69 639 189 706 tertium
213 641 363 717 ordinem,
387 661 424 707 ex
446 659 509 723 quo
531 647 679 724 cognatos
701 649 802 720 uooat,
826 649 958 708 naturae
972 640 1098 725 quidem
1115 661 1186 725 cog·

67 764 152 838 nitus,
175 761 236 843 legi
259 779 336 828 nero
358 759 420 828 XII
442 762 619 828 tabularum
636 768 745 844 utpote
761 762 934 843 angustiori
949 763 1080 842 ignotos.
1112 767 1186 827 sunt

66 879 95 946 hi
116 879 170 964 qui
192 881 307 965 capitis
329 883 573 948 deminutionem
597 889 672 946 sunt
693 884 776 964 passi
797 877 953 962 liberique
980 901 1017 948 ex
1040 881 1086 948 eis
1109 882 1184 947 nati.

66 1001 238 1066 huiusmodi
263 1004 344 1068 enim
367 1020 517 1084 personas
540 1000 608 1084 lege
630 1001 689 1068 XII
719 1001 896 1067 tabularum
921 1009 1049 1084 propter
1072 1001 1183 1083 eapitis
1206 1000 1234 1050 ’ὅ

68 1121 303 1186 deminutionem
326 1122 397 1186 odio
420 1121 544 1188 habitus
567 1141 604 1188 ex
634 1122 727 1188 tertio
755 1113 882 1203 praetor
910 1120 1021 1188 ordine
1049 1123 1184 1188 uocauit

68 1241 94 1305 id
109 1259 189 1307 nuno
212 1241 309 1317 ualet,
332 1239 469 1322 exceptis
492 1246 612 1308 tanturn
636 1239 786 1306 iratribus
808 1259 845 1307 ao
868 1241 1029 1308 sororibus
1052 1240 1186 1308 emanci-

68 1362 150 1440 patis,
174 1379 237 1425 non
261 1377 338 1426 uero
360 1358 469 1426 liberis
499 1379 537 1425 ex
565 1359 606 1424 iis
634 1360 757 1441 genitis.
808 1359 875 1425 latu
905 1368 953 1426 est
982 1361 1062 1427 anim
1093 1361 1185 1428 diuae

66 1481 287 1546 recordationis
304 1479 463 1545 Anastasii
486 1479 679 1558 constitutio,
702 1496 765 1560 qua
787 1487 919 1546 cauetur
932 1487 970 1546 ut
985 1479 1011 1545 si
1027 1479 1099 1562 quis
1121 1499 1185 1545 mo-

67 1601 158 1664 riatur
179 1599 312 1664 fratrem
337 1599 517 1682 relinquens
539 1599 656 1684 integri
679 1602 770 1678 iunio,
794 1601 853 1666 hoo
876 1608 924 1666 est
953 1599 1066 1684 capitis
1088 1600 1236 1666 demi-1⁰

66 1717 217 1785 nunonem
241 1717 358 1784 nullam
381 1737 517 1801 passum.
540 1719 735 1802 aitemmque
758 1719 859 1799 eapite
874 1719 1077 1798 deminutum,
1101 1727 1185 1786 uter·

67 1839 177 1919 quoad
202 1838 318 1904 mortui
342 1837 448 1902 fratris
471 1845 654 1904 mortuaeue
677 1839 793 1904 sororis
814 1838 1019 1904 hereditatem
1043 1846 1184 1910 uocetur,

67 1975 119 2020 non
141 1959 254 2038 aequis
277 1965 381 2022 tamen
404 1958 556 2037 pertibus,
580 1965 629 2024 aet
651 1966 687 2022 ut
708 1957 784 2038 quid
799 1956 933 2039 amplius
948 1956 1108 2038 legitimus
1129 1959 1184 2024 ha·

67 2076 147 2140 beat:
169 2077 293 2142 seilicet
314 2084 351 2140 nt
379 2074 482 2158 capite
511 2077 690 2141 deminutus
720 2077 865 2141 trientem
893 2077 1040 2156 accipiat,
1071 2078 1184 2159 integri

68 2211 134 2260 uero
155 2195 235 2261 iuris
260 2195 398 2278 duplum.
421 2196 450 2260 h.
468 2215 494 2260 o.
518 2197 649 2262 bessem.
686 2213 777 2262 omne
800 2216 875 2262 uero
898 2197 937 2262 de
960 2197 1017 2264 hoo
1038 2196 1088 2262 ins
1111 2196 1234 2264 licetne

69 2315 117 2380 tibi
149 2315 272 2380 discere
304 2317 476 2396 praefatam
512 2316 626 2396 legenti
659 2315 922 2382 constitutionem.
973 2317 1075 2397 capito
1110 2337 1183 2399 ergo

70 2433 239 2500 deminutus
262 2433 361 2502 frater
390 2425 480 2501 simul
510 2443 641 2503 uooatur
669 2456 738 2501 cum
771 2435 826 2502 ilio
859 2439 911 2520 qui
946 2437 1085 2518 legitima
1116 2439 1183 2504 iura

69 2554 225 2620 imminuta
255 2555 409 2620 seruauit:
445 2556 593 2622 minorem
625 2563 729 2622 tumen
759 2558 976 2636 consequitur,
1006 2567 1042 2622 ut
1068 2558 1183 2624 dictum

71 2681 119 2748 est,
141 2675 333 2755 portionem:
355 2677 468 2742 ceteris
491 2683 595 2742 euntem
623 2675 782 2755 adamatis,
813 2675 906 2742 etiam
936 2677 963 2742 si
990 2676 1103 2757 cepitis
1132 2679 1185 2746 de·

71 2792 263 2860 minutionem
287 2813 348 2859 non
370 2795 435 2859 aiut
456 2796 550 2876 passi,
574 2795 606 2860 in
629 2797 809 2861 uniuersum
833 2797 1048 2877 anteponitur,
1072 2796 1184 2864 multo·
1201 2811 1235 2862 ao

70 2929 122 2989 uua
143 2913 244 2994 magis
267 2915 417 2994 cognatis.
455 2916 562 2993 itaque
585 2915 610 2977 si
634 2931 692 2995 ego
716 2916 831 2979 moriar
853 2913 981 2978 fratrem
1005 2915 1183 2996 relinquens

71 3031 161 3112 eapite
183 3033 378 3099 deminutum
401 3051 439 3096 ao
461 3041 617 3114 patruum,
639 3033 737 3099 frater
759 3040 974 3115 anteponetur.
1003 3053 1093 3100 nemo
1110 3055 1183 3116 orgo

71 3152 169 3230 capitis
190 3169 303 3234 passus
327 3153 566 3218 deminutionem
590 3173 627 3218 ex
649 3152 854 3234 adgnatorum
872 3153 981 3220 ordine
1004 3153 1181 3230 uocabitur,

71 3269 121 3334 nisi
141 3269 240 3337 frater
261 3291 413 3354 sororque
434 3273 660 3349 tantummodo,
683 3292 745 3338 non
768 3279 872 3339 autem
896 3274 1002 3339 fratris
1024 3274 1121 3339 liberi.
1151 3273 1183 3338 hi

73 3389 142 3453 enim
176 3391 310 3473 capitem
344 3393 585 3459 deminutionem
622 3394 706 3475 passi
733 3395 763 3459 in
801 3397 1005 3472 cognatorum
1040 3393 1184 3458 recidunt
1201 3405 1233 3456 25

42 3522 60 3572 ι.
73 3506 208 3574 ordinem.
232 3509 460 3579 mnasonem
483 3516 536 3596 qui
559 3535 596 3579 en
618 3514 756 3580 feminini
778 3531 870 3580 senus
893 3514 1035 3596 personis
1058 3512 1184 3578 descen·

74 3624 141 3692 dunt
161 3630 253 3696 sicuti
277 3632 380 3714 capite
404 3631 582 3698 deminutus
610 3635 669 3718 iegi
694 3633 753 3700 ΧΗ
780 3633 958 3699 tabularum
986 3633 1109 3714 ignotos
1130 3650 1183 3695 uo-
