2920 4750
498 397 737 458 -4Π“

67 568 252 650 emptore':
278 573 332 631 aut
356 569 455 648 ‘qnia
478 569 515 632 in
538 570 660 634 dotem
683 569 772 633 mihi
795 569 882 632 data
906 569 987 633 est’:
1013 574 1045 633 et
1067 569 1173 632 titulus

66 697 108 756 est
130 696 205 774 ‘pro
229 693 341 757 dote':
366 699 420 757 aut
444 695 542 774 ‘quia
564 694 653 758 mihi
677 695 807 777 legata
830 695 910 759 est’:
939 701 971 758 et
994 694 1102 758 titulus
1126 701 1175 758 est

67 827 135 900 ‘pro
171 817 322 898 legato’.
369 819 400 881 in
429 820 487 883 hoo
521 827 624 884 autem
653 840 729 884 casu
764 820 973 902 interrogatus
1006 819 1050 883 ait
1075 819 1175 898 ‘quia

64 961 113 1004 me
139 941 317 1006 heredem
347 963 432 1008 esse
461 945 559 1027 puto’
585 952 616 1008 et
643 944 757 1009 dicitur
781 949 858 1027 ‘pro
886 935 1044 1008 herede‘.
1097 941 1174 1020 Quis

62 1073 162 1130 antem
183 1086 248 1149 pro
272 1087 498 1150 possessore
522 1069 684 1153 possidet?
710 1071 780 1133 Pro
804 1088 1027 1152 possessore
1051 1069 1173 1148 dicitnr,
1212 1080 1226 1129 o

62 1191 112 1271 qui
134 1191 168 1253 ui
189 1190 295 1273 rapuit
310 1200 341 1254 et
356 1191 474 1256 nullam
490 1193 603 1256 iustam
620 1211 748 1256 cansam
763 1192 973 1274 possessionis
989 1190 1173 1275 praesefert,

62 1316 111 1396 qui
133 1315 348 1397 interrogatus
372 1335 428 1380 cur
450 1315 627 1398 possideat,
651 1315 836 1398 respondet:
861 1316 958 1396 ‘qnia
985 1316 1172 1398 possideo’

61 1446 90 1503 et
123 1439 401 1520 interrogationem
434 1440 535 1523 ipsam
570 1440 602 1504 in
636 1439 872 1523 responsionem
906 1441 1067 1504 conuertit.
1124 1440 1174 1503 hic

59 1563 154 1644 igitur
183 1567 258 1646 ‘pro
290 1566 524 1646 possessore*
555 1565 668 1628 dicitur
702 1564 879 1647 possidere,
912 1583 1013 1644 neque
1046 1565 1175 1628 interest

59 1693 159 1750 utrum
195 1695 291 1751 totam
326 1689 488 1770 possideat
520 1689 739 1769 hereditatem,
774 1709 814 1752 an
849 1709 942 1752 unam
977 1709 1051 1753 rem.
1103 1689 1173 1754 ideo
1195 1701 1229 1752 10

58 1819 162 1876 autem
185 1812 458 1900 adipiscendae
481 1814 743 1897 possessionis
759 1815 807 1879 uis
830 1814 994 1878 interdicto
1011 1819 1174 1894 ‘qnorum

57 1938 248 2001 bonornm’
273 1937 431 2019 tribuitur,
459 1939 533 2018 quia
557 1939 641 2002 utilis
670 1946 718 2002 est
741 1939 784 2019 ei,
815 1939 867 2019 qui
890 1940 1022 2021 primum
1051 1958 1174 2022 posses-

57 2062 179 2125 sionem
205 2061 338 2144 adipisci
365 2062 449 2125 nelit.
495 2062 658 2126 Eiusmodi
686 2070 734 2127 est
763 2064 939 2126 salnianum
966 2062 1173 2143 interdictum,

56 2185 140 2264 qnod
164 2185 256 2248 fundi
279 2186 403 2249 domino
428 2187 519 2250 datur
542 2187 695 2252 aduersus
719 2189 877 2268 colonum,
907 2188 959 2268 qni
986 2195 1098 2271 paetus
1126 2195 1174 2252 est

54 2331 104 2374 res
130 2331 150 2372 a
175 2311 264 2374 sein
287 2311 414 2375 fundum
439 2313 556 2376 inlatas
580 2312 703 2396 pignori
725 2332 782 2396 pro
808 2311 951 2376 mercede
979 2313 1055 2376 fore.
1102 2333 1173 2376 nam
1195 2321 1226 2372 15

55 2434 81 2498 si
108 2435 238 2498 soluere
274 2434 462 2516 neglexerit,
497 2434 648 2500 aduersus
684 2436 866 2518 quemlibet,
901 2435 954 2515 qui
985 2455 1036 2499 res
1071 2436 1175 2500 coloni

52 2560 213 2639 detineat,
250 2558 426 2623 saluiannm
462 2559 658 2624 interdictum
695 2565 859 2643 competet.
916 2560 944 2622 si
978 2560 1047 2639 quis
1079 2560 1175 2642 igitur

49 2683 191 2766 primum
230 2682 463 2765 possessionem
498 2683 648 2762 consequi
687 2683 779 2762 uelit,
818 2681 990 2746 interdictis
1030 2682 1174 2765 adipis-

51 2808 203 2871 cendae
227 2807 487 2890 possessionis
511 2806 648 2890 experiri
671 2807 777 2871 debet:
803 2807 984 2887 sinautem,
1008 2812 1174 2890 postquam

48 2952 121 2996 eam
149 2931 322 2996 adsecutus
346 2931 452 3012 fuerit,
477 2930 611 3012 amittat,
640 2932 680 2994 ad
704 2931 871 2995 interdicta
897 2931 1174 3013 reciperandae
1194 2943 1228 2994 20

18 3055 318 3139 t.possessionis
343 3075 412 3118 sese
437 3063 620 3120 conuertere
645 3055 746 3119 debet.
785 3061 814 3120 4.
839 3055 915 3119 Cum
940 3055 979 3119 de
1002 3055 1175 3119 interdictis

47 3179 333 3263 adipiscendae
357 3180 617 3262 possessionis
641 3179 736 3244 locuti
760 3180 864 3260 simus,
888 3180 927 3244 de
951 3179 1174 3244 retinendae

45 3304 321 3388 possessionis
356 3304 529 3368 interdictis
564 3304 776 3387 dispiciamus.
826 3304 979 3368 eiusmodi
1008 3308 1056 3368 est
1082 3303 1174 3366 inter-

45 3429 172 3494 dictum
205 3427 270 3491 ‘uti
301 3427 519 3510 possidetis’
550 3434 581 3493 et
608 3427 763 3492 ‘utrubi’.
811 3427 893 3508 quod
921 3429 954 3491 in
982 3427 1041 3491 hac
1069 3427 1174 3509 specie

43 3555 155 3618 locum
200 3552 305 3615 habet.
365 3571 489 3615 seruum
524 3551 680 3633 quendam
714 3557 881 3634 praesente
915 3558 946 3615 te
982 3549 1174 3633 adprehendi
1194 3561 1227 3614 25

43 3679 161 3744 dicens
195 3697 268 3742 eum
301 3698 425 3742 seruum
459 3698 562 3742 meum
590 3698 674 3758 esse,
708 3697 776 3742 cum
806 3686 839 3741 tn
857 3696 1026 3772 ‘assereres
1049 3682 1080 3740 te
1104 3695 1174 3740 esse
