2864 4736
537 339 774 402 -446—

103 513 195 594 fulsit,
223 520 279 577 aut
300 513 440 577 semidae
464 533 554 578 meae
571 515 758 578 trumentum
783 513 865 594 emit,
888 520 944 578 aut
959 512 1088 576 fundum
1106 513 1213 577 aliam-

58 649 95 703 11.
105 658 162 719 que
193 657 258 701 rem
287 638 499 702 necessariam
526 637 603 701 mihi
632 641 787 703 mercatus
814 643 871 702 est.
916 639 971 703 41).
995 637 1106 718 Itaque
1134 638 1161 701 si
1183 637 1213 701 X

104 782 212 826 aureos
236 769 309 828 ate
333 771 381 828 est
405 770 564 828 mutuatus
588 769 619 827 et
641 763 668 824 V
692 763 839 827 creditori
862 782 931 826 meo
948 763 1052 839 soluit,
1076 762 1213 842 reliquos

103 907 174 952 uero
199 887 225 948 V
249 887 389 968 quolibet
414 887 506 952 modo
535 887 773 970 consumpserit,
801 907 857 970 pro
883 887 908 950 V
936 886 1077 968 quidem,
1105 887 1159 968 qui
1182 887 1213 951 in

102 1031 163 1074 rem
192 1030 294 1074 meam
322 1012 406 1075 uersi
434 1019 519 1093 sunt,
550 1012 675 1076 omnino
703 1011 846 1076 damnari
877 1011 992 1092 debeo,
1020 1032 1077 1094 pro
1101 1012 1213 1076 ceteris
1251 1023 1266 1073 5

103 1155 183 1216 uero,
209 1134 262 1216 qui
285 1155 342 1218 pro
366 1156 415 1200 me
440 1157 502 1200 nou
526 1141 598 1200 sunt
621 1135 806 1219 consumpti,
831 1143 961 1200 eatenus
976 1137 1115 1217 tenebor,
1140 1157 1214 1217 qua-

101 1269 190 1323 tenus
213 1259 330 1342 peculii
353 1261 513 1340 quantitas
537 1260 723 1324 extenditur.
769 1279 809 1324 ex
832 1279 893 1341 quo
922 1260 1043 1325 sedicet
1070 1267 1212 1344 apparet,

102 1384 127 1446 11
149 1383 209 1447 toti
231 1383 261 1447 X
285 1383 374 1448 aurei
397 1384 429 1447 iu
452 1404 518 1447 rem
542 1405 644 1448 meam
672 1383 757 1449 uersi
784 1385 913 1466 fuerint,
942 1391 1024 1448 totos
1047 1385 1076 1448 X
1102 1405 1213 1449 aureos

101 1507 285 1572 creditorem
309 1529 329 1572 a
352 1528 401 1572 me
424 1509 605 1591 petiturum.
649 1509 732 1574 actio
757 1518 861 1573 autem
886 1510 928 1573 de
952 1509 1117 1606 peculio,
1140 1511 1214 1574 licet

100 1653 160 1696 una
178 1640 227 1697 est
241 1634 334 1714 actio,
354 1634 434 1697 duas
450 1634 546 1697 habet
562 1633 853 1714 condemnationem
878 1639 934 1697 aut
949 1634 1031 1698 enim
1048 1635 1087 1699 de
1102 1654 1213 1717 pecu·
1234 1644 1267 1695 10
1313 1607 1329 1640 ⁴

98 1755 150 1821 lic
179 1763 236 1821 aut
264 1758 307 1822 de
336 1779 391 1839 eo,
428 1759 526 1839 quod
553 1759 592 1822 in
627 1779 700 1823 rem
736 1777 883 1822 uersum
913 1766 983 1839 est,
1017 1759 1147 1824 intentio
1182 1765 1213 1822 et

99 1881 318 1946 condemnatio
341 1883 425 1947 fiunt
472 1883 580 1963 itaque
604 1883 712 1964 iudex,
741 1882 795 1964 qui
817 1883 856 1946 de
880 1883 1003 1947 actione
1027 1883 1066 1947 dc
1090 1883 1212 1966 peculio

98 2007 268 2087 cognoscit,
293 2014 367 2071 aute
384 2008 539 2091 dispicere
556 2008 646 2089 solet,
672 2029 713 2071 an
728 2007 760 2071 in
776 2027 842 2072 rem
863 2006 981 2072 domini
997 2008 1072 2089 quid
1087 2029 1212 2074 uersum

97 2129 144 2210 sit,
170 2136 204 2194 et
226 2131 253 2194 si
276 2131 351 2212 quid
366 2151 494 2196 uersum
519 2138 577 2212 est,
601 2133 632 2195 11
656 2139 752 2197 totam
776 2131 858 2196 hanc
882 2153 1033 2196 summam
1055 2133 1211 2198 dominum

97 2252 293 2318 condemnat.
339 2255 431 2320 aliter
458 2256 540 2322 enim
565 2257 605 2320 ad
633 2256 749 2339 peculii
776 2257 1026 2322 aestimationem
1055 2257 1209 2338 transibit,
1232 2265 1264 2318 15

97 2377 122 2440 si
152 2379 230 2442 nihil
259 2399 379 2460 eorum,
415 2401 498 2463 quac
531 2401 641 2446 seruus
676 2382 904 2466 consumpserit
934 2382 966 2446 in
993 2401 1059 2446 rem
1094 2382 1211 2446 domini

46 2515 231 2586 reuersum,
255 2504 296 2568 111
319 2509 374 2568 111
397 2512 482 2570 certe
505 2525 566 2570 nou
591 2507 703 2570 omnia.
745 2511 797 2572 41.
822 2505 898 2570 Cum
922 2526 998 2570 uero
1023 2506 1063 2570 de
1085 2507 1210 2589 peculio

95 2628 277 2710 dixerimus,
302 2630 464 2694 uideamus
489 2631 565 2710 quid
593 2630 783 2714 peculium
809 2630 856 2695 sit.
903 2629 1041 2694 definitio
1068 2629 1211 2714 peculii

93 2753 172 2817 haec
198 2760 259 2817 est:
284 2756 428 2819 naturale
452 2754 610 2835 quoddam
633 2755 863 2838 patrimonium,
890 2754 975 2836 quod
998 2755 1028 2818 ei
1051 2761 1100 2818 est
1123 2754 1209 2820 attri-

93 2879 203 2940 butum
216 2879 268 2959 qui
282 2879 386 2943 alieno
402 2879 463 2942 iuri
473 2879 632 2943 subiectus
645 2885 694 2942 est
706 2898 745 2942 cx
757 2877 855 2962 patris
869 2878 1025 2943 dominiue
1037 2879 1209 2959 uoluntate,
1230 2887 1264 2938 20

94 3009 230 3086 excepto
254 3023 292 3066 eo
317 3003 401 3083 quod
425 3002 609 3068 naturaliter
631 3003 815 3085 parentibus
839 3003 890 3067 uel
919 3002 1052 3067 dominis
1080 3003 1211 3066 debetur

92 3127 191 3208 eisue,
215 3127 268 3208 qni
291 3127 322 3191 in
346 3126 485 3191 eiusdem
509 3131 665 3210 potestate
689 3133 770 3191 sunt.
805 3127 999 3191 »naturale
1023 3126 1209 3207 quoddam

91 3250 377 3333 patrimonium«
403 3251 476 3332 dixi,
500 3251 575 3331 quia
598 3252 665 3316 iure
689 3251 775 3341 ciuili
799 3251 834 3331 is,
858 3251 911 3332 qui
933 3250 966 3314 in
982 3251 1088 3314 aliena
1106 3257 1209 3333 potes·

91 3381 156 3440 tate
180 3383 237 3456 est,
257 3375 334 3440 nihil
355 3397 443 3440 suum
464 3376 581 3440 habere
602 3382 716 3460 potest.
756 3395 817 3440 »ex
844 3374 965 3458 patris
994 3375 1209 3455 dominique

91 3499 292 3564 uoluntate
326 3500 375 3582 ei,
411 3501 473 3581 qui
506 3501 634 3565 alieno
669 3500 744 3563 iuri
772 3505 829 3563 est
857 3499 1069 3578 subiectus,
1102 3497 1262 3568 attri-25

93 3625 249 3705 butum«,
281 3625 352 3690 ideo
380 3625 459 3705 dixi,
489 3611 565 3707 quia
592 3625 624 3689 id
652 3625 776 3688 demum
810 3623 998 3706 peculium
1034 3626 1096 3702 est,
1126 3622 1209 3702 quod
