2932 4704
533 337 744 402 ..82-

95 543 150 604 que
175 523 328 590 eiusmodi
356 541 488 606 poenum
517 533 666 590 mereunt.
709 525 784 590 item
812 525 839 588 si
867 525 898 588 in
921 524 1106 591 seruitutem
1134 524 1198 591 nint

94 645 206 709 reducti
229 661 298 709 oum
320 643 402 710 forte
424 644 579 710 aduersus
600 651 749 728 patronos
778 663 852 710 unos
873 645 989 728 ingrati
1018 663 1087 712 esse
1114 645 1200 710 uide·

93 769 202 838 rentur,
227 771 285 828 out
305 764 345 828 ab
367 764 510 829 hostibus
533 755 625 842 copti.
648 763 719 829 ideo
740 763 869 828 minima
889 762 993 829 medie
1013 770 1045 829 et
1066 763 1200 830 muximn

61 883 195 965 ucupitie
229 881 443 948 deminutione
475 881 577 948 tutelo
609 882 802 950 dissoluitur.
851 881 879 946 2.
914 879 948 946 Si
981 883 1050 964 quie
1083 881 1200 964 pupillo

92 1009 272 1068 testamento
301 1011 387 1067 tutor
416 1002 509 1067 dutus
537 1004 578 1067 sit
609 1001 794 1066 adrerum
827 1001 1050 1078 condicionem,
1085 1001 1199 1067 ueluti:
1233 1007 1251 1058 5

91 1129 194 1186 tutor
216 1131 318 1200 esto,
342 1121 462 1187 donec
485 1123 600 1188 nauis
622 1141 664 1187 ex
685 1122 783 1186 Asia
803 1123 977 1200 uenerit,
1004 1128 1077 1202 post
1097 1121 1200 1186 eondi-

60 1240 180 1306 uoionie
203 1251 363 1316 euentum,
385 1240 524 1308 soluitur
545 1239 654 1307 tutela.
704 1237 733 1302 3.
765 1237 851 1306 Solet
878 1240 973 1305 etium
1001 1239 1117 1306 tutoris
1144 1249 1200 1304 aut

59 1379 77 1423 4.
93 1357 191 1442 pupilli
215 1378 300 1424 more
322 1362 455 1426 tutelam
476 1361 609 1426 soluere.
650 1362 679 1424 4.
703 1357 758 1425 Set
779 1359 807 1424 ei
828 1360 992 1424 monimum
1014 1359 1125 1440 eapitis
1148 1358 1200 1423 de-

92 1481 290 1544 minutionem
312 1497 424 1561 passus
445 1479 540 1545 fuerit
562 1488 656 1557 tutor,
686 1498 743 1560 per
768 1496 862 1559 quum
891 1479 1067 1545 libertatem
1089 1478 1200 1543 amiso·

92 1599 137 1676 rit,
157 1608 213 1664 aut
236 1600 372 1664 medium
394 1618 452 1682 per
473 1619 567 1682 quem
590 1601 748 1666 ciuitatem
770 1599 956 1682 perdiderit,
979 1599 1077 1664 omniu
1100 1597 1197 1662 solue
1220 1612 1252 1664 10

91 1727 136 1782 tur
156 1717 268 1784 tutela.
314 1720 441 1784 minime
463 1728 569 1786 eutem
592 1720 702 1802 eapitis
725 1719 933 1786 deminutione
956 1718 1079 1797 tutone,
1101 1715 1199 1783 ueluti

91 1839 113 1900 si
132 1857 163 1902 se
184 1840 216 1902 in
239 1840 438 1922 adoptionem
463 1840 592 1916 dederit,
615 1840 754 1920 legitime
775 1847 897 1905 tuntum
920 1837 1019 1903 tutelo
1040 1836 1130 1918 perit
1154 1854 1200 1902 ee

92 1967 169 2024 teree
200 1966 325 2038 autem,
359 1961 440 2025 idest
472 1959 725 2026 testamentoriae
752 1969 784 2025 et
812 1977 892 2040 quoe
919 1977 938 2024 u
964 1959 1199 2040 magistratibus

94 2079 207 2157 duntur,
229 2081 266 2143 in
289 2098 346 2146 suo
369 2079 477 2145 ordine
499 2087 690 2160 permanent
739 2078 849 2160 popili
877 2085 983 2144 eutem
1010 2079 1120 2158 capitis
1149 2079 1198 2144 de

93 2199 221 2272 minutio,
243 2197 321 2264 h'cet
342 2201 471 2264 minime
491 2199 543 2278 eit,
566 2217 672 2266 omnes
694 2199 809 2264 tutelae
832 2198 928 2276 tollit,
959 2197 1095 2280 pupillus
1117 2199 1199 2262 enim
1219 2218 1250 2268 15

92 2316 174 2382 ulieui
195 2319 276 2383 iuris
303 2317 354 2384 fit:
387 2317 577 2384 filiifamilias
604 2327 710 2384 eutem
737 2336 897 2399 nunqunm
923 2319 955 2384 iu
984 2318 1084 2384 tutele
1116 2323 1199 2382 eunt

60 2447 78 2495 5.
93 2437 117 2499 5.
147 2435 178 2502 Si
201 2439 244 2502 od
270 2437 431 2503 biennium
453 2439 523 2520 quie
546 2443 733 2504 testamento
754 2445 841 2503 tutor
862 2437 954 2503 dotus
975 2435 1085 2514 tuerit,
1116 2436 1200 2502 bien·

60 2563 79 2612 t.
95 2557 139 2620 nio
158 2556 275 2638 elapso,
298 2565 476 2622 tutoresne
498 2557 621 2622 desinit
666 2557 694 2619 6.
727 2555 851 2622 Desinit
873 2563 960 2622 tutor
981 2573 1050 2622 esse
1076 2557 1130 2637 qni
1151 2559 1200 2622 uu

91 2683 155 2754 pote
186 2682 355 2757 suspectus
387 2674 534 2742 ututelu
560 2682 756 2755 remonotur3
791 2674 871 2742 forte
899 2677 981 2741 enim
1015 2693 1066 2740 ree
1092 2673 1200 2758 pupilli

92 2793 163 2860 mule
183 2795 325 2876 gerebat.
370 2801 419 2860 set
443 2797 470 2860 ei
492 2795 562 2877 quis
585 2797 783 2864 excusatione
804 2797 906 2860 utitur
926 2796 967 2861 ob
993 2795 1107 2860 iustum
1128 2811 1201 2858 eun·
1217 2802 1252 2854 uu

92 2930 149 2978 eum
171 2916 286 2996 (iustas
309 2924 416 2980 nutem
440 2932 551 2980 conone
573 2914 701 2980 iuferius
726 2916 963 2998 proponemus),
989 2923 1022 2981 ot
1049 2914 1094 2978 ita
1121 2912 1200 2978 desi·

93 3033 133 3096 nit
152 3041 238 3099 tutor
260 3052 339 3100 esee.
