2960 4704
555 327 763 392 ..18-

104 515 346 597 exposuerimus,
369 521 402 580 et
424 513 624 580 didicerimus
646 497 773 594 qunani
794 512 868 580 olim
895 512 965 578 iura
987 511 1166 588 coniuent,
1190 517 1223 578 et

104 633 251 714 quomodo
271 633 467 716 singulorum
489 635 559 700 iura
581 634 824 714 appellarentur,
848 651 905 699 nec
926 652 988 699 non
1003 633 1108 714 legum
1129 649 1219 713 quas·

105 754 164 817 dam
188 755 324 836 scriptas
346 754 497 836 quasdam
520 772 582 820 non
605 755 740 836 scriptas
762 772 846 828 esse,
874 755 915 818 ad
942 753 1028 818 aliud
1057 767 1220 834 argumen-

103 879 159 938 tum
183 875 357 970 uaniamus,
381 893 417 940 ac
439 873 639 956 dispiciamus
661 873 744 940 circa
766 879 844 955 quot
864 874 914 938 ius
936 889 1099 938 romanum
1116 888 1221 936 uerse-

104 999 157 1056 tur.
188 991 272 1058 circa
294 993 356 1056 tria
377 997 482 1058 autem
504 997 660 1070 uersatur,
683 992 766 1058 circa
787 1010 936 1075 personas
957 992 1041 1058 circa
1062 1009 1114 1056 res
1136 990 1219 1056 circa
1254 995 1271 1048 ⁶

105 1111 248 1175 mannes.
283 1116 316 1175 et
337 1109 421 1174 eirca
442 1127 593 1192 personas
615 1109 740 1190 quidem
762 1109 862 1176 ueluti
882 1127 952 1174 eum
975 1107 1122 1174 dicimus:
1149 1107 1220 1172 ille

103 1232 266 1292 senator
298 1234 359 1292 est
391 1235 461 1292 aut
493 1226 685 1308 plebeius.
730 1225 902 1306 circares,
936 1244 1006 1292 cum
1040 1225 1219 1308 quaerimus

103 1351 203 1410 nuum
225 1351 330 1412 ratum
346 1347 388 1412 sit
402 1352 624 1412 usamentum
646 1346 813 1428 abaliquo
835 1347 993 1412 conditum
1009 1364 1114 1412 necne.
1136 1345 1219 1410 circa

101 1465 234 1529 actiones
268 1472 375 1529 autem
409 1465 554 1544 quotiens
592 1465 763 1546 ambigitur
802 1471 907 1530 utrum
948 1469 1105 1546 competat
1136 1461 1219 1529 actio

102 1601 199 1648 necne.
240 1589 273 1648 st
295 1583 461 1648 dicendum
484 1589 534 1651 est
554 1585 690 1666 primum
713 1586 752 1651 de
774 1585 932 1666 personis,
962 1584 1075 1650 deinde
1103 1585 1143 1650 de
1169 1587 1270 1650 re-10

103 1704 168 1777 bus,
191 1702 318 1767 demum
347 1722 425 1767 uero
453 1703 492 1768 de
522 1705 696 1771 actionibus
725 1705 952 1770 disserendum.
997 1709 1090 1784 aptus
1111 1709 1217 1768 autem

100 1820 245 1886 eiusmodi
270 1821 346 1887 crdo
370 1821 510 1902 uidetur3
533 1823 587 1889 ubi
609 1825 690 1888 enim
713 1830 789 1890 sunt
808 1841 970 1906 personae,
993 1823 1118 1906 negotia
1140 1822 1217 1888 oriri

99 1939 194 2020 palam
210 1947 268 2018 est,
293 1941 406 2024 quibus
430 1943 506 2006 ortis
522 1950 554 2008 et
570 1943 609 2008 de
623 1943 797 2010 actionibus
813 1945 1025 2026 quaerendum
1041 1951 1098 2010 est
1126 1960 1215 2026 opor·

100 2068 142 2125 tet
153 2062 254 2142 igitur
281 2061 321 2126 de
343 2064 486 2142 personis
501 2062 604 2143 loqui:
619 2081 733 2144 parum
748 2063 829 2128 eninr
846 2069 895 2128 est
908 2070 1004 2146 atque
1020 2059 1131 2128 inutile
1145 2062 1217 2128 iura

100 2197 199 2254 nosse,
230 2181 258 2246 si
289 2199 444 2262 personae
475 2200 495 2245 a
522 2183 612 2251 nobis
641 2183 839 2266 ignorentur,
873 2203 1006 2265 quarum
1039 2199 1135 2250 causa
1167 2181 1217 2245 ius
1237 2189 1268 2241 15

99 2304 248 2364 statutum
271 2305 331 2364 cst.

176 2417 307 2484 Summa
329 2421 435 2500 itaque
458 2421 570 2487 diuisio
597 2441 800 2504 personarum
830 2424 906 2490 baec
929 2431 977 2490 est
1004 2426 1088 2508 quod
1118 2427 1216 2492 bomi-

64 2546 82 2594 1.
98 2555 164 2602 num
187 2541 316 2622 quidam
337 2541 437 2620 liberi,
461 2543 587 2624 quidam
611 2545 695 2610 serui
717 2549 801 2612 sunt

177 2664 205 2724 l.
243 2662 287 2727 lit
307 2661 437 2728 libertas
459 2664 595 2744 quidem,
616 2683 654 2730 ex
676 2683 739 2748 qua
764 2664 934 2732 liberorum
956 2665 1123 2750 appellatio
1145 2671 1216 2735 orta

95 2783 148 2854 est,
170 2778 219 2844 ita
239 2787 289 2845 est
310 2780 503 2848 definienda:
533 2783 662 2850 libertas
689 2791 739 2850 cst
766 2785 921 2851 naturalis
949 2785 1082 2852 facultas
1104 2785 1216 2864 cuique
1233 2795 1268 2848 20

95 2897 262 2964 concedens
284 2919 366 2983 quae
387 2900 485 2968 libeat
507 2902 618 2980 iacere,
642 2902 702 2970 nisi
723 2906 773 2970 ius
794 2911 850 2971 aut
872 2905 920 2970 uis
943 2905 1116 2988 probibeat.
1161 2925 1215 2972 no·

94 3014 204 3080 lentem
230 3021 310 3084 eninr
332 3020 450 3104 aliquid
474 3041 583 3105 agere,
612 3025 696 3110 quod
724 3025 792 3090 iure
813 3045 875 3092 non
898 3032 1039 3104 astetur,
1069 3026 1216 3108 prohibet

94 3149 141 3199 me
162 3137 291 3218 quidam
314 3139 473 3206 interdum
501 3143 533 3207 ui
563 3143 685 3224 potiore
706 3142 889 3228 impediens.
934 3143 1003 3210 iure
1024 3164 1116 3225 uero,
1145 3163 1215 3212 cnm

94 3272 263 3334 poenarum
285 3258 377 3324 minis
399 3262 537 3328 retineor
558 3263 635 3344 quin
657 3263 691 3328 id
713 3263 835 3338 faciam,
856 3265 940 3344 quod
962 3284 1119 3348 cuperem.
1152 3283 1214 3330 ser·

56 3398 75 3452 r,
90 3391 147 3438 uns
179 3380 288 3442 autem
321 3378 417 3445 etiam
454 3381 569 3447 domini
598 3383 710 3449 timore
738 3384 909 3467 impeditur
938 3383 1056 3464 aliquid
1086 3402 1124 3449 ex
1156 3401 1214 3449 sua
1231 3397 1265 3448 ao

92 3495 249 3561 sententia
279 3497 393 3565 iacere.
450 3501 479 3564 2.
518 3497 663 3568 Seruitus
694 3509 801 3568 autem
836 3507 886 3566 est
919 3502 1102 3569 constitutio
1136 3503 1214 3568 iuris

91 3615 250 3696 gentium,
271 3635 334 3698 qua
356 3620 427 3702 quis
450 3620 586 3688 dominic
614 3621 716 3690 abeno
745 3621 899 3690 subicitur
920 3629 1030 3688 contra
1051 3623 1101 3688 ius
1123 3621 1214 3688 natu·

90 3732 158 3800 rate.
205 3743 321 3804 natura
344 3737 425 3804 enim
448 3757 556 3804 omnes
578 3739 694 3808 liberos
717 3741 842 3825 genuit,
865 3741 1018 3809 benorum
1039 3751 1145 3809 summ
1168 3743 1213 3807 in·
