2936 4704
433 347 752 410 ·-1tt-

93 537 128 598 cst
147 531 182 596 id
213 531 404 600 mirandum:
432 533 560 600 uidetur
588 531 671 598 enim
700 531 824 600 debitor
853 531 937 616 ipsc,
971 530 1026 616 qui
1059 527 1203 598 dominus

93 658 135 728 cst,
156 650 306 728 uendere
329 671 367 718 eo
389 654 473 732 quod
496 669 553 732 per
578 658 705 734 pectum
730 653 878 719 creditori
907 654 938 718 id
969 654 1106 720 uendere
1134 669 1203 719 oon·

93 771 216 849 usserit,
238 770 268 836 si
290 769 458 853 neglegens
479 770 561 837 leret
588 771 672 836 circe
702 771 799 837 debiti
827 769 1023 838 solutionem.
1054 777 1103 838 set
1130 771 1203 839 olim

94 889 249 954 creditores
271 889 401 956 formem
430 890 587 970 quondum
611 889 778 968 hebebant,
808 908 865 971 per
893 907 987 970 quem
1017 890 1132 956 licebat
1158 891 1204 955 eis

95 1025 132 1072 res
152 1009 282 1089 pignere
304 1009 519 1090 hypotbccuue
543 1009 699 1090 obligttos
715 1009 860 1076 uendere.
884 1007 1076 1075 Constitutio
1098 1015 1204 1075 sutem
1240 1007 1257 1056 ὖ

94 1125 146 1194 luto
165 1133 215 1192 est
229 1128 378 1210 principis
393 1129 492 1194 nostri
514 1146 596 1210 quse
618 1145 718 1208 neque
740 1129 911 1196 creditores
933 1131 964 1194 in
980 1130 1048 1194 iure
1063 1147 1120 1194 suo
1136 1147 1205 1211 per·

95 1244 238 1326 smoendo
253 1245 397 1326 impediri
411 1245 490 1322 uult,
511 1263 613 1328 neque
628 1244 787 1314 debitores
802 1253 919 1313 temere
933 1253 966 1312 et
979 1246 1139 1330 inopinate
1154 1265 1206 1314 res

95 1381 154 1428 uus
174 1364 329 1428 emittere.
374 1363 506 1444 ideoque
527 1369 648 1430 certum
671 1364 834 1430 constituit
856 1366 980 1430 modurn
1004 1365 1203 1442 uenditionis‚

96 1501 139 1561 pcr
159 1500 250 1565 quem
270 1482 433 1564 pignerum
464 1481 625 1550 menardo
653 1484 822 1564 procedere
851 1484 974 1549 debeat.
1026 1500 1107 1563 quse
1133 1501 1204 1549 con·

97 1601 204 1665 stitutio
226 1603 351 1682 utrique
374 1601 500 1684 profuit,
523 1601 657 1667 debitori
682 1620 792 1683 nempe
823 1608 854 1668 et
884 1604 1042 1668 creditori.
1092 1601 1203 1668 modos
1224 1604 1257 1655 ¹⁰

98 1725 189 1783 sutem
210 1736 266 1799 per
287 1737 366 1801 quos
389 1722 420 1787 id
442 1718 511 1788 fieri
534 1727 639 1802 potest
660 1721 734 1787 licet
755 1723 784 1786 ei
807 1739 913 1795 nosse,
936 1721 989 1805 qui
1012 1739 1079 1787 eum
1102 1737 1203 1788 suere·

66 1845 85 1895 i.
100 1837 234 1906 tissimum
257 1841 344 1924 leget
365 1840 629 1907 constitutionem.
674 1843 704 1904 2.
738 1842 827 1908 suus
855 1859 982 1940 quoqroe
1011 1839 1203 1924 deprehendi

99 1961 269 2040 potestque
302 1976 373 2026 cum
396 1959 540 2026 domiuus
563 1958 622 2034 sit,
649 1967 786 2040 nequeat
816 1977 866 2026 res
889 1960 1043 2026 ulienere:
1074 1966 1110 2026 ut
1132 1977 1205 2026 ecoe

99 2075 220 2156 pupillus
240 2077 402 2158 pupillsue
424 2079 490 2144 sine
518 2081 634 2144 tutoris
663 2079 854 2144 auctoritate
883 2096 935 2144 res
964 2097 1037 2144 suos
1066 2077 1205 2143 alienare

101 2210 152 2257 nou
171 2201 304 2276 possunt,
328 2214 426 2279 quere
448 2213 550 2278 neque
571 2203 715 2264 mutuum
738 2199 823 2264 dunt
846 2198 921 2280 quid
945 2203 1049 2263 eutem
1065 2197 1124 2264 hoc
1145 2195 1204 2262 sibi
1226 2203 1257 2254 lt

101 2309 168 2374 uelit
185 2312 285 2378 dicere
307 2319 441 2396 oportet
486 2315 562 2382 beec
584 2315 617 2381 in
639 2315 749 2396 primis
775 2322 941 2400 perspecte
967 2317 1093 2381 hubess.
1139 2333 1205 2380 mu·

102 2429 142 2492 tui
160 2431 290 2497 delinitio
314 2440 364 2498 est
386 2434 589 2514 accipientem
612 2435 772 2501 dominum
793 2433 877 2513 ficri,
901 2435 1002 2500 teneri
1024 2440 1129 2500 eutem
1151 2451 1206 2500 no·

102 2545 142 2610 bis
160 2551 270 2614 nonin
302 2549 402 2626 idem,
431 2557 480 2618 set
508 2553 540 2618 in
567 2553 751 2618 tantundem
781 2553 920 2620 eiusdem
948 2553 1083 2636 generis.
1135 2553 1205 2620 ideo

100 2664 155 2729 dixi
174 2670 462 2751 ’accipientem
485 2669 682 2736 dominum
705 2669 825 2735 lieri·
858 2676 895 2736 ut
918 2671 1145 2739 usumfructum
1167 2687 1205 2736 ec

102 2781 258 2862 depositum
280 2785 496 2868 excluderem
517 2787 549 2852 in
572 2787 659 2853 bisce
681 2788 764 2852 enim
779 2788 923 2854 dominus
939 2807 999 2854 nou
1022 2786 1059 2853 fit
1080 2789 1133 2871 qui
1155 2805 1203 2854 ec·
1222 2783 1259 2836 ²⁰

102 2899 173 2979 cipit
212 2905 281 2971 ideo
303 2923 414 2971 rursus
437 2906 513 2971 dixi:
539 2913 606 2972 rut
627 2907 745 2972 nobis
767 2904 1013 2988 obligetur«,
1036 2923 1147 2988 nempe
1170 2912 1206 2970 ut

100 3019 277 3089 erdudcrem
311 3023 526 3103 donatiouem,
555 3023 588 3089 in
614 3041 678 3104 que
704 3026 757 3106 qui
791 3041 859 3090 eum
887 3022 1002 3104 occipit
1028 3043 1089 3090 non
1120 3030 1205 3088 tene·

102 3144 156 3201 tur.
199 3141 266 3208 ideo
300 3143 435 3226 denique
465 3143 529 3208 dixi
561 3162 659 3210 onon
691 3144 727 3208 in
755 3144 854 3209 idem
882 3142 942 3209 s'et
976 3145 1012 3208 in
1044 3148 1205 3208 touton·

103 3257 172 3323 dem
190 3260 360 3328 ciusdem
390 3263 594 3346 generis«,
624 3282 664 3329 ne
693 3261 863 3330 utilitatem
894 3262 994 3328 mutui
1021 3260 1132 3326 tollere
1161 3261 1207 3324 ui·

103 3373 186 3451 dfflrs
215 3381 341 3446 sienim
364 3387 531 3463 cogeretur
553 3382 690 3449 creditor
716 3381 826 3448 eedem
854 3379 1024 3446 restituere
1052 3394 1134 3458 quse
1155 3393 1205 3442 uc-
1223 3385 1258 3438 ue

104 3493 229 3576 celiutet,
251 3517 478 3581 superuacuum
500 3498 580 3567 soret
604 3501 766 3581 pecuniam
789 3497 938 3564 mutuari.
976 3515 1084 3564 uerum
1108 3493 1205 3562 enim-
