2884 4728
524 365 764 428 —399-

93 558 163 604 oues
187 559 313 624 ooprae.
359 545 407 604 set
430 538 525 604 etiam
549 558 621 604 sues
645 539 677 603 in
704 537 859 622 peoudnm
887 537 1101 622 appellatione
1131 558 1202 604 eon·

91 664 232 729 tinentns.
276 685 349 729 nem
373 663 405 728 id
429 672 460 729 et
482 671 579 748 poeta
601 664 756 728 Homerus
780 663 812 727 in
829 663 967 746 Odyssia
984 663 1085 744 dooet,
1110 663 1202 728 sieuti

91 790 195 854 Aelius
207 791 385 854 Marcianus
401 790 434 854 in
450 789 515 854 suis
539 789 853 854 institutionibus
869 788 965 853 refert
980 789 1075 852 hosee
1091 807 1201 852 uersus

91 917 378 998 oommemoransz¹l

194 1037 279 1128 δῃεις
301 1037 395 1118 τόνγε
417 1037 523 1104 σύεσσι
546 1036 753 1125 παρήμενον·
778 1036 809 1102 oi
832 1037 869 1101 δὲ
894 1037 1081 1120 νέμονται
1240 1051 1256 1102 5

192 1161 263 1249 πάρ
286 1161 422 1250 κόρακος
445 1168 546 1252 πέτρῃ
570 1163 626 1228 ἐπί
648 1189 683 1228 τε
704 1161 801 1251 κρήνῃ
819 1160 1003 1250 Ἀρεθούσῃ.

90 1289 217 1354 uerbum
242 1290 324 1354 enim
340 1290 513 1370 ‘tenorem’
531 1290 570 1354 de
586 1290 644 1370 his,
668 1290 721 1370 qui
737 1289 892 1371 gregatim
910 1295 1090 1372 poscuntur,
1114 1309 1202 1352 nsun-

59 1421 80 1472 2.
89 1422 188 1498 petnr.
225 1417 254 1480 2.
273 1413 365 1491 Quod
385 1435 461 1478 uero
485 1415 537 1479 lex
553 1414 598 1478 ait
614 1414 773 1478 »iniuria
797 1413 1001 1478 oooiderit‹
1018 1413 1064 1476 ita
1079 1413 1201 1478 intelle-

89 1560 207 1622 gemus,
242 1549 276 1603 nt
303 1541 386 1604 sine
413 1539 495 1604 iure
524 1539 682 1604 oeoiderit.
737 1539 844 1620 itaque
873 1539 900 1602 si
928 1559 990 1602 non
1019 1537 1202 1602 contraius

88 1666 202 1730 coedes
217 1666 304 1730 saeta
320 1671 376 1746 est,
400 1673 490 1730 extra
505 1664 677 1748 perieulum
695 1664 811 1744 estqui
828 1663 986 1745 oeoiderit,
1009 1683 1111 1743 neque
1130 1661 1202 1726 huie
1222 1677 1263 1728 10«

87 1791 148 1873 legi
172 1791 262 1855 loeus
286 1791 326 1854 fit
363 1799 394 1854 et
417 1791 523 1871 itaque
548 1790 575 1854 si
598 1810 721 1854 seruum
746 1797 832 1854 tunm
855 1788 1009 1853 latronem
1034 1787 1202 1852 oooiderim

87 1916 157 1996 lege
183 1915 303 1996 aquilia
325 1934 387 1980 non
410 1916 555 1998 tenebor;
584 1917 691 1996 utique
719 1915 747 1979 si
774 1914 904 1978 inlatum
928 1913 1003 1976 mihi
1031 1913 1202 1996 perieulum

87 2059 147 2106 non
176 2041 271 2104 aliter
298 2040 437 2123 effugere
465 2041 635 2125 potuerim,
667 2059 760 2120 quom
788 2040 846 2103 teli
873 2040 1002 2103 uulnere
1031 2060 1051 2104 a
1078 2057 1128 2102 me
1156 2037 1203 2101 illi

87 2164 193 2230 inloto.
240 2184 312 2229 nem
336 2165 378 2246 si,
407 2185 477 2230 oum
501 2165 640 2248 effugere
666 2185 806 2247 possem,
833 2164 920 2228 illnm
944 2163 1058 2244 oooidi,
1084 2163 1203 2244 aquilio

55 2303 76 2353 3.
85 2291 226 2354 tenebor.
260 2294 289 2352 3.
313 2289 456 2353 Aeneis
473 2288 598 2370 quidem
615 2289 736 2372 aquilia
758 2295 890 2370 tenetur,
915 2290 968 2369 qui
985 2309 1061 2352 oasu
1077 2288 1200 2368 oooidit,
1222 2301 1257 2352 15

86 2413 231 2478 simodo
255 2414 342 2478 nulla
366 2414 459 2497 culpo
481 2414 566 2478 laeto
590 2414 736 2478 adsessit.
772 2435 834 2479 non
858 2414 960 2479 minus
981 2413 1062 2478 enim
1087 2414 1139 2494 qui
1163 2433 1202 2477 ex

54 2553 75 2602 l.
86 2539 180 2623 eulpa
204 2559 299 2620 qnam
323 2539 374 2619 qni
400 2560 439 2603 ex
463 2539 535 2605 dolo
561 2540 711 2604 occiderit
735 2540 805 2622 lege
829 2539 962 2622 punitur.
1003 2545 1031 2604 4.
1048 2540 1158 2620 ltaque
1175 2538 1203 2603 si

84 2665 165 2745 quis,
191 2664 265 2728 dnm
288 2663 401 2729 iaoulis
424 2664 504 2729 ludit
527 2665 579 2729 nel
603 2665 806 2746 exercitatur,
835 2671 1049 2729 transeuntem
1078 2684 1202 2728 seruum

84 2795 171 2852 tunm
194 2790 320 2855 treieoit
343 2789 529 2873 oooiditque,
555 2791 582 2854 si
605 2790 731 2872 quidem
754 2789 844 2854 miles
868 2790 926 2854 fnit
949 2789 1050 2872 quiid
1073 2789 1148 2854 feeit
1171 2790 1203 2852 in

84 2933 199 2998 eampo
224 2934 303 2980 eone
326 2916 407 2996 looo,
430 2915 485 2978 ubi
508 2915 624 2981 milites
648 2935 719 2980 sese
743 2915 917 2979 exercitare
942 2915 1056 2996 solent,
1080 2914 1203 2979 oeeisor
1221 2929 1261 2982 201

83 3059 146 3104 non
170 3045 309 3104 tenetur:
338 3040 387 3104 sin
415 3047 519 3104 autem
542 3061 687 3123 paganus
710 3040 770 3105 fuit
793 3060 893 3121 eoque
916 3041 949 3103 in
976 3039 1046 3104 loeo
1076 3039 1201 3120 oooidit,

83 3173 165 3228 oum·
178 3185 243 3229 non
266 3164 390 3230 soleant
413 3164 530 3248 pagani
553 3165 586 3228 in
610 3165 705 3229 armis
730 3164 911 3246 exercitari,
937 3164 1056 3245 aquilio
1080 3164 1202 3229 ooeisor

82 3289 252 3354 tenebitur.
298 3287 381 3354 idem
405 3289 481 3354 iuris
505 3309 576 3354 esse
599 3290 731 3354 dioimus
756 3289 795 3354 de
819 3290 917 3354 milite
948 3309 1086 3371 quoque,
1115 3289 1142 3353 si
1170 3289 1202 3352 in

82 3433 120 3478 eo
151 3413 241 3493 loeo,
270 3413 324 3477 ubi
350 3414 466 3478 milites
497 3433 567 3478 sese
596 3414 770 3480 exercitare
799 3435 862 3479 non
890 3414 1006 3493 solent,
1034 3414 1099 3476 tole
1128 3412 1203 3494 qnid

175 3643 198 3706 ¹)
217 3641 296 3696 Hom.
320 3641 405 3712 Odys.
425 3646 467 3712 13,
491 3646 541 3697 407
562 3659 616 3712 sq.:
644 3645 727 3698 latine
750 3645 960 3710 interpretemur
984 3643 1035 3695 sie:
1064 3643 1202 3708 ,inuenies

81 3747 144 3786 eum
164 3730 309 3786 sedentem
328 3731 401 3800 opud
421 3747 498 3800 snos,
521 3747 591 3801 qnoe
614 3735 802 3800 pascuntur
822 3730 856 3784 ad
874 3731 985 3785 Coronis
1006 3731 1104 3784 oliuum
1122 3735 1150 3785 et
1168 3730 1203 3784 od

80 3821 190 3875 iontem
211 3819 403 3875 Arethnsom“.
