2920 4750
563 363 802 428 -495-

128 541 347 606 adulescentes
382 563 421 605 ea
455 541 639 623 intellegere
675 547 707 604 et
737 559 855 604 summo
889 539 987 621 digrto
1022 557 1078 620 per
1110 538 1237 600 breuem

127 667 354 749 expositionem
379 667 542 748 attingere.
589 666 818 748 diligentiorem
844 665 925 730 enim
945 685 1051 728 eornm
1076 663 1238 728 seientiam

127 812 164 854 ex
200 791 345 855 uberiore
381 791 583 873 Digestorum
621 791 687 854 sino
724 790 953 854 Pandeoturum
985 789 1141 868 doctrina,
1178 787 1239 851 Dei

125 917 233 980 lauore
258 916 457 999 procedente,
481 915 592 980 looturi
616 916 835 996 adsequentur.

168 1076 308 1160 Explicit
330 1097 399 1141 oum
424 1078 492 1141 Deo
516 1076 673 1141 Institutio
698 1077 757 1139 llll
782 1075 950 1159 Theophili
973 1073 1200 1138 Anteoessoris.
1277 1085 1291 1136 5

613 1201 755 1266 felioiter.

214 1433 262 1496 Ex
287 1433 338 1498 L¹:
364 1433 523 1496 solendum
548 1438 596 1497 est
618 1433 650 1496 in
666 1433 800 1516 publiois
817 1433 940 1497 iudiciis
965 1434 1043 1496 duas
1065 1452 1135 1497 esse
1151 1432 1239 1513 leges

124 1557 299 1639 Corneliae,
336 1558 379 1622 de
405 1558 558 1623 sioariis
582 1578 693 1642 nempe
722 1560 820 1623 etde
853 1558 978 1622 falsis:
1014 1579 1107 1622 unam
1136 1558 1238 1639 legem

121 1683 318 1765 Pompeiam,
349 1683 392 1746 de
416 1683 651 1765 parrioidiis:
681 1704 773 1746 unam
798 1683 899 1765 legem
924 1683 1064 1763 Fabiam,
1089 1681 1134 1746 de
1159 1682 1237 1765 pla·

121 1807 275 1888 gloriis:
300 1814 422 1871 ueteres
447 1829 521 1872 uero
546 1828 616 1872 esse
632 1809 721 1890 leges
745 1808 856 1871 lulius:
881 1808 927 1872 do
951 1808 1166 1886 maiestate,
1195 1807 1237 1871 de
1260 1818 1292 1868 10

122 1932 341 2013 adulteriis,
378 1931 421 1996 do
450 1932 485 1996 ui
514 1932 683 2016 publiea,
720 1933 763 1996 de
792 1932 828 1996 ui
855 1933 1023 2016 priuata,
1056 1933 1099 1996 de
1128 1952 1238 2015 pesu-

121 2057 218 2138 latu,
262 2056 305 2120 de
344 2057 499 2138 ambitu,
543 2058 586 2122 de
625 2057 859 2141 repetundis,
904 2056 947 2122 de
989 2077 1150 2137 annona,
1194 2057 1237 2120 de

120 2181 297 2246 residuis.
333 2203 444 2247 nouem
469 2189 540 2246 sunt
563 2183 658 2266 igitur
682 2183 807 2247 omnino
828 2183 916 2264 leges
937 2183 1045 2264 lullae,
1070 2182 1096 2246 si
1120 2181 1237 2246 mimen

122 2307 163 2370 de
189 2308 220 2371 ui
244 2307 372 2389 publiea
389 2329 407 2372 a
424 2280 552 2372 erimine
569 2309 607 2373 de
625 2311 655 2372 ui
672 2311 797 2392 priuata
813 2309 1035 2392 distinguatur:
1061 2309 1109 2373 sin
1132 2315 1236 2372 autem

122 2432 204 2495 haeo
232 2433 420 2514 coniungas,
449 2441 519 2498 ooto
549 2435 623 2498 fient
647 2439 678 2499 et
701 2435 746 2499 ita
769 2436 829 2500 Xll
853 2435 978 2499 omnino
1008 2435 1083 2497 liunt
1111 2434 1237 2518 publiea
1258 2450 1289 2500 15

121 2555 251 2621 iudicia.
287 2577 387 2622 amen.
