2932 4704
564 339 776 402 ..99-

115 523 209 603 pandi
231 523 272 588 ad
293 524 443 605 pecunias
465 523 671 608 quaerendas,
693 525 807 606 quibus
829 523 945 607 captiui
974 521 1177 590 redimantur.
1206 523 1234 588 si

115 643 183 724 quis
208 661 283 708 uero
305 660 363 708 sus
385 643 573 709 auctoritate
587 643 677 724 quasi
692 661 815 710 sacrum
830 643 932 710 locum
948 642 1007 709 sibi
1023 641 1233 720 constituerit,

114 779 184 826 oum
212 781 336 828 sacrum
366 782 457 830 nemo
485 761 575 830 facile
601 764 767 830 uocauerit
795 763 905 846 (semol
933 763 1014 828 enim
1040 762 1159 830 dictum
1185 769 1234 828 est

115 881 271 963 quomodo
293 901 383 948 sacru
404 881 472 950 fiori
492 882 641 966 soleant);
664 889 714 948 set
728 883 859 950 dicimus
874 882 1027 949 eiusmodi
1041 882 1142 950 locum
1163 899 1235 965 pro·

115 1001 219 1066 lanum
250 1019 307 1066 seu
333 1003 493 1084 priuatum
522 1021 600 1068 esso.
657 1003 705 1070 sin
733 1007 840 1068 autem
870 1001 964 1068 aedos
992 1018 1101 1067 sacrae
1129 1005 1234 1066 terrae
1268 1000 1286 1051 ⁵

117 1126 201 1185 notu
224 1119 308 1186 furto
330 1121 505 1198 diruantur,
528 1121 580 1187 uel
602 1121 697 1187 etiam
711 1125 872 1187 uetustate
887 1121 1011 1197 cadunt,
1034 1118 1234 1186 nihilominus

117 1239 202 1305 locus
224 1242 257 1304 in
279 1257 341 1321 quo
364 1257 472 1307 sacrae
493 1240 588 1306 aedes
610 1245 700 1306 erant
721 1257 809 1308 sacer
831 1247 937 1306 manet
958 1247 991 1304 et
1012 1238 1129 1306 nullius
1151 1246 1189 1305 ut
1202 1244 1235 1306 ct

116 1357 307 1439 Papinianus
327 1357 444 1424 scribit
468 1360 522 1441 qui
544 1357 627 1424 onim
642 1359 729 1426 locus
751 1376 840 1425 sacer
861 1357 963 1424 factus
986 1365 1035 1424 est
1055 1358 1234 1424 nullomodo

80 1479 99 1531 9-
116 1477 230 1543 desinit
262 1495 368 1544 sacror
396 1495 473 1543 csse.
530 1479 559 1542 9.
593 1477 718 1544 Nullius
750 1483 782 1543 in
816 1479 923 1556 bonis,
958 1485 993 1544 ut
1026 1479 1144 1544 dictum
1177 1483 1235 1556 est.

116 1595 209 1662 etiam
231 1596 379 1677 religiosa
400 1603 482 1663 sunt
526 1597 706 1680 religiosum
728 1604 832 1665 autem
865 1598 1079 1680 unusquisque
1101 1615 1160 1662 suo
1181 1615 1234 1662 uo·
1253 1607 1288 1662 ro

114 1715 237 1780 luntate
258 1713 333 1782 fucit
355 1734 413 1782 suo
436 1716 509 1781 dum
531 1724 688 1782 mortuum
711 1715 807 1782 infert
828 1717 859 1782 in
882 1716 983 1782 locum
1005 1732 1106 1780 suum.
1150 1715 1235 1797 quod

115 1835 141 1898 si
161 1834 334 1901 communis
348 1835 435 1902 locus
449 1833 554 1912 fucrit,
576 1835 603 1899 si
618 1835 743 1917 quidem
761 1853 858 1916 purus
873 1835 916 1900 sit
930 1835 1062 1901 necdum
1078 1835 1178 1902 factus
1193 1834 1236 1902 sit

116 1953 291 2035 religiosus,
302 1954 403 2020 inuito
415 1955 511 2032 socio,
522 1973 584 2020 non
595 1953 670 2021 licet
680 1953 802 2020 cnidum
814 1973 852 2020 eo
866 1961 1024 2020 mortuum
1044 1954 1159 2020 inferre
1169 1975 1176 2016 :
1186 1954 1234 2020 sin

116 2077 219 2138 autom
243 2091 405 2140 commuue
427 2072 523 2140 merit
545 2073 731 2154 sepulcrum,
755 2074 849 2140 otiam
870 2073 980 2140 inuitis
995 2073 1108 2141 ceteris
1129 2073 1237 2153 sociis,

116 2191 187 2260 licet
213 2199 372 2259 mortuum
399 2193 443 2260 ibi
472 2193 637 2276 deponere
694 2191 728 2259 Si
760 2209 836 2259 uero
869 2191 929 2260 loci
961 2194 1123 2260 cuiusdam
1156 2193 1235 2260 altor
1254 2207 1287 2259 15

116 2312 341 2379 usumfructum
368 2313 464 2380 habet
489 2312 700 2396 (ususfructus
726 2319 775 2378 est
800 2319 905 2379 autom
933 2311 984 2378 ius
1007 2313 1102 2379 certis
1135 2312 1235 2379 modis

116 2434 330 2511 constitutum,
352 2431 561 2516 incorporale,
590 2450 653 2516 quo
681 2431 791 2498 alicnis
821 2433 915 2499 rebus
943 2432 990 2498 uti
1016 2431 1142 2515 fruique
1164 2450 1235 2514 pos·

115 2555 195 2636 sum)
220 2587 261 2600 -
284 2551 312 2617 si
334 2571 408 2635 orgo
431 2551 571 2618 ciusdem
593 2550 652 2618 loci
673 2551 755 2618 ulter
777 2551 1004 2618 usumfructum
1026 2550 1132 2630 habet,
1154 2550 1236 2620 alter

114 2671 353 2754 proprietatem,
374 2672 600 2756 proprietarius
622 2689 693 2738 sum
715 2672 761 2752 iu
774 2673 875 2772 lupum
904 2678 1060 2738 mortuum
1087 2671 1234 2750 infereus,

115 2791 213 2858 inuito
237 2790 481 2870 usufructuario,
504 2793 605 2860 locum
626 2791 808 2874 religiosum
831 2809 892 2859 non
914 2791 999 2860 facit.
1043 2810 1114 2858 nom
1137 2794 1165 2859 si
1186 2811 1234 2859 rc·
1251 2809 1286 2862 ao

113 2910 244 2992 ligiosus
265 2909 365 2990 fieret,
387 2913 533 2995 nequiret
554 2913 585 2978 in
608 2913 698 2980 bonis
720 2912 852 2980 alcuius
874 2929 958 2992 csse,
986 2911 1075 2996 atqui
1103 2912 1135 2977 in
1157 2910 1235 2978 alte·

115 3030 180 3096 rius
201 3032 395 3114 proprietate
416 3030 645 3098 usumfructum
673 3032 843 3098 consistere
873 3030 1013 3099 definitio
1041 3047 1099 3097 nos
1128 3030 1235 3096 docuit

114 3149 326 3231 ususfructus3
354 3152 465 3220 merito
493 3171 569 3234 crgo
598 3151 867 3220 usufructuarium
895 3152 1070 3218 consentire
1096 3153 1233 3230 oportet:

112 3268 190 3335 nihil
210 3271 294 3338 euim
318 3289 426 3338 eorum
447 3277 550 3338 rutum
573 3270 709 3340 habetur
729 3289 811 3354 quae
836 3290 857 3337 o
880 3272 1005 3339 domino
1031 3269 1064 3336 in
1093 3267 1234 3335 neuneu
