2870 4716
541 427 582 438 -
629 393 781 457 354-

263 561 360 630 ἄλλοι
382 564 419 629 δὲ
442 565 554 652 ῥινοῖς,
576 563 671 632 ἄλλοι
695 566 725 631 δ’
750 562 862 655 αὐτῇσι
883 561 993 646 βόεσσι

263 687 358 754 ἄλλοι
381 690 412 755 δ’
436 688 720 780 ἆνδραπόδεσσι.ῑ)

109 813 295 889 notatione«
319 822 423 881 autem
451 817 674 901 interpretatur
696 817 829 880 ‘ninum
853 817 1142 899 comparabant.
1186 821 1220 880 et

106 939 226 1021 tingens
250 959 305 1004 eos
328 941 434 1005 uinum
455 962 649 1025 comparare,
674 941 719 1006 ait
731 941 807 1006 dare
830 941 955 1005 nomine
971 939 1064 1025 pretii
1086 941 1137 1004 uel
1161 959 1218 1005 aes

107 1063 154 1126 uel
181 1064 299 1129 ferrum
326 1065 379 1130 nel
407 1066 509 1150 pelles
536 1067 587 1131 nel
621 1066 720 1131 boues
752 1066 804 1130 uel
831 1065 997 1148 manoipia.
1042 1064 1216 1148 proouliani
1254 1075 1272 1126 5

105 1195 208 1254 antem
237 1196 346 1254 eontra
374 1191 560 1254 asserebant
583 1190 731 1270 aliudque
755 1209 825 1254 esse
852 1189 1000 1255 dicebant
1021 1208 1124 1254 rerum
1147 1209 1216 1273 per-

103 1313 307 1378 mutationem
331 1320 363 1379 et
382 1314 469 1379 aliud
489 1314 677 1398 emptionem
698 1321 729 1380 et
747 1314 969 1380 uenditionem.
1008 1314 1216 1394 dioebantqne

102 1457 163 1502 non
174 1457 272 1522 posse
287 1458 354 1504 rom
369 1445 455 1504 reete
471 1437 623 1522 expediri,
639 1440 734 1504 rebus
745 1439 938 1523 permutatis,
954 1458 1035 1520 quae
1051 1437 1218 1504 uideantur

102 1563 228 1628 uenisse
252 1567 284 1627 et
308 1582 390 1643 quae
412 1563 507 1647 pretii
529 1564 653 1629 nomine
677 1583 748 1629 esse
765 1563 848 1628 data
882 1584 954 1628 nam
972 1584 1038 1629 rem
1053 1569 1216 1644 utramque

101 1687 228 1752 uenisse
252 1694 284 1752 et
305 1686 400 1771 pretii
422 1688 547 1754 nomine
563 1708 634 1754 esse
651 1689 757 1752 datam
772 1687 874 1753 uideri
889 1688 1044 1753 rationem
1062 1708 1125 1753 non
1141 1687 1216 1772 pati.
1236 1696 1272 1749 10

99 1819 148 1876 set
169 1812 299 1876 Proculi
322 1811 480 1877 sententia
508 1812 639 1878 dioentts
668 1812 928 1897 permutationem
956 1813 1118 1897 propriam
1146 1831 1216 1878 esse

98 1936 241 2020 speeiem
263 1941 442 2002 eontraotus
458 1958 479 2002 a
494 1937 675 2002 uenditione
691 1942 871 2021 separatam
895 1938 1005 2003 merito
1026 1937 1214 2021 praeualuit,

98 2081 168 2126 oum
201 2067 233 2126 et
255 2061 324 2144 ipse
346 2062 499 2127 Proeulus
523 2061 595 2126 aliis
622 2061 790 2127 homericis
817 2061 960 2127 uersibus
990 2062 1157 2127 adiuuetnr
1184 2069 1216 2127 et

98 2185 309 2251 ualidioribus
331 2186 506 2251 rationibus
530 2187 571 2250 ad
586 2186 645 2252 hoo
662 2193 776 2252 utatur.
806 2206 915 2251 uersus
932 2193 1037 2252 antem
1053 2187 1085 2251 hi
1101 2185 1215 2270 suntD:
1289 2285 1294 2294 ,

206 2309 282 2374 ἐνθ’
304 2305 381 2374 αὖτε
403 2307 535 2398 Γλαύκῳ
560 2308 719 2397 Κρονίδης
742 2313 864 2397 φρένας
886 2309 1008 2387 ἐξέλετο
1030 2307 1110 2386 Zetis
1235 2326 1270 2379 15

205 2431 242 2508 ὃς
265 2429 348 2520 πρὸς
373 2433 534 2519 Τυδείδην
556 2431 724 2521 Διομήδεα
744 2431 845 2516 τεύχε’
868 2431 991 2517 ἄμειβε,

205 2555 326 2645 χρύσεα
348 2558 505 2640 χαλκείων
527 2556 710 2641 ἑκατόμβοι’
731 2557 933 2641 ἐννεαβοίων.

96 2702 173 2748 eooe
197 2683 282 2748 enim
309 2683 360 2748 hie
387 2683 720 2767 permutationem,
749 2703 812 2747 non
838 2683 1115 2766 uenditionem,
1142 2702 1214 2748 oon

96 2813 234 2872 trautnm
256 2807 423 2872 manifeste
445 2807 581 2872 uoeuuit.
626 2807 712 2889 quod
732 2815 765 2872 et
783 2807 957 2872 anteriores
978 2807 1137 2890 prinsipes
1160 2807 1214 2872 ad·

61 2935 85 2985 3.
96 2933 252 2997 miserunt
267 2937 299 2996 et
314 2931 346 2996 in
361 2931 504 3014 Digestis
518 2931 613 2996 latius
631 2931 833 3014 significatur.
865 2934 894 2998 3.
909 2930 1055 2996 Diximus
1071 2931 1214 3014 superius
1233 2945 1271 2998 νο

95 3056 323 3137 uenditionem,
348 3075 429 3136 quae
453 3055 520 3122 sine
544 3056 701 3139 scriptura
722 3055 764 3134 fit,
787 3055 892 3120 statim
917 3055 1101 3138 oonsistere,
1122 3055 1216 3120 simu-

96 3181 205 3263 latone
229 3181 363 3264 pretium
387 3180 546 3245 definitum
569 3180 610 3244 sit
632 3187 665 3244 et
686 3180 809 3262 utrique
824 3178 908 3264 purti
922 3181 1088 3264 pluouerit.
1130 3185 1215 3264 post·

96 3325 193 3386 qnam
228 3305 324 3388 igitur
350 3304 410 3370 hoo
436 3304 530 3371 modo
562 3304 748 3387 eonstiterit,
782 3305 954 3388 perieulum
986 3304 1034 3370 rei
1065 3304 1214 3370 uenditae

95 3429 204 3495 statim
228 3429 270 3494 od
293 3435 467 3513 emptorem
489 3433 626 3513 spectat,
655 3429 780 3494 tametsi
802 3430 940 3493 nondum
964 3447 1015 3494 res
1039 3427 1069 3493 ei
1096 3427 1214 3492 tradita

95 3554 148 3619 sit.
193 3555 301 3636 itaque
317 3554 345 3618 si
360 3553 453 3619 homo
469 3553 614 3619 uenditus
637 3554 678 3618 sit
701 3559 732 3618 et
746 3553 920 3619 decesserit
931 3554 984 3618 uel
1000 3553 1111 3633 aliqua
1122 3557 1212 3635 parte
1231 3565 1269 3617 25

189 3801 210 3869 1)
228 3799 292 3856 indo
304 3801 397 3854 uinum
409 3799 605 3870 comparabant
618 3803 758 3854 eomantes
771 3799 880 3869 Aehini,
893 3801 940 3853 ulii
951 3814 1022 3868 aero,
1036 3799 1081 3854 alii
1095 3815 1214 3856 eorusoo

96 3888 183 3958 ferro,
201 3889 245 3944 aiii
262 3890 347 3944 boum
365 3889 491 3958 pellibus,
510 3890 555 3944 alii
572 3890 641 3957 ipsis
660 3886 760 3958 bubus,
779 3889 825 3942 alii
843 3890 938 3943 seruis.
974 3889 1006 3942 11.
1025 3892 1050 3958 7,
1069 3891 1129 3944 472.

189 3978 212 4048 ί)
230 3981 284 4032 iam
296 3993 363 4033 uero
377 3977 486 4034 Saturni
498 3978 570 4032 fliius
582 3978 706 4046 Iuppiter
720 3977 824 4032 Gtaueo
837 3981 955 4032 mentam
968 3979 1067 4047 rapuit,
1086 3980 1133 4047 qui
1151 3993 1212 4033 oum

96 4065 192 4136 Tydei
199 4067 255 4122 filio
263 4066 397 4122 Diomede
407 4081 482 4122 arma
490 4066 671 4136 permutabot,
686 4080 768 4122 aurea
777 4066 898 4136 eheneis,
910 4071 1018 4122 eentum
1030 4067 1114 4122 houm
1122 4067 1214 4136 pretio

98 4157 244 4210 wstimata
261 4172 323 4212 oum
342 4157 493 4212 aestimatis
510 4156 600 4211 bubus
618 4170 726 4210 nouem.
762 4155 794 4210 11.
813 4159 839 4225 o,
857 4157 920 4212 284.
