2884 4728
537 361 778 426 -391-

97 539 265 622 percipiat.
297 538 408 604 merito
430 539 526 622 igitur
542 538 634 602 datur
656 536 687 602 ei
701 537 776 602 furti
792 537 887 613 actio
909 557 971 603 uon
987 536 1064 601 mihi
1079 536 1213 601 domino.

99 679 163 746 ego
188 663 271 728 enim
292 663 531 748 pignoratitiam
556 662 709 727 aduersus
732 682 803 727 eum
826 662 959 739 habebo,
983 668 1092 746 utpote
1114 662 1167 741 qui
1183 662 1214 726 in

98 807 135 852 re
160 787 366 853 custodienda
388 787 593 871 neglegenter
616 786 656 851 sit
679 793 831 851 uersatus.
866 786 997 852 habebit
1017 791 1121 850 autem
1141 784 1215 850 furti

100 912 258 977 actionem
281 911 429 995 creditor,
453 912 577 977 etiamsi
600 931 661 994 ego
685 911 808 976 debitor
830 911 962 976 idoneus
985 911 1057 994 sim,
1086 910 1214 996 expedit

100 1036 187 1102 cuim
217 1037 248 1102 ei
274 1036 398 1120 pigneri
425 1036 529 1120 potius
556 1037 738 1102 incumbere
766 1044 797 1100 et
823 1036 897 1100 inde
927 1037 988 1101 sibi
1015 1035 1215 1100 securitatem
1253 1048 1273 1099 o

101 1180 303 1244 comparare,
333 1181 426 1242 quam
454 1162 486 1224 in
513 1181 681 1244 personam
714 1161 866 1225 aduersus
900 1181 949 1226 me
985 1179 1089 1243 agere.
1136 1159 1215 1224 adeo

101 1291 208 1350 autem
231 1303 339 1350 nerum
364 1295 412 1349 est
435 1285 581 1350 creditori
605 1286 760 1350 actionem
783 1286 857 1350 furti
874 1292 1061 1368 competere,
1087 1290 1120 1348 ut
1142 1290 1174 1348 et
1190 1284 1216 1348 si

100 1409 173 1492 ipse
203 1409 327 1474 debitor
355 1409 468 1493 pignus
499 1410 721 1493 subripuerim,
752 1409 952 1475 nihilominus
980 1408 1142 1490 creditori,
1172 1409 1217 1472 uti

47 1547 89 1598 15.
101 1533 231 1617 saepius
247 1535 436 1616 dictumest,
458 1535 532 1598 furti
548 1533 630 1598 actio
652 1535 749 1598 detur.
788 1537 836 1600 15.
860 1534 944 1598 Dedi
963 1533 1075 1598 fulloni
1097 1533 1216 1616 polien-

102 1657 178 1721 dam
202 1666 255 1721 aut
277 1658 448 1722 leuandam
472 1667 591 1723 uestem
615 1659 666 1723 uel
690 1659 877 1723 sarcinatori
900 1658 1112 1738 sarciendam,
1136 1669 1270 1722 mer-10

102 1782 182 1848 cede
210 1789 297 1848 certa
324 1783 500 1848 constituta.
546 1783 627 1848 furto
657 1782 795 1848 admisso
824 1803 864 1846 ea
891 1783 998 1866 periit:
1027 1783 1129 1865 magis
1159 1791 1216 1862 est,

102 1914 137 1971 ut
164 1909 233 1991 ipse
260 1909 339 1972 fullo
368 1915 421 1972 aut
454 1909 629 1973 sarcinator
661 1908 815 1972 actionem
849 1907 926 1972 furti
958 1907 1089 1988 habeat,
1124 1927 1216 1987 quam

103 2032 262 2114 dominus,
292 2032 410 2097 domini
437 2033 518 2098 enirn
547 2053 610 2097 non
636 2033 767 2098 interest
789 2053 855 2097 rem
878 2033 995 2116 perire,
1024 2053 1093 2097 oum
1122 2033 1151 2096 ei
1179 2031 1217 2096 de

103 2156 309 2222 indemnitate
343 2157 439 2222 uestis
474 2164 673 2241 prospectum
708 2158 762 2239 sit,
799 2157 873 2237 quia
900 2178 920 2221 a
944 2157 1138 2222 sarcinatore
1166 2155 1217 2220 uel

103 2281 223 2346 fullone
247 2281 343 2347 locati
366 2281 489 2346 actione
512 2302 578 2346 rem
603 2303 691 2346 suam
714 2282 861 2366 persequi
884 2287 997 2365 potest.
1043 2281 1218 2346 sarcinator
1239 2291 1272 2342 15

105 2411 210 2470 autern
245 2405 297 2470 uel
324 2405 400 2472 fullo
429 2406 500 2470 ideo
529 2406 602 2470 furti
630 2407 785 2471 actionem
814 2412 976 2487 exercent,
1008 2405 1082 2486 qnia
1109 2425 1217 2470 eornm

104 2530 236 2596 interest
258 2529 373 2594 furtum
395 2550 459 2594 non
482 2530 564 2595 fieri:
587 2551 621 2595 re
646 2532 727 2595 enim
751 2537 888 2614 seruata,
912 2531 1086 2594 mercedem
1105 2530 1218 2595 consti·

104 2660 204 2719 tutam
237 2654 435 2720 adsecuntur.
480 2656 507 2720 si
535 2656 605 2734 quis
632 2655 716 2719 bona
746 2655 806 2719 fide
838 2675 903 2720 rem
937 2655 1071 2718 alienam
1101 2655 1219 2736 emerit,

104 2799 239 2859 eamque
251 2778 333 2844 furto
346 2780 494 2861 amiserit,
511 2781 653 2860 quamuis
669 2779 812 2844 dominus
828 2799 891 2844 non
907 2779 956 2861 sit,
974 2780 1048 2844 furti
1064 2780 1219 2843 actionem

105 2903 245 2986 habebit,
268 2903 359 2968 sicuti
382 2911 413 2968 et
437 2903 580 2969 creditor.
625 2901 737 2968 fulloni
765 2911 868 2969 autem
893 2912 924 2969 et
947 2905 1133 2969 sarcinatori
1156 2923 1218 2968 uon
1239 2921 1275 2973 20

104 3027 199 3093 aliter
221 3027 296 3093 furti
320 3029 421 3112 datur,
446 3049 539 3111 quam
563 3029 592 3094 si
614 3029 765 3094 soluendo
789 3030 863 3112 sint,
888 3029 948 3094 hoc
972 3036 1020 3094 est
1043 3029 1069 3093 si
1094 3027 1218 3093 domino

104 3153 152 3218 rei
176 3153 427 3218 aestimationem
450 3155 574 3219 soluere
598 3155 726 3237 possint.
761 3175 834 3218 nom
851 3153 878 3217 si
893 3153 1027 3238 pretium
1051 3155 1219 3236 subreptae

103 3277 153 3344 rei
175 3285 340 3361 praestare
363 3297 427 3342 non
449 3285 593 3361 possunt,
617 3287 681 3343 tum
705 3278 780 3343 furti
802 3279 886 3344 actio
912 3279 1036 3342 domino
1061 3277 1220 3360 competit,

105 3407 215 3486 utpote
239 3403 292 3484 qui
307 3411 444 3484 nequeat
460 3405 501 3468 ab
518 3403 564 3468 eis
580 3405 749 3487 subreptae
772 3403 820 3468 rei
840 3403 1089 3468 aestimationem
1113 3419 1221 3465 conse-

105 3528 174 3608 qui:
203 3533 277 3592 tunc
300 3529 383 3592 enim
407 3528 474 3593 eins
501 3529 632 3593 interest
658 3549 725 3593 rem
753 3529 875 3592 saluam
905 3547 990 3608 esse,
1020 3527 1095 3608 quia
1123 3524 1220 3589 uestis
1239 3541 1274 3594 25

105 3652 286 3718 aestimatio
319 3673 358 3718 ex
382 3653 510 3718 fullonis
542 3653 784 3718 sarcinatorisue
819 3653 910 3716 bonis
942 3652 972 3716 ei
1007 3651 1127 3715 seruari
1158 3668 1222 3712 non

106 3782 221 3861 potest
267 3777 345 3843 haec
373 3784 477 3842 autem
505 3778 637 3843 dicimus
665 3777 733 3842 siue
757 3778 790 3841 in
819 3783 908 3860 parte
937 3775 1004 3840 sine
1031 3774 1220 3840 insolidum
