2898 4712
408 341 730 438 '-nee-

72 567 196 624 maneam
221 558 428 626 hereditatem
450 561 539 627 edire
561 561 640 628 alter
662 561 729 628 sine
749 563 865 632 tutoris
879 561 1077 642 auctoritate,
1098 561 1179 630 alter

39 689 137 744 luero
166 681 233 744 siue
255 681 409 746 curatoris
438 692 589 748 consensu
620 691 765 762 nequeat
825 684 856 748 4.
895 681 1009 750 casum
1038 682 1179 748 inuenire

73 807 120 874 est,
141 800 193 864 ubi
214 803 284 881 quis
307 809 447 883 tempore
470 804 579 867 mortis
600 805 699 882 patris
721 805 753 868 in
778 804 845 869 eius
867 809 1024 885 potestate
1045 821 1105 868 non
1128 803 1179 882 eit

71 921 212 984 ettamen
235 939 312 985 suus
334 921 426 986 heres
452 920 517 987 fiat
561 923 660 989 ueluti
687 923 715 988 si
742 921 825 988 filius
852 941 940 988 meus
968 924 1008 989 ab
1036 922 1180 989 hostibus

73 1047 167 1120 raptus
189 1047 323 1122 postque
345 1043 452 1107 mortis
476 1061 562 1109 meae
584 1051 708 1126 tempos
730 1061 881 1110 reuersus
903 1043 1008 1123 inerit,
1030 1043 1081 1109 ius
1095 1045 1180 1122 poet·
1213 1041 1231 1093 ὃ

71 1159 167 1224 liminii
191 1180 262 1226 eum
285 1180 375 1226 suom
398 1162 473 1230 fecit
495 1165 657 1240 heredem,
684 1166 827 1248 quamuis
854 1164 963 1230 mortis
985 1169 1126 1246 ternpore
1147 1163 1179 1228 iu

39 1292 58 1340 r.
72 1297 127 1342 nea
147 1299 207 1344 non
231 1281 326 1347 luerit
347 1290 513 1365 potestate.
557 1287 587 1348 5.
621 1285 663 1350 Et
685 1303 796 1350 rursus
817 1303 873 1366 per
895 1284 1086 1350 eontrarium
1108 1299 1180 1348 ene

74 1399 112 1462 nit
137 1408 174 1464 ut
198 1401 272 1465 licet
299 1403 369 1483 quis
397 1405 428 1466 in
457 1421 526 1468 mee
553 1403 670 1470 familie
705 1403 748 1469 sit
777 1402 888 1470 mortis
915 1420 1002 1468 meae
1028 1410 1179 1483 tempore,

73 1532 163 1584 tamen
185 1540 261 1586 suns
284 1522 375 1588 heres
398 1541 458 1590 non
480 1522 544 1588 fiet
595 1531 630 1590 ut
659 1543 731 1590 ecoe
757 1524 882 1590 Primus
907 1522 1006 1588 filium
1032 1523 1064 1588 in
1093 1527 1180 1604 pote·

72 1643 142 1704 stote
163 1639 283 1707 hebens
306 1651 448 1708 mortuus
470 1651 532 1709 est:
559 1653 631 1726 post
659 1652 789 1710 mortem
818 1661 906 1708 suam
936 1660 1009 1708 reus
1037 1638 1233 1726 perduoi-1⁰

74 1758 154 1824 lionis
177 1769 225 1824 est
251 1763 431 1842 postulatus
462 1765 548 1844 (nem
576 1782 644 1829 eum
674 1771 779 1828 cetera
807 1764 936 1830 erimine
964 1769 1064 1827 morte
1093 1778 1180 1842 pere

73 1887 185 1944 menter
221 1879 280 1946 hoo
314 1889 346 1944 et
378 1881 411 1946 iu
443 1889 583 1949 mortuos
621 1882 905 1962 animaduertitur).
960 1880 1180 1963 perduellionis

79 1999 230 2064 dannatus
252 2007 302 2066 est
323 1998 455 2076 Primum,
477 2003 633 2068 sententie
655 2003 694 2068 de
721 2001 780 2066 hoo
808 2002 873 2066 leta
900 2007 963 2074 est;
990 1997 1085 2066 fiscus
1112 1999 1180 2066 eius

74 2121 281 2196 patrimonium
304 2121 427 2203 accipit,
450 2123 618 2204 euenitque
640 2129 675 2186 ut
702 2122 754 2204 qui
782 2121 814 2185 in
842 2125 998 2202 potestate
1023 2121 1091 2186 eius
1113 2119 1180 2186 lue.

71 2240 112 2314 rit,
132 2241 220 2306 heres
243 2260 304 2306 non
327 2239 391 2305 fiat.
437 2239 492 2306 Set
513 2243 539 2305 si
561 2243 632 2323 quis
652 2239 831 2321 diligentius
853 2239 1000 2321 inquirat
1023 2239 1091 2322 ipse
1113 2238 1182 2321 qui·
1200 2250 1232 2302 ro

73 2361 134 2424 dem
154 2363 230 2426 iuris
254 2361 429 2442 suptilitate
451 2361 542 2426 heres
563 2359 608 2438 fit,
632 2361 746 2425 desinit
767 2367 871 2424 tamen
894 2358 985 2424 heres
1008 2375 1086 2437 esse,
1109 2377 1180 2424 cum

75 2480 133 2544 eins
153 2481 252 2563 petris
275 2482 423 2546 damnate
444 2481 486 2545 sit
507 2479 666 2545 memorie.
690 2479 770 2544 Eece
791 2478 889 2558 igitur
912 2479 1095 2560 exemplum,
1118 2495 1181 2559 quo

42 2607 59 2658 t.
73 2598 180 2666 heredis
201 2602 270 2665 iura
292 2602 383 2667 uliooi
405 2601 597 2665 adhaereant
617 2615 790 2682 rursusque
817 2598 857 2663 ab
885 2617 921 2663 eo
945 2597 1104 2664 decedant
1149 2595 1180 2660 6.

75 2717 162 2784 litlus
183 2719 281 2785 filium
306 2719 355 2786 uel
384 2720 477 2785 liliam
501 2722 531 2784 in
561 2725 718 2800 potestate
746 2719 864 2784 hebens
892 2725 987 2800 etque
1015 2715 1180 2782 exaltem

76 2835 128 2903 lilio
149 2847 345 2918 praemortuo
368 2845 511 2921 nepotem
542 2847 721 2920 neptemue,
752 2840 920 2902 intestatus
949 2845 1091 2903 mortuus
1121 2841 1179 2902 eet
1197 2847 1234 2900 att

77 2971 213 3025 uocantur
235 2962 276 3026 ed
300 2962 367 3026 eius
390 2961 594 3025 hereditatem
617 2957 699 3024 filius
722 2959 814 3023 simul
841 2955 959 3023 etfilia
981 2964 1071 3023 etex
1093 2973 1181 3056 prae

80 3088 187 3146 mortuo
209 3080 273 3146 filio
296 3097 392 3161 nepos
414 3082 568 3161 neposne,
591 3097 648 3144 nec
668 3077 837 3159 proximior
859 3077 970 3161 gradu,
991 3078 1023 3142 h.
1039 3096 1064 3141 e.
1088 3074 1180 3154 lilius,

77 3194 240 3265 ulteriorem
263 3197 408 3265 excludit
450 3218 584 3283 aequum
608 3199 688 3264 enim
711 3200 814 3264 uisum
836 3207 886 3264 est
906 3203 1036 3279 nepotes
1058 3201 1182 3277 neptes·
