2870 4716
500 367 729 429 -316-

65 551 275 634 proscriptioni
289 551 366 618 haec
382 551 552 618 addebant:
572 552 862 619 »creditoribus
877 556 1033 634 emptor
1050 551 1176 634 (uerbi

68 673 235 757 agretia)
263 674 301 737 in
325 671 530 738 dimidiam
554 673 658 738 aeris
686 673 810 738 alieni
833 677 978 756 partem
1001 673 1174 751 tenetur,

68 798 126 857 »ut
147 793 210 859 cui
233 793 257 859 C
280 792 519 870 debeantur,
550 793 576 857 L
604 793 791 874 accipiat,
820 797 858 858 11
879 794 943 858 111
967 793 1038 871 GC,
1068 793 1176 860 Cac-

68 913 240 996 »cipiat«.
265 919 298 978 et
319 931 389 979 cum
410 912 574 994 posthaec
595 911 794 995 praefinitum
817 917 940 994 tempus
961 917 1045 978 esset
1067 912 1176 978 decur-

65 1053 147 1112 sum„
168 1039 246 1099 tunc
269 1035 350 1099 bona
373 1033 506 1115 emptori
533 1033 768 1099 addicebantur.
812 1037 844 1098 11
865 1031 1040 1097 uocabatur
1065 1033 1092 1098 is
1122 1034 1209 1115 quio

65 1158 173 1219 emeret
210 1155 422 1220 »bonorum
451 1159 645 1236 emptor«,
674 1172 843 1235 omnesque
872 1153 1009 1219 actiones
1038 1171 1119 1234 quae
1148 1153 1176 1218 11

66 1279 93 1338 11
111 1274 140 1338 111
161 1293 251 1351 enm,
283 1274 371 1340 cuius
401 1275 485 1339 bona
512 1274 692 1351 uenierant,
720 1272 938 1354 competebant
961 1272 1001 1338 ad
1023 1273 1176 1338 bonorum

66 1399 229 1476 emptorem
252 1393 537 1470 transferebantur,
566 1393 620 1474 qui
642 1393 763 1458 utiliter
784 1392 898 1474 agebat
920 1397 952 1458 et
972 1392 1177 1458 conuenieba-

66 1519 112 1578 tm
132 1514 224 1579 sicuti
247 1513 342 1580 etiam
363 1513 517 1578 bonorum
540 1531 715 1596 possessor:
739 1517 872 1594 uterquc
894 1513 976 1578 enim
998 1513 1176 1594 praetorius

67 1638 109 1698 est
128 1651 299 1699 successor.
344 1633 408 1712 Set,
432 1634 479 1696 nti
502 1631 620 1697 dictum
642 1637 699 1706 est,
724 1632 875 1697 eiusmodi
898 1651 1005 1697 omnes
1028 1633 1176 1712 ambages
1197 1643 1228 1694 10

37 1752 149 1819 thudin
170 1759 391 1831 rossemanum,
422 1773 492 1819 cum
515 1751 764 1818 extraordinaria
790 1752 905 1818 indicia
927 1752 998 1818 sint.
1046 1757 1073 1817 1.
1096 1754 1177 1820 Erat

67 1873 211 1940 etaltera
232 1894 291 1958 per
311 1875 550 1941 uniuersitatem
574 1874 728 1941 successio
752 1893 833 1956 qnae
853 1872 1025 1940 Claudiano
1047 1881 1176 1940 senatus

68 1993 199 2058 1111111111
227 1993 410 2061 introducta
438 1993 551 2060 fuerat
595 2013 669 2059 nam
691 1995 718 2058 si
746 1993 846 2058 libera
874 1994 987 2059 mulier
1008 1995 1069 2060 mei
1092 1995 1176 2062 serui

70 2131 164 2180 amore
186 2114 389 2193 detineretur,
413 2119 445 2180 et
465 2113 536 2179 ideo
556 2113 623 2180 eins
638 2114 846 2180 ministerium
868 2113 1083 2196 impediretur,
1106 2115 1177 2180 lice·

69 2232 116 2298 bat
128 2233 200 2298 mibi
223 2235 252 2300 ei
269 2234 538 2301 denuntiationem
554 2234 689 2311 mittere,
713 2233 774 2299 VII
796 2233 931 2300 testibus
946 2235 1174 2317 praesentibus,
1196 2242 1227 2294 15

69 2371 123 2433 qua
142 2354 227 2419 illam
256 2374 415 2421 monerem
437 2360 474 2419 ut
501 2371 634 2420 aseruo
657 2371 726 2418 meo
749 2353 931 2418 discederet.
966 2355 992 2419 si
1015 2372 1176 2419 neronom

70 2473 249 2554 discedebat,
274 2476 443 2543 111111111
466 2481 609 2558 poteram
632 2473 883 2552 denuntiatione3
913 2473 997 2555 quod
1020 2475 1046 2539 si
1069 2475 1176 2540 1111111

70 2593 166 2659 iisdem
188 2597 384 2678 persisteret,
415 2597 509 2662 tertio
540 2613 666 2677 quoque
689 2595 716 2658 ei
740 2593 971 2659 denuntiabam.
1016 2594 1127 2660 deinde
1150 2595 1177 2659 si

71 2731 151 2778 seruo
172 2734 240 2782 meo
262 2734 324 2781 non
355 2715 542 2792 abstineret,
571 2714 791 2795 magistratum
819 2713 857 2780 de
888 2713 1177 2782 denuntiationibus

71 2834 222 2900 certiorem
243 2834 411 2912 faciebam,
442 2839 474 2899 et
502 2834 701 2898 interlocutio
728 2833 839 2912 fiebat,
867 2853 931 2915 qua
960 2834 1014 2898 illa
1043 2834 1118 2899 mihi
1146 2837 1177 2900 in
1195 2841 1230 2892 2⁰

71 2954 243 3019 seruitutem
266 2953 481 3033 addicebatur,
505 2958 537 3020 et
558 2952 670 3019 fiebam
688 2971 751 3018 non
774 2959 897 3019 tantum
919 2954 1058 3020 mulieris
1081 2954 1178 3019 dorni-

71 3091 130 3151 nus,
152 3078 201 3139 set
222 3075 315 3140 etiam
339 3075 406 3140 eins
429 3075 591 3140 bonorum.
637 3073 704 3139 Hoc
727 3093 803 3140 uero
829 3073 991 3156 indignum
1013 3075 1078 3139 suis
1101 3081 1178 3140 tem-

72 3193 187 3273 poribus
215 3215 281 3262 esae
311 3196 492 3262 existimans
521 3195 680 3278 piissimus
708 3195 881 3277 imperator
908 3198 1016 3260 noster
1038 3194 1176 3273 sustulit,

73 3315 156 3393 11111
178 3334 214 3380 111
232 3315 355 3398 legibus
378 3315 444 3383 suis
468 3316 565 3382 deleri
588 3316 695 3396 iussit,
724 3334 826 3398 neque
846 3333 959 3397 passus
982 3319 1031 3380 111
1058 3315 1089 3378 in
1112 3315 1177 3379 suis

47 3430 156 3530 'inseri
189 3434 324 3517 digestis.
369 3437 477 3520 itaque
513 3437 724 3502 successiones
757 3455 814 3518 per
846 3434 1084 3501 uniuersitatem
1117 3433 1177 3498 bae
1195 3441 1228 3492 no

76 3559 153 3618 sunt:
175 3553 348 3636 hereditas,
370 3556 524 3621 bonorum
547 3555 717 3638 possessio,
747 3555 901 3621 successio
923 3573 980 3636 per
1002 3552 1178 3634 adrogatio
