<?xml version="1.0" encoding="UTF-8"?>
<!DOCTYPE html PUBLIC "-//W3C//DTD XHTML 1.0 Transitional//EN"
    "http://www.w3.org/TR/xhtml1/DTD/xhtml1-transitional.dtd">
<html xmlns="http://www.w3.org/1999/xhtml" xml:lang="en" lang="en">
 <head>
  <title>
</title>
<meta http-equiv="Content-Type" content="text/html;charset=utf-8" />
  <meta name='ocr-system' content='tesseract 3.04.00' />
  <meta name='ocr-capabilities' content='ocr_page ocr_carea ocr_par ocr_line ocrx_word'/>
</head>
<body>
  <div class='ocr_page' id='page_1' title='image "./institutionumgr02linggoog_0488.png"; bbox 0 0 2898 4712; ppageno 0'>
   <div class='ocr_carea' id='block_1_1' title="bbox 529 332 762 396">
    <p class='ocr_par' dir='ltr' id='par_1_1' title="bbox 529 332 762 396">
     <span class='ocr_line' id='line_1_1' title="bbox 529 332 762 396; baseline 0 0"><span class='ocrx_word' id='word_1_1' title='bbox 529 332 676 396; x_wconf 75' lang='lat' dir='ltr'><strong>-utt</strong></span> <span class='ocrx_word' id='word_1_2' title='bbox 721 367 762 380; x_wconf 90' lang='lat'><em>-</em></span> 
     </span>
    </p>
   </div>
   <div class='ocr_carea' id='block_1_2' title="bbox 68 518 1260 2275">
    <p class='ocr_par' dir='ltr' id='par_1_2' title="bbox 68 518 1260 2275">
     <span class='ocr_line' id='line_1_2' title="bbox 108 518 1206 603; baseline 0.003 -19"><span class='ocrx_word' id='word_1_3' title='bbox 108 520 218 585; x_wconf 80' lang='lat' dir='ltr'><strong>ditatum</strong></span> <span class='ocrx_word' id='word_1_4' title='bbox 242 520 396 603; x_wconf 81' lang='lat' dir='ltr'><strong>adquiret</strong></span> <span class='ocrx_word' id='word_1_5' title='bbox 441 526 473 586; x_wconf 89' lang='lat' dir='ltr'><strong>et</strong></span> <span class='ocrx_word' id='word_1_6' title='bbox 494 521 525 585; x_wconf 90' lang='lat' dir='ltr'><strong>in</strong></span> <span class='ocrx_word' id='word_1_7' title='bbox 547 518 597 586; x_wconf 89' lang='lat' dir='ltr'><strong>his</strong></span> <span class='ocrx_word' id='word_1_8' title='bbox 625 519 752 603; x_wconf 85' lang='lat' dir='ltr'><strong>quidem</strong></span> <span class='ocrx_word' id='word_1_9' title='bbox 778 520 902 588; x_wconf 83' lang='lat' dir='ltr'><strong>casibus</strong></span> <span class='ocrx_word' id='word_1_10' title='bbox 931 519 1008 586; x_wconf 90' lang='lat' dir='ltr'><strong>utile</strong></span> <span class='ocrx_word' id='word_1_11' title='bbox 1037 520 1098 588; x_wconf 87' lang='lat' dir='ltr'><strong>erit</strong></span> <span class='ocrx_word' id='word_1_12' title='bbox 1124 519 1206 602; x_wconf 77' lang='lat' dir='ltr'><strong>lega·</strong></span> 
     </span>
     <span class='ocr_line' id='line_1_3' title="bbox 107 639 1208 722; baseline -0.001 -16"><span class='ocrx_word' id='word_1_13' title='bbox 107 649 173 706; x_wconf 85' lang='lat' dir='ltr'><strong>tum:</strong></span> <span class='ocrx_word' id='word_1_14' title='bbox 193 640 432 720; x_wconf 82' lang='lat' dir='ltr'><strong>distinguuntur</strong></span> <span class='ocrx_word' id='word_1_15' title='bbox 453 639 534 706; x_wconf 90' lang='lat' dir='ltr'><strong>enim</strong></span> <span class='ocrx_word' id='word_1_16' title='bbox 557 640 700 722; x_wconf 78' lang='lat' dir='ltr'><strong>legatarii</strong></span> <span class='ocrx_word' id='word_1_17' title='bbox 722 645 755 706; x_wconf 89' lang='lat' dir='ltr'><strong>et</strong></span> <span class='ocrx_word' id='word_1_18' title='bbox 780 640 902 706; x_wconf 89' lang='lat' dir='ltr'><strong>heredis</strong></span> <span class='ocrx_word' id='word_1_19' title='bbox 932 658 1093 721; x_wconf 77' lang='lat' dir='ltr'>personae.</span> <span class='ocrx_word' id='word_1_20' title='bbox 1137 658 1208 722; x_wconf 89' lang='lat' dir='ltr'><strong>pos·</strong></span> 
     </span>
     <span class='ocr_line' id='line_1_4' title="bbox 106 759 1208 842; baseline 0.002 -18"><span class='ocrx_word' id='word_1_21' title='bbox 106 779 162 825; x_wconf 90' lang='lat' dir='ltr'><strong>sum</strong></span> <span class='ocrx_word' id='word_1_22' title='bbox 182 762 263 826; x_wconf 90' lang='lat' dir='ltr'><strong>enim</strong></span> <span class='ocrx_word' id='word_1_23' title='bbox 285 780 305 825; x_wconf 86' lang='lat' dir='ltr'><strong>a</strong></span> <span class='ocrx_word' id='word_1_24' title='bbox 326 760 526 836; x_wconf 87' lang='lat' dir='ltr'><strong>manumisso,</strong></span> <span class='ocrx_word' id='word_1_25' title='bbox 549 761 602 842; x_wconf 91' lang='lat' dir='ltr'><strong>qui</strong></span> <span class='ocrx_word' id='word_1_26' title='bbox 624 759 753 839; x_wconf 87' lang='lat' dir='ltr'><strong>adierit,</strong></span> <span class='ocrx_word' id='word_1_27' title='bbox 780 761 831 826; x_wconf 89' lang='lat' dir='ltr'><strong>uei</strong></span> <span class='ocrx_word' id='word_1_28' title='bbox 856 779 876 825; x_wconf 94' lang='lat' dir='ltr'><strong>a</strong></span> <span class='ocrx_word' id='word_1_29' title='bbox 904 779 986 826; x_wconf 92' lang='lat' dir='ltr'><strong>nouo</strong></span> <span class='ocrx_word' id='word_1_30' title='bbox 1014 760 1138 826; x_wconf 93' lang='lat' dir='ltr'><strong>domino</strong></span> <span class='ocrx_word' id='word_1_31' title='bbox 1165 759 1208 826; x_wconf 91' lang='lat' dir='ltr'><strong>le-</strong></span> 
     </span>
     <span class='ocr_line' id='line_1_5' title="bbox 106 879 1208 962; baseline -0.001 -17"><span class='ocrx_word' id='word_1_32' title='bbox 106 887 195 962; x_wconf 75' lang='lat' dir='ltr'><strong>gutum</strong></span> <span class='ocrx_word' id='word_1_33' title='bbox 224 887 341 962; x_wconf 84' lang='lat' dir='ltr'><strong>petere.</strong></span> <span class='ocrx_word' id='word_1_34' title='bbox 391 879 439 944; x_wconf 88' lang='lat' dir='ltr'><strong>siu</strong></span> <span class='ocrx_word' id='word_1_35' title='bbox 470 885 574 944; x_wconf 88' lang='lat' dir='ltr'><strong>autem</strong></span> <span class='ocrx_word' id='word_1_36' title='bbox 600 879 630 942; x_wconf 90' lang='lat' dir='ltr'><strong>in</strong></span> <span class='ocrx_word' id='word_1_37' title='bbox 658 898 730 944; x_wconf 89' lang='lat' dir='ltr'><strong>mea</strong></span> <span class='ocrx_word' id='word_1_38' title='bbox 758 883 913 961; x_wconf 71' lang='lat' dir='ltr'><strong>potestate</strong></span> <span class='ocrx_word' id='word_1_39' title='bbox 941 880 1148 960; x_wconf 83' lang='lat' dir='ltr'><strong>permanserit</strong></span> <span class='ocrx_word' id='word_1_40' title='bbox 1176 884 1208 944; x_wconf 89' lang='lat' dir='ltr'><strong>et</strong></span> 
     </span>
     <span class='ocr_line' id='line_1_6' title="bbox 105 993 1259 1082; baseline 0 -18"><span class='ocrx_word' id='word_1_41' title='bbox 105 1018 161 1064; x_wconf 89' lang='lat' dir='ltr'><strong>neo</strong></span> <span class='ocrx_word' id='word_1_42' title='bbox 179 1000 270 1065; x_wconf 88' lang='lat' dir='ltr'><strong>iussu</strong></span> <span class='ocrx_word' id='word_1_43' title='bbox 292 1001 413 1076; x_wconf 76' lang='lat' dir='ltr'><strong>adierit,</strong></span> <span class='ocrx_word' id='word_1_44' title='bbox 440 1000 600 1066; x_wconf 88' lang='lat' dir='ltr'><strong>euanescit</strong></span> <span class='ocrx_word' id='word_1_45' title='bbox 626 999 778 1079; x_wconf 80' lang='lat' dir='ltr'><strong>legatum3</strong></span> <span class='ocrx_word' id='word_1_46' title='bbox 804 995 845 1063; x_wconf 89' lang='lat' dir='ltr'><strong>fio</strong></span> <span class='ocrx_word' id='word_1_47' title='bbox 867 1000 946 1064; x_wconf 89' lang='lat' dir='ltr'><strong>enim</strong></span> <span class='ocrx_word' id='word_1_48' title='bbox 977 998 1147 1082; x_wconf 78' lang='lat' dir='ltr'><strong>legatarius</strong></span> <span class='ocrx_word' id='word_1_49' title='bbox 1170 1017 1208 1064; x_wconf 86' lang='lat' dir='ltr'><strong>ex</strong></span> <span class='ocrx_word' id='word_1_50' title='bbox 1241 993 1259 1046; x_wconf 63' lang='grc' dir='ltr'><strong>ὅ</strong></span> 
     </span>
     <span class='ocr_line' id='line_1_7' title="bbox 68 1116 1207 1199; baseline -0.003 -15"><span class='ocrx_word' id='word_1_51' title='bbox 68 1123 295 1199; x_wconf 73' lang='lat' dir='ltr'><strong>assumento,</strong></span> <span class='ocrx_word' id='word_1_52' title='bbox 327 1118 418 1185; x_wconf 86' lang='lat' dir='ltr'><strong>heres</strong></span> <span class='ocrx_word' id='word_1_53' title='bbox 439 1125 545 1185; x_wconf 89' lang='lat' dir='ltr'><strong>autom</strong></span> <span class='ocrx_word' id='word_1_54' title='bbox 572 1137 609 1184; x_wconf 84' lang='lat' dir='ltr'><strong>ex</strong></span> <span class='ocrx_word' id='word_1_55' title='bbox 639 1117 723 1184; x_wconf 91' lang='lat' dir='ltr'><strong>serui</strong></span> <span class='ocrx_word' id='word_1_56' title='bbox 756 1117 903 1185; x_wconf 88' lang='lat' dir='ltr'><strong>aditione.</strong></span> <span class='ocrx_word' id='word_1_57' title='bbox 959 1118 1009 1182; x_wconf 87' lang='grc'><strong>34.</strong></span> <span class='ocrx_word' id='word_1_58' title='bbox 1042 1116 1125 1182; x_wconf 83' lang='lat' dir='ltr'><strong>Ante</strong></span> <span class='ocrx_word' id='word_1_59' title='bbox 1157 1117 1207 1181; x_wconf 84' lang='lat' dir='ltr'><strong>he</strong></span> 
     </span>
     <span class='ocr_line' id='line_1_8' title="bbox 104 1235 1206 1319; baseline -0.002 -17"><span class='ocrx_word' id='word_1_60' title='bbox 104 1237 176 1302; x_wconf 89' lang='lat' dir='ltr'><strong>redis</strong></span> <span class='ocrx_word' id='word_1_61' title='bbox 200 1235 431 1304; x_wconf 88' lang='lat' dir='ltr'><strong>institutionem</strong></span> <span class='ocrx_word' id='word_1_62' title='bbox 459 1237 612 1302; x_wconf 77' lang='lat' dir='ltr'><strong>inutiliter</strong></span> <span class='ocrx_word' id='word_1_63' title='bbox 639 1235 780 1318; x_wconf 82' lang='lat' dir='ltr'><strong>legamus</strong></span> <span class='ocrx_word' id='word_1_64' title='bbox 806 1242 839 1302; x_wconf 88' lang='lat' dir='ltr'><strong>et</strong></span> <span class='ocrx_word' id='word_1_65' title='bbox 866 1236 936 1302; x_wconf 90' lang='lat' dir='ltr'><strong>iure</strong></span> <span class='ocrx_word' id='word_1_66' title='bbox 965 1237 1107 1319; x_wconf 81' lang='lat' dir='ltr'><strong>quidem3</strong></span> <span class='ocrx_word' id='word_1_67' title='bbox 1137 1253 1206 1300; x_wconf 86' lang='lat' dir='ltr'><strong>oum</strong></span> 
     </span>
     <span class='ocr_line' id='line_1_9' title="bbox 104 1354 1208 1438; baseline 0 -18"><span class='ocrx_word' id='word_1_68' title='bbox 104 1363 279 1422; x_wconf 81' lang='lat' dir='ltr'><strong>testamenta</strong></span> <span class='ocrx_word' id='word_1_69' title='bbox 307 1375 345 1422; x_wconf 86' lang='lat' dir='ltr'><strong>ex</strong></span> <span class='ocrx_word' id='word_1_70' title='bbox 373 1356 496 1422; x_wconf 90' lang='lat' dir='ltr'><strong>heredis</strong></span> <span class='ocrx_word' id='word_1_71' title='bbox 529 1354 725 1423; x_wconf 89' lang='lat' dir='ltr'><strong>institutione</strong></span> <span class='ocrx_word' id='word_1_72' title='bbox 757 1355 821 1422; x_wconf 90' lang='lat' dir='ltr'><strong>nim</strong></span> <span class='ocrx_word' id='word_1_73' title='bbox 859 1355 1022 1437; x_wconf 86' lang='lat' dir='ltr'><strong>accipiant.</strong></span> <span class='ocrx_word' id='word_1_74' title='bbox 1074 1354 1208 1438; x_wconf 88' lang='lat' dir='ltr'><strong>ideoque</strong></span> 
     </span>
     <span class='ocr_line' id='line_1_10' title="bbox 102 1474 1209 1557; baseline -0.004 -15"><span class='ocrx_word' id='word_1_75' title='bbox 102 1484 184 1557; x_wconf 88' lang='lat' dir='ltr'><strong>caput</strong></span> <span class='ocrx_word' id='word_1_76' title='bbox 211 1476 439 1557; x_wconf 72' lang='lat' dir='ltr'><strong>quodammodo</strong></span> <span class='ocrx_word' id='word_1_77' title='bbox 467 1483 499 1543; x_wconf 88' lang='lat' dir='ltr'><strong>et</strong></span> <span class='ocrx_word' id='word_1_78' title='bbox 526 1475 762 1541; x_wconf 82' lang='lat' dir='ltr'><strong>tundamentum</strong></span> <span class='ocrx_word' id='word_1_79' title='bbox 790 1477 887 1542; x_wconf 92' lang='lat' dir='ltr'><strong>totius</strong></span> <span class='ocrx_word' id='word_1_80' title='bbox 919 1475 1098 1540; x_wconf 77' lang='lat' dir='ltr'><strong>testamenti</strong></span> <span class='ocrx_word' id='word_1_81' title='bbox 1123 1474 1209 1540; x_wconf 87' lang='lat' dir='ltr'><strong>here-</strong></span> 
     </span>
     <span class='ocr_line' id='line_1_11' title="bbox 103 1592 1260 1678; baseline -0.001 -19"><span class='ocrx_word' id='word_1_82' title='bbox 103 1597 143 1660; x_wconf 93' lang='lat' dir='ltr'><strong>dis</strong></span> <span class='ocrx_word' id='word_1_83' title='bbox 161 1597 315 1661; x_wconf 87' lang='lat' dir='ltr'><strong>institutio</strong></span> <span class='ocrx_word' id='word_1_84' title='bbox 336 1594 544 1676; x_wconf 70' lang='lat' dir='ltr'><strong>intellegiturs</strong></span> <span class='ocrx_word' id='word_1_85' title='bbox 566 1601 598 1661; x_wconf 89' lang='lat' dir='ltr'><strong>et</strong></span> <span class='ocrx_word' id='word_1_86' title='bbox 618 1596 725 1678; x_wconf 86' lang='lat' dir='ltr'><strong>itaque</strong></span> <span class='ocrx_word' id='word_1_87' title='bbox 746 1593 898 1676; x_wconf 88' lang='lat' dir='ltr'><strong>quidquid</strong></span> <span class='ocrx_word' id='word_1_88' title='bbox 920 1597 994 1658; x_wconf 89' lang='lat' dir='ltr'><strong>ante</strong></span> <span class='ocrx_word' id='word_1_89' title='bbox 1016 1592 1141 1659; x_wconf 88' lang='lat' dir='ltr'><strong>heredis</strong></span> <span class='ocrx_word' id='word_1_90' title='bbox 1163 1595 1208 1658; x_wconf 91' lang='lat' dir='ltr'><strong>in·</strong></span> <span class='ocrx_word' id='word_1_91' title='bbox 1227 1593 1260 1646; x_wconf 88' lang='lat'><strong>10</strong></span> 
     </span>
     <span class='ocr_line' id='line_1_12' title="bbox 102 1712 1208 1796; baseline 0 -18"><span class='ocrx_word' id='word_1_92' title='bbox 102 1715 285 1780; x_wconf 84' lang='lat' dir='ltr'><strong>stitutionem</strong></span> <span class='ocrx_word' id='word_1_93' title='bbox 308 1713 504 1796; x_wconf 86' lang='lat' dir='ltr'><strong>relinquitur,</strong></span> <span class='ocrx_word' id='word_1_94' title='bbox 527 1720 616 1780; x_wconf 83' lang='lat' dir='ltr'><strong>extra</strong></span> <span class='ocrx_word' id='word_1_95' title='bbox 637 1719 857 1779; x_wconf 88' lang='lat' dir='ltr'><strong>testamentum</strong></span> <span class='ocrx_word' id='word_1_96' title='bbox 885 1731 953 1778; x_wconf 85' lang='lat' dir='ltr'><strong>esse</strong></span> <span class='ocrx_word' id='word_1_97' title='bbox 979 1712 1113 1777; x_wconf 89' lang='lat' dir='ltr'><strong>uidetur.</strong></span> <span class='ocrx_word' id='word_1_98' title='bbox 1158 1731 1208 1778; x_wconf 88' lang='lat' dir='ltr'><strong>ea·</strong></span> 
     </span>
     <span class='ocr_line' id='line_1_13' title="bbox 101 1835 1208 1918; baseline -0.002 -20"><span class='ocrx_word' id='word_1_99' title='bbox 101 1835 161 1899; x_wconf 88' lang='lat' dir='ltr'><strong>dem</strong></span> <span class='ocrx_word' id='word_1_100' title='bbox 183 1837 306 1901; x_wconf 89' lang='lat' dir='ltr'><strong>ratione</strong></span> <span class='ocrx_word' id='word_1_101' title='bbox 328 1855 385 1901; x_wconf 87' lang='lat' dir='ltr'><strong>neo</strong></span> <span class='ocrx_word' id='word_1_102' title='bbox 406 1836 535 1902; x_wconf 88' lang='lat' dir='ltr'><strong>libertas</strong></span> <span class='ocrx_word' id='word_1_103' title='bbox 557 1843 631 1902; x_wconf 88' lang='lat' dir='ltr'><strong>ante</strong></span> <span class='ocrx_word' id='word_1_104' title='bbox 652 1835 880 1902; x_wconf 89' lang='lat' dir='ltr'><strong>institutionem</strong></span> <span class='ocrx_word' id='word_1_105' title='bbox 911 1835 979 1900; x_wconf 86' lang='lat' dir='ltr'><strong>dari</strong></span> <span class='ocrx_word' id='word_1_106' title='bbox 1001 1840 1115 1918; x_wconf 89' lang='lat' dir='ltr'><strong>potest.</strong></span> <span class='ocrx_word' id='word_1_107' title='bbox 1159 1837 1208 1897; x_wconf 90' lang='lat' dir='ltr'><strong>set</strong></span> 
     </span>
     <span class='ocr_line' id='line_1_14' title="bbox 101 1953 1206 2038; baseline -0.002 -20"><span class='ocrx_word' id='word_1_108' title='bbox 101 1971 161 2018; x_wconf 88' lang='lat' dir='ltr'><strong>cum</strong></span> <span class='ocrx_word' id='word_1_109' title='bbox 183 1953 309 2020; x_wconf 86' lang='lat' dir='ltr'><strong>incinile</strong></span> <span class='ocrx_word' id='word_1_110' title='bbox 331 1957 491 2038; x_wconf 87' lang='lat' dir='ltr'><strong>putauerit</strong></span> <span class='ocrx_word' id='word_1_111' title='bbox 519 1956 735 2022; x_wconf 82' lang='lat' dir='ltr'><strong>sanctissimus</strong></span> <span class='ocrx_word' id='word_1_112' title='bbox 764 1957 906 2037; x_wconf 86' lang='lat' dir='ltr'><strong>princeps</strong></span> <span class='ocrx_word' id='word_1_113' title='bbox 933 1962 1040 2021; x_wconf 89' lang='lat' dir='ltr'><strong>noster</strong></span> <span class='ocrx_word' id='word_1_114' title='bbox 1067 1955 1206 2020; x_wconf 85' lang='lat' dir='ltr'><strong>ordinem</strong></span> 
     </span>
     <span class='ocr_line' id='line_1_15' title="bbox 99 2075 1207 2158; baseline -0.001 -20"><span class='ocrx_word' id='word_1_115' title='bbox 99 2075 214 2152; x_wconf 83' lang='lat' dir='ltr'><strong>qudem</strong></span> <span class='ocrx_word' id='word_1_116' title='bbox 236 2076 414 2156; x_wconf 79' lang='lat' dir='ltr'><strong>scripturae</strong></span> <span class='ocrx_word' id='word_1_117' title='bbox 435 2075 467 2141; x_wconf 91' lang='lat' dir='ltr'><strong>in</strong></span> <span class='ocrx_word' id='word_1_118' title='bbox 490 2082 677 2142; x_wconf 87' lang='lat' dir='ltr'><strong>testamento</strong></span> <span class='ocrx_word' id='word_1_119' title='bbox 699 2094 755 2142; x_wconf 90' lang='lat' dir='ltr'><strong>nos</strong></span> <span class='ocrx_word' id='word_1_120' title='bbox 782 2077 885 2158; x_wconf 86' lang='lat' dir='ltr'><strong>sequi,</strong></span> <span class='ocrx_word' id='word_1_121' title='bbox 915 2075 998 2157; x_wconf 86' lang='lat' dir='ltr'><strong>quod</strong></span> <span class='ocrx_word' id='word_1_122' title='bbox 1025 2081 1057 2140; x_wconf 90' lang='lat' dir='ltr'><strong>et</strong></span> <span class='ocrx_word' id='word_1_123' title='bbox 1081 2093 1101 2139; x_wconf 93' lang='lat' dir='ltr'><strong>a</strong></span> <span class='ocrx_word' id='word_1_124' title='bbox 1122 2078 1207 2138; x_wconf 86' lang='lat' dir='ltr'><strong>ueto·</strong></span> 
     </span>
     <span class='ocr_line' id='line_1_16' title="bbox 100 2191 1258 2275; baseline 0.003 -19"><span class='ocrx_word' id='word_1_125' title='bbox 100 2191 178 2258; x_wconf 91' lang='lat' dir='ltr'><strong>ribus</strong></span> <span class='ocrx_word' id='word_1_126' title='bbox 199 2193 413 2274; x_wconf 87' lang='lat' dir='ltr'><strong>uituperatum</strong></span> <span class='ocrx_word' id='word_1_127' title='bbox 437 2203 494 2272; x_wconf 83' lang='lat' dir='ltr'><strong>est,</strong></span> <span class='ocrx_word' id='word_1_128' title='bbox 525 2194 718 2261; x_wconf 89' lang='lat' dir='ltr'><strong>uoluntatem</strong></span> <span class='ocrx_word' id='word_1_129' title='bbox 747 2202 851 2260; x_wconf 87' lang='lat' dir='ltr'><strong>autem</strong></span> <span class='ocrx_word' id='word_1_130' title='bbox 881 2193 1020 2260; x_wconf 83' lang='lat' dir='ltr'><strong>defuncti</strong></span> <span class='ocrx_word' id='word_1_131' title='bbox 1049 2211 1205 2275; x_wconf 88' lang='lat' dir='ltr'><strong>spernere,</strong></span> <span class='ocrx_word' id='word_1_132' title='bbox 1227 2198 1258 2250; x_wconf 77' lang='lat'><strong>1⁶</strong></span> 
     </span>
    </p>
   </div>
   <div class='ocr_carea' id='block_1_3' title="bbox 94 2312 1260 3096">
    <p class='ocr_par' dir='ltr' id='par_1_3' title="bbox 94 2312 1260 3096">
     <span class='ocr_line' id='line_1_17' title="bbox 99 2312 1205 2397; baseline 0 -21"><span class='ocrx_word' id='word_1_133' title='bbox 99 2312 343 2379; x_wconf 87' lang='lat' dir='ltr'><strong>constitutionem</strong></span> <span class='ocrx_word' id='word_1_134' title='bbox 365 2314 593 2396; x_wconf 82' lang='lat' dir='ltr'><strong>promulgauit‚</strong></span> <span class='ocrx_word' id='word_1_135' title='bbox 616 2334 677 2397; x_wconf 90' lang='lat' dir='ltr'><strong>qua</strong></span> <span class='ocrx_word' id='word_1_136' title='bbox 700 2315 758 2380; x_wconf 90' lang='lat' dir='ltr'><strong>hoo</strong></span> <span class='ocrx_word' id='word_1_137' title='bbox 780 2332 904 2397; x_wconf 90' lang='lat' dir='ltr'><strong>quoque</strong></span> <span class='ocrx_word' id='word_1_138' title='bbox 925 2315 1035 2379; x_wconf 88' lang='lat' dir='ltr'><strong>uitium</strong></span> <span class='ocrx_word' id='word_1_139' title='bbox 1064 2313 1205 2378; x_wconf 89' lang='lat' dir='ltr'><strong>emenda-</strong></span> 
     </span>
     <span class='ocr_line' id='line_1_18' title="bbox 98 2429 1207 2520; baseline 0 -25"><span class='ocrx_word' id='word_1_140' title='bbox 98 2429 153 2510; x_wconf 86' lang='lat' dir='ltr'><strong>uit;</strong></span> <span class='ocrx_word' id='word_1_141' title='bbox 173 2439 209 2496; x_wconf 92' lang='lat' dir='ltr'><strong>ut</strong></span> <span class='ocrx_word' id='word_1_142' title='bbox 229 2430 323 2520; x_wconf 78' lang='lat' dir='ltr'><strong>liceat</strong></span> <span class='ocrx_word' id='word_1_143' title='bbox 352 2439 384 2498; x_wconf 89' lang='lat' dir='ltr'><strong>et</strong></span> <span class='ocrx_word' id='word_1_144' title='bbox 411 2439 484 2499; x_wconf 88' lang='lat' dir='ltr'><strong>aute</strong></span> <span class='ocrx_word' id='word_1_145' title='bbox 511 2433 635 2499; x_wconf 89' lang='lat' dir='ltr'><strong>heredis</strong></span> <span class='ocrx_word' id='word_1_146' title='bbox 661 2432 889 2498; x_wconf 90' lang='lat' dir='ltr'><strong>institutionem</strong></span> <span class='ocrx_word' id='word_1_147' title='bbox 917 2440 949 2498; x_wconf 89' lang='lat' dir='ltr'><strong>et</strong></span> <span class='ocrx_word' id='word_1_148' title='bbox 978 2434 1060 2498; x_wconf 90' lang='lat' dir='ltr'><strong>inter</strong></span> <span class='ocrx_word' id='word_1_149' title='bbox 1089 2431 1207 2497; x_wconf 88' lang='lat' dir='ltr'><strong>medias</strong></span> 
     </span>
     <span class='ocr_line' id='line_1_19' title="bbox 97 2547 1206 2634; baseline 0.005 -24"><span class='ocrx_word' id='word_1_150' title='bbox 97 2547 239 2617; x_wconf 88' lang='lat' dir='ltr'><strong>heredum</strong></span> <span class='ocrx_word' id='word_1_151' title='bbox 261 2550 473 2618; x_wconf 85' lang='lat' dir='ltr'><strong>institutiones</strong></span> <span class='ocrx_word' id='word_1_152' title='bbox 495 2551 633 2633; x_wconf 77' lang='lat' dir='ltr'><strong>legatum</strong></span> <span class='ocrx_word' id='word_1_153' title='bbox 656 2557 689 2618; x_wconf 92' lang='lat' dir='ltr'><strong>et</strong></span> <span class='ocrx_word' id='word_1_154' title='bbox 709 2551 807 2618; x_wconf 91' lang='lat' dir='ltr'><strong>multo</strong></span> <span class='ocrx_word' id='word_1_155' title='bbox 834 2553 933 2634; x_wconf 78' lang='lat' dir='ltr'><strong>magis</strong></span> <span class='ocrx_word' id='word_1_156' title='bbox 959 2551 1137 2617; x_wconf 89' lang='lat' dir='ltr'><strong>libertatem</strong></span> <span class='ocrx_word' id='word_1_157' title='bbox 1159 2569 1206 2616; x_wconf 88' lang='lat' dir='ltr'><strong>re·</strong></span> 
     </span>
     <span class='ocr_line' id='line_1_20' title="bbox 95 2665 1207 2754; baseline 0.002 -24"><span class='ocrx_word' id='word_1_158' title='bbox 95 2665 239 2749; x_wconf 81' lang='lat' dir='ltr'><strong>linquere,</strong></span> <span class='ocrx_word' id='word_1_159' title='bbox 262 2688 343 2751; x_wconf 85' lang='lat' dir='ltr'><strong>quaa</strong></span> <span class='ocrx_word' id='word_1_160' title='bbox 371 2689 493 2754; x_wconf 88' lang='lat' dir='ltr'><strong>semper</strong></span> <span class='ocrx_word' id='word_1_161' title='bbox 521 2670 629 2738; x_wconf 86' lang='lat' dir='ltr'><strong>fauore</strong></span> <span class='ocrx_word' id='word_1_162' title='bbox 658 2677 708 2738; x_wconf 90' lang='lat' dir='ltr'><strong>est</strong></span> <span class='ocrx_word' id='word_1_163' title='bbox 734 2672 866 2738; x_wconf 83' lang='lat' dir='ltr'><strong>adiecta.</strong></span> <span class='ocrx_word' id='word_1_164' title='bbox 922 2678 954 2737; x_wconf 90' lang='lat' dir='ltr'><strong>et</strong></span> <span class='ocrx_word' id='word_1_165' title='bbox 983 2677 1056 2735; x_wconf 90' lang='lat' dir='ltr'><strong>ante</strong></span> <span class='ocrx_word' id='word_1_166' title='bbox 1084 2670 1207 2736; x_wconf 89' lang='lat' dir='ltr'><strong>heredis</strong></span> 
     </span>
     <span class='ocr_line' id='line_1_21' title="bbox 95 2782 1260 2866; baseline 0.003 -16"><span class='ocrx_word' id='word_1_167' title='bbox 95 2787 326 2866; x_wconf 87' lang='lat' dir='ltr'><strong>institutionem,</strong></span> <span class='ocrx_word' id='word_1_168' title='bbox 349 2792 447 2856; x_wconf 90' lang='lat' dir='ltr'><strong>ueluti</strong></span> <span class='ocrx_word' id='word_1_169' title='bbox 469 2790 497 2854; x_wconf 91' lang='lat' dir='ltr'><strong>si</strong></span> <span class='ocrx_word' id='word_1_170' title='bbox 519 2789 609 2856; x_wconf 91' lang='lat' dir='ltr'><strong>initio</strong></span> <span class='ocrx_word' id='word_1_171' title='bbox 630 2791 810 2857; x_wconf 82' lang='lat' dir='ltr'><strong>testamenti</strong></span> <span class='ocrx_word' id='word_1_172' title='bbox 832 2791 945 2856; x_wconf 89' lang='lat' dir='ltr'><strong>dicam:</strong></span> <span class='ocrx_word' id='word_1_173' title='bbox 968 2788 1031 2854; x_wconf 90' lang='lat' dir='ltr'><strong>illi</strong></span> <span class='ocrx_word' id='word_1_174' title='bbox 1053 2789 1206 2855; x_wconf 89' lang='lat' dir='ltr'><strong>solidos</strong></span> <span class='ocrx_word' id='word_1_175' title='bbox 1224 2782 1260 2836; x_wconf 74' lang='lat'><strong>2⁰</strong></span> 
     </span>
     <span class='ocr_line' id='line_1_22' title="bbox 95 2907 1207 2992; baseline 0.002 -20"><span class='ocrx_word' id='word_1_176' title='bbox 95 2915 240 2973; x_wconf 88' lang='lat' dir='ltr'><strong>centum</strong></span> <span class='ocrx_word' id='word_1_177' title='bbox 261 2908 352 2989; x_wconf 80' lang='lat' dir='ltr'><strong>lego</strong></span> <span class='ocrx_word' id='word_1_178' title='bbox 375 2911 427 2975; x_wconf 91' lang='lat' dir='ltr'><strong>uel</strong></span> <span class='ocrx_word' id='word_1_179' title='bbox 448 2909 518 2975; x_wconf 89' lang='lat' dir='ltr'><strong>ille</strong></span> <span class='ocrx_word' id='word_1_180' title='bbox 540 2909 642 2975; x_wconf 88' lang='lat' dir='ltr'><strong>liber</strong></span> <span class='ocrx_word' id='word_1_181' title='bbox 664 2917 764 2986; x_wconf 82' lang='lat' dir='ltr'><strong>esto,</strong></span> <span class='ocrx_word' id='word_1_182' title='bbox 780 2909 1114 2992; x_wconf 87' lang='lat' dir='ltr'><strong>addamqueinierius:</strong></span> <span class='ocrx_word' id='word_1_183' title='bbox 1137 2907 1207 2974; x_wconf 88' lang='lat' dir='ltr'><strong>ille</strong></span> 
     </span>
     <span class='ocr_line' id='line_1_23' title="bbox 94 3027 1205 3096; baseline 0.002 -6"><span class='ocrx_word' id='word_1_184' title='bbox 94 3027 184 3091; x_wconf 91' lang='lat' dir='ltr'><strong>mihi</strong></span> <span class='ocrx_word' id='word_1_185' title='bbox 214 3029 330 3094; x_wconf 88' lang='lat' dir='ltr'><strong>heres</strong></span> <span class='ocrx_word' id='word_1_186' title='bbox 362 3037 467 3094; x_wconf 89' lang='lat' dir='ltr'><strong>esto:</strong></span> <span class='ocrx_word' id='word_1_187' title='bbox 501 3029 584 3094; x_wconf 89' lang='lat' dir='ltr'><strong>iuter</strong></span> <span class='ocrx_word' id='word_1_188' title='bbox 612 3030 729 3095; x_wconf 87' lang='lat' dir='ltr'><strong>medias</strong></span> <span class='ocrx_word' id='word_1_189' title='bbox 757 3030 905 3096; x_wconf 85' lang='lat' dir='ltr'><strong>heredum</strong></span> <span class='ocrx_word' id='word_1_190' title='bbox 934 3029 1146 3095; x_wconf 87' lang='lat' dir='ltr'><strong>institutiones</strong></span> <span class='ocrx_word' id='word_1_191' title='bbox 1174 3028 1205 3092; x_wconf 94' lang='lat' dir='ltr'><strong>id</strong></span> 
     </span>
    </p>
   </div>
   <div class='ocr_carea' id='block_1_4' title="bbox 92 3143 1257 3470">
    <p class='ocr_par' dir='ltr' id='par_1_4' title="bbox 92 3143 1257 3470">
     <span class='ocr_line' id='line_1_24' title="bbox 93 3143 1205 3224; baseline 0.003 -15"><span class='ocrx_word' id='word_1_192' title='bbox 93 3143 138 3224; x_wconf 87' lang='lat' dir='ltr'><strong>fit,</strong></span> <span class='ocrx_word' id='word_1_193' title='bbox 167 3165 241 3213; x_wconf 88' lang='lat' dir='ltr'><strong>cum</strong></span> <span class='ocrx_word' id='word_1_194' title='bbox 270 3148 383 3214; x_wconf 87' lang='lat' dir='ltr'><strong>dicam:</strong></span> <span class='ocrx_word' id='word_1_195' title='bbox 411 3147 564 3214; x_wconf 91' lang='lat' dir='ltr'><strong>Primus</strong></span> <span class='ocrx_word' id='word_1_196' title='bbox 596 3168 639 3214; x_wconf 85' lang='lat' dir='ltr'><strong>ex</strong></span> <span class='ocrx_word' id='word_1_197' title='bbox 669 3151 833 3216; x_wconf 90' lang='lat' dir='ltr'><strong>semisse</strong></span> <span class='ocrx_word' id='word_1_198' title='bbox 862 3149 974 3215; x_wconf 90' lang='lat' dir='ltr'><strong>heres</strong></span> <span class='ocrx_word' id='word_1_199' title='bbox 1005 3156 1109 3214; x_wconf 92' lang='lat' dir='ltr'><strong>esto:</strong></span> <span class='ocrx_word' id='word_1_200' title='bbox 1143 3148 1205 3213; x_wconf 90' lang='lat' dir='ltr'><strong>illi</strong></span> 
     </span>
     <span class='ocr_line' id='line_1_25' title="bbox 93 3267 1206 3351; baseline -0.001 -19"><span class='ocrx_word' id='word_1_201' title='bbox 93 3274 242 3332; x_wconf 88' lang='lat' dir='ltr'><strong>centum</strong></span> <span class='ocrx_word' id='word_1_202' title='bbox 263 3267 411 3335; x_wconf 87' lang='lat' dir='ltr'><strong>solidos</strong></span> <span class='ocrx_word' id='word_1_203' title='bbox 433 3269 520 3349; x_wconf 79' lang='lat' dir='ltr'><strong>lego</strong></span> <span class='ocrx_word' id='word_1_204' title='bbox 543 3268 608 3351; x_wconf 90' lang='lat' dir='ltr'><strong>(uei</strong></span> <span class='ocrx_word' id='word_1_205' title='bbox 630 3267 785 3336; x_wconf 88' lang='lat' dir='ltr'><strong>Stichus</strong></span> <span class='ocrx_word' id='word_1_206' title='bbox 808 3288 947 3336; x_wconf 88' lang='lat' dir='ltr'><strong>seruus</strong></span> <span class='ocrx_word' id='word_1_207' title='bbox 968 3269 1072 3335; x_wconf 89' lang='lat' dir='ltr'><strong>liber</strong></span> <span class='ocrx_word' id='word_1_208' title='bbox 1093 3269 1206 3348; x_wconf 80' lang='lat' dir='ltr'><strong>esto),</strong></span> 
     </span>
     <span class='ocr_line' id='line_1_26' title="bbox 92 3386 1257 3470; baseline 0.001 -19"><span class='ocrx_word' id='word_1_209' title='bbox 92 3386 285 3467; x_wconf 85' lang='lat' dir='ltr'><strong>adiciamque</strong></span> <span class='ocrx_word' id='word_1_210' title='bbox 306 3395 417 3470; x_wconf 79' lang='lat' dir='ltr'><strong>postea</strong></span> <span class='ocrx_word' id='word_1_211' title='bbox 437 3387 570 3456; x_wconf 88' lang='lat' dir='ltr'><strong>alterum</strong></span> <span class='ocrx_word' id='word_1_212' title='bbox 598 3389 745 3455; x_wconf 89' lang='lat' dir='ltr'><strong>heredem</strong></span> <span class='ocrx_word' id='word_1_213' title='bbox 775 3390 834 3456; x_wconf 89' lang='lat' dir='ltr'><strong>hoc</strong></span> <span class='ocrx_word' id='word_1_214' title='bbox 862 3390 970 3455; x_wconf 89' lang='lat' dir='ltr'><strong>modo:</strong></span> <span class='ocrx_word' id='word_1_215' title='bbox 1001 3388 1204 3454; x_wconf 87' lang='lat' dir='ltr'><strong>Secundus</strong></span> <span class='ocrx_word' id='word_1_216' title='bbox 1222 3393 1257 3444; x_wconf 75' lang='lat'><strong>25</strong></span> 
     </span>
    </p>
   </div>
   <div class='ocr_carea' id='block_1_5' title="bbox 0 0 1454 4712">
    <p class='ocr_par' dir='ltr' id='par_1_5' title="bbox 0 0 1454 4712">
     <span class='ocr_line' id='line_1_27' title="bbox 0 0 1454 4712; baseline 0 7"><span class='ocrx_word' id='word_1_217' title='bbox 0 0 1454 4712; x_wconf 95' lang='lat' dir='ltr'><strong> </strong></span> 
     </span>
    </p>
   </div>
  </div>
 </body>
</html>
