3092 4702
747 337 958 402 ..32-

290 525 340 590 καλ
360 523 463 609 τούτῳ
484 532 532 610 τῷ
549 524 658 609 τρόπῳ
681 524 838 611 συμβῆναι
859 527 923 588 τῶν
945 524 1065 588 οἰκείων
1093 522 1210 606 γονέων
1237 522 1319 608 μετὰ
1345 528 1399 589 τῶν

291 627 393 690 ἄλλων
422 627 613 711 πραγμάτων
642 626 797 715 δεσπότην
823 627 916 692 αὔτδν
924 627 949 710 ¹)
971 625 1131 710 γενέσθαι.
1180 625 1248 691 εἶτα
1267 628 1312 713 μὴ
1333 628 1400 708 βου·

291 728 422 814 λάμενος
442 730 461 791 δ
483 733 554 802 παῖς
577 729 610 793 ἐν
632 729 758 816 δουλείᾳ
779 729 855 806 τούς
875 729 1038 815 φύσαντας
1059 730 1152 793 αὔτδν
1183 730 1260 815 δρᾶν
1288 729 1403 812 ὑβριζο-

289 831 436 915 ρένους1)
459 831 664 922 ηλευθέρωσε
687 833 815 908 τούτους
845 831 877 896 έν
907 831 1091 918 consiliqss).
1135 829 1263 913 εὔλογύς
1292 831 1400 914 ἐστιν)

257 933 372 1003 οαῑτία
392 938 443 1000 καὶ
463 938 499 1000 τὸ
522 936 616 1001 εἰπεῖν
639 937 703 1014 υίός
726 961 790 1022 μου
819 936 885 1000 ε’στί
914 939 1063 1020 φυσικὸς,
1090 935 1233 1023 θυγάτηρ
1260 934 1323 1016 μού
1344 935 1401 1000 ἐστι
1489 1015 1490 1018 ¹

292 1038 414 1126 φυσική.
458 1036 628 1119 θεμάτισον
650 1040 710 1125 γὰρ
732 1041 779 1102 δτι
800 1038 950 1123 ἐρασθείς
970 1062 1016 1115 τις
1045 1043 1101 1126 τῆς
1123 1039 1235 1113 οἰκείας
1258 1036 1400 1120 θεραπαί·

292 1162 347 1227 νης
368 1137 455 1229 ἔογεν
478 1139 516 1213 ἐξ
536 1140 631 1227 αὐτῆς
652 1142 717 1205 υίδν
738 1140 758 1228 ἢ
781 1139 943 1224 θυγατέρα
965 1143 1016 1205 καλ
1038 1140 1151 1216 δοῦλος
1177 1138 1216 1228 ἦν
1243 1141 1279 1204 τὸ
1302 1139 1404 1227 τεχθὲν

291 1243 336 1318 ὡς
357 1242 392 1306 ἐκ
413 1242 527 1330 δούλης
548 1246 687 1328 γαστρὸς
708 1243 872 1331 προελθόν.
911 1247 959 1308 καὶ
981 1247 1069 1309 πάλιν
1091 1247 1127 1308 τὸ
1155 1245 1251 1308 εἰπεῖν
1272 1241 1405 1327 ἀδελφός

288 1347 350 1433 μού
373 1345 438 1411 ἐστι
460 1347 630 1433 φυσικδςί),
654 1346 776 1435 δδὲλφη
804 1347 866 1431 μού
894 1347 961 1412 ἐστι
990 1349 1115 1435 φυσική.
1160 1345 1267 1431 ἐπειδὴ
1300 1345 1359 1428 γὰρ
1388 1347 1404 1407 δ

242 1457 275 1509 1⁰
291 1450 367 1536 ἐμός
389 1451 492 1536 πατὴρ
514 1449 609 1537 ίδίᾳῧ)
638 1449 735 1537 δούλη
761 1451 860 1535 μιγεὶς
881 1447 954 1538 ἔσχε
983 1452 1096 1526 παῖδας
1118 1449 1175 1527 οδς
1201 1449 1257 1514 οὔκ
1284 1446 1407 1538 ὴλευθέ-

287 1574 412 1637 ρωσεν·
435 1551 553 1616 ἐκείνου
576 1551 612 1615 δὲ
632 1553 876 1639 τελευτησαντος
898 1551 953 1637 ἐμὲ
975 1553 1097 1617 τούτων
1120 1555 1137 1617 δ
1169 1553 1264 1638 νιίμος
1285 1553 1406 1640 ἐποίησε

291 1656 457 1742 δεσπότην·
490 1655 553 1736 ἐγὼ
580 1655 710 1732 τούτους
738 1655 789 1719 διὰ
815 1658 869 1744 τὴν
900 1657 1030 1743 φυσικὴν
1069 1656 1275 1745 ἠλευθέρωσα
1305 1653 1407 1738 συγγέ-

291 1781 384 1823 νειαν.
430 1755 557 1840 εὔλογος
579 1757 658 1821 αίτία
687 1758 752 1822 ἐστὶ
781 1762 828 1822 καλ
855 1761 891 1822 τδ
921 1759 1015 1825 εἰπεῖν
1046 1750 1092 1824 ὅτι
1122 1759 1324 1842 παιδαγωγός
1349 1757 1406 1840 μού

291 1861 372 1925 ἐστιν
395 1860 414 1949 ἢ
436 1862 558 1946 τροφὸς
578 1859 597 1948 ἢ
619 1861 758 1946 τροφεύς
780 1859 800 1948 ί)
821 1858 967 1927 ύλαιαυοσ
993 1860 1013 1948 ἣ
1040 1860 1216 1944 alrimnc⁷)‚
1244 1864 1281 1926 τὸ
1311 1861 1345 1926 ἐν
1373 1863 1406 1946 τῇ

242 1984 274 2037 15
294 1963 445 2051 συνηθείᾳ
468 1963 650 2048 λεγόμενον,
679 1961 918 2041 collecttncos⁸)
946 1965 1104 2029 τουτέστιν
1133 1966 1363 2049 δμογάλακτος,
1390 1961 1408 2049 ἢ

290 2067 409 2155 οἰκέτην
424 2065 640 2150 ἐλευθερῶσαι
653 2065 807 2149 βούλομαι
821 2066 1038 2148 procuratoris
1050 2067 1076 2150 9)
1091 2065 1231 2133 habendi
1247 2067 1357 2148 gratia
1363 2067 1407 2150 ¹⁰),

291 2171 339 2236 ἐπὶ
359 2174 408 2257 τῷ
428 2171 475 2247 ὡς
495 2169 665 2254 ἐλεύθερον
688 2170 781 2233 οὔτδν
803 2168 879 2234 ὔντα
900 2169 1068 2246 ἀκωλύτως
1091 2171 1191 2234 πάντα
1210 2194 1266 2254 μοι
1289 2169 1408 2234 διοικεῖν

290 2276 329 2339 τδι
355 2258 531 2359 πράγματα.
582 2271 602 2359 ἢ
630 2273 724 2353 natu)
751 2271 947 2356 θεράπαιναν
978 2271 1185 2361 ἠλευθέρωσα
1212 2272 1408 2338 matrimonii

290 2377 444 2459 caucam),
467 2375 624 2440 τουτέστιν
646 2375 694 2439 έπλ
714 2376 763 2460 τῷ
784 2374 895 2491 λαβεῒη
914 2375 1008 2462 αὐτὴν
1030 2369 1193 2463 γαμετηνζ
1219 2373 1330 2460 ἐπειδὴ
1352 2373 1409 2455 γὰρ

239 2496 273 2549 2⁰
288 2480 407 2567 μεταξύ
430 2479 601 2564 ἐλευθέρου
623 2482 673 2544 καλ
695 2478 808 2566 δούλης
829 2479 865 2542 οὔ
887 2477 1111 2560 συνίσταται11)
1140 2478 1254 2560 γάρος,
1283 2475 1409 2568 ηλευθέ-

288 2608 382 2669 ρωσα
404 2583 498 2669 οὔκ-ην
519 2582 570 2646 διὰ
591 2585 693 2647 τοῦτο.
715 2583 769 2646 τὸν
791 2581 828 2645 δὲ
849 2577 1078 2664 ἐλευθεροῦντα
1094 2577 1291 2644 matrimonii
1314 2597 1409 2645 causo

290 2687 366 2753 είσω
389 2686 428 2760 ἓξ
444 2690 553 2774 μηνῶν
575 2685 627 2749 δεῖ
644 2684 758 2773 ταύτην
781 2681 914 2766 άγισθαι
924 2682 961 2765 ¹⁴)
989 2684 1133 2765 γυναῖκα,
1161 2681 1189 2745 ελ
1214 2681 1258 2768 μι)
1282 2679 1411 2764 εὔλογος

291 2790 372 2854 αἰτία
393 2790 531 2877 κωλύση·
554 2787 629 2853 οἷον
651 2789 758 2875 ἐπειδὴ
781 2788 977 2875 συγκλητικὸς
991 2786 1118 2868 γέγονεν
1133 2788 1151 2850 δ
1168 2785 1408 2872 ἐλευθερώσας·

291 2894 309 2956 δ
331 2892 391 2976 γάρ
412 2893 608 2978 συγκλητικὸς
629 2890 846 2978 ἀπελευθέραν
868 2893 976 2974 γαμεῖν
1000 2889 1037 2952 οὔ
1060 2889 1198 2952 δύναται.
1220 2889 1271 2953 καλ
1293 2889 1411 2953 δίλευ·

239 3002 273 3055 25
290 2994 486 3080 θερούρενος
519 2994 556 3058 δὲ
585 2995 804 3077 procuratoris
835 2991 976 3060 habendi
1008 2993 1114 3076 gratio
1146 2993 1264 3076 ὀφείλει
1296 2993 1412 3077 μείζων

291 3097 367 3162 ελναι
389 3103 451 3162 τῶν
473 3097 549 3161 δέκα
572 3099 620 3161 καὶ
647 3097 724 3161 ἑπτὰ
752 3096 911 3161 ἐνιαυτῶν.
941 3098 970 3160 6.
987 3093 1084 3169 Ἅπαξ
1103 3096 1140 3159 δὲ
1162 3095 1216 3160 ἐὰν
1238 3097 1258 3183 η
1282 3093 1445 3177 εὔλογοςέι

290 3201 372 3266 αίτίσ
401 3201 434 3264 ἐν
462 3199 602 3287 concilio
630 3198 742 3289 λεχθῇ,
771 3198 833 3264 εἴτε
855 3198 976 3288 άληθης
1006 3197 1088 3262 ἐστιν
1118 3197 1180 3262 εἴτε
1208 3197 1332 3285 ψευδὴς
1361 3198 1415 3264 οὔκ

359 3475 382 3544 1)
399 3473 493 3526 αὐτῶν
512 3473 542 3528 Ρ.
682 3471 705 3538 1)
723 3472 787 3542 ὑβρ.
805 3473 848 3540 δρ.
866 3473 901 3527 F.
1040 3473 1063 3539 ³)
1081 3471 1144 3542 ἤτοι
1160 3471 1189 3524 δν
1209 3472 1348 3540 συνεδρίῳ
1365 3471 1412 3525 Ιι1.

289 3560 314 3622 1)
331 3561 349 3629 ἡ
366 3559 427 3613 cdd.
445 3559 475 3615 P.
577 3561 601 3627 ⁵)
618 3560 662 3612 καί
680 3559 742 3614 odd.
759 3561 789 3614 P.
807 3559 839 3614 F.
857 3559 891 3614 R.
1013 3561 1036 3629 ⁶)
1057 3559 1140 3630 οἰκείᾳ
1157 3557 1189 3613 R.
1313 3557 1336 3625 1)
1355 3555 1414 3627 ἤτοι

290 3639 413 3716 θριπτδὲ
429 3677 461 3689 -
480 3645 605 3699 τουτέστι
621 3646 732 3716 θρεπτι)
751 3644 810 3699 εδδ.
828 3645 859 3700 Ρ.
877 3647 894 3715 ί)
913 3660 965 3700 om.
981 3645 1014 3698 P.
1034 3643 1065 3698 F.
1190 3643 1214 3710 1)
1232 3641 1414 3697 collecmneos

290 3733 340 3788 L1.
358 3732 407 3787 11².
425 3731 564 3786 collactan.
581 3731 613 3786 Ρ.
631 3730 805 3798 ανοδριπτὸς
827 3732 844 3800 ἢ
871 3730 1035 3799 ἀναυριπτὴ
1052 3729 1085 3783 R.
1126 3730 1198 3782 Anto
1223 3743 1283 3782 noc
1307 3725 1414 3782 collnct

290 3820 319 3872 in
341 3817 399 3874 cod.
421 3819 503 3887 paris.
525 3818 674 3873 recentiore
692 3816 793 3884 legitur
814 3815 968 3885 διλιγέντιον
993 3823 1025 3870 ut
1046 3815 1078 3871 F.
1096 3821 1224 3874 territur:
1247 3816 1275 3868 in
1292 3813 1415 3870 L1.L2.

291 3903 411 3960 dilicnffl
434 3905 504 3974 (sic).
617 3903 640 3971 ⁹)
658 3903 717 3973 ἤτοι
734 3902 900 3971 φροντιστὴν
918 3906 946 3955 Ρ.
1069 3904 1105 3970 10)
1122 3899 1184 3970 ἤτοι
1202 3900 1274 3972 ἔχειν
1299 3899 1369 3954 ἕνεκα
1387 3900 1415 3952 P.

290 3989 349 4060 ἤτοι
370 3989 515 4058 φροντίδος
538 3987 609 4060 ἔχειν
626 3987 710 4059 χάριν
729 3989 769 4043 cic
786 3987 834 4040 11².
1000 3990 1037 4055 11)
1054 3988 1079 4041 d.
1098 3987 1129 4042 B.
1299 3984 1338 4055 1²)
1357 3984 1416 4054 ἤτοι

291 4073 469 4141 συμβιώσεως
486 4074 558 4146 ολτίᾳ
575 4072 605 4127 P.
709 4074 745 4140 1³)
762 4090 829 4126 -το
845 4073 876 4127 Ρ.
979 4075 1015 4140 11)
1034 4073 1186 4141 ἀγαγέσθαι
1202 4071 1233 4126 P.
