2864 4736
535 351 775 414 ..440-

102 533 273 608 praestare.
333 526 408 606 quin
443 525 538 590 etiam
572 524 646 590 lieet
675 525 860 590 uilissimum
890 527 939 606 sit,
975 527 1059 608 qnod
1092 473 1216 610 petitur,

99 649 300 715 nihilominus
326 658 357 714 et
380 651 426 714 ita
450 658 539 715 sotor
561 651 633 734 plus
655 650 742 733 petit.
788 651 958 732 aliquando
983 651 1064 716 enim
1094 651 1216 733 aooidit,

99 780 133 838 nt
157 773 241 856 quod
264 775 328 839 nile
352 795 422 840 esse
446 781 574 859 putatur
601 775 758 841 difficilius
782 796 854 840 reus
878 777 1000 841 soluere
1027 777 1137 860 possit
1183 784 1217 842 ut

97 918 187 963 eoos:
211 899 302 963 uerbi
326 899 432 982 gratia
456 899 593 964 omnium
617 901 758 964 ninorum
782 906 831 965 est
854 921 1026 984 oampanns
1045 901 1215 984 pessimus,

97 1023 137 1102 si,
150 1043 219 1087 eum
233 1024 425 1106 generaliter
437 1024 496 1088 sim
508 1024 686 1108 stipulatus,
703 1025 883 1108 specialiter
899 1045 1084 1109 campanum
1100 1034 1215 1109 petam,
1254 1043 1269 1091 5

97 1148 171 1213 ideo
194 1149 266 1231 plus
288 1154 376 1232 peto,
410 1149 486 1231 qnia
508 1150 663 1214 interdum
692 1149 893 1219 aduersarius
922 1150 1082 1214 meliorem
1110 1151 1216 1214 ninum

96 1273 224 1337 labilius
247 1273 372 1338 soluere
401 1274 516 1357 possit,
546 1294 639 1356 qnam
669 1295 869 1357 campanum,
899 1295 968 1339 oum
996 1275 1063 1340 eius
1091 1276 1215 1358 sopiam

23 1403 81 1458 330.
95 1415 160 1460 non
194 1397 320 1462 babeat.
376 1401 416 1464 33
424 1417 450 1462 e.
476 1397 532 1463 Set
563 1399 641 1462 haee
677 1399 801 1480 quidem
834 1399 873 1462 de
907 1400 977 1482 plus
1012 1400 1215 1483 petitionibus

97 1529 193 1586 antea
216 1522 248 1586 in
272 1543 329 1586 usu
352 1523 491 1604 fuernnt;
516 1529 627 1606 postea
650 1529 755 1587 antem
777 1523 912 1588 Zenonis
936 1523 1029 1588 diuae
1045 1524 1215 1589 memoriae

97 1646 279 1712 constitutio
302 1668 360 1712 neo
385 1667 447 1713 non
472 1648 622 1732 prinoipis
638 1648 738 1713 nostri
760 1649 812 1713 lex
835 1655 934 1713 totum
950 1648 1008 1713 boo
1024 1649 1072 1713 ins
1088 1649 1128 1714 de
1144 1649 1215 1732 plus
1236 1661 1268 1712 10

97 1772 301 1854 petitionibus
334 1779 565 1839 ooartauernnt.
617 1780 649 1838 et
683 1774 711 1838 si
745 1774 814 1854 quis
848 1780 989 1857 tempore
1024 1773 1094 1856 plns
1127 1774 1214 1857 petit,

97 1895 194 1960 iudex
216 1916 282 1962 rem
306 1897 435 1962 delinire
459 1899 563 1981 debet,
587 1899 678 1963 siouti
700 1899 836 1964 Zenonis
860 1898 996 1981 loquitur
1019 1899 1212 1980 constitutio;

96 2021 147 2084 sin
171 2028 276 2085 autem
299 2022 474 2103 quantitate
498 2024 550 2086 uel
572 2023 636 2086 alio
661 2023 752 2088 modo
775 2023 847 2106 plus
870 2023 979 2106 petitio
1003 2022 1212 2104 summittitur,

96 2152 130 2208 et
153 2144 300 2209 damnum
323 2146 396 2210 inde
418 2148 498 2212 torte
514 2167 569 2211 reo
593 2147 709 2212 aooidit
732 2147 843 2228 (ueluti
858 2148 886 2211 si
900 2147 1037 2211 maiores
1053 2147 1212 2231 sportulae

97 2269 225 2351 dentur,
250 2271 295 2334 uti
320 2270 465 2353 superius
490 2271 648 2356 diximus),
672 2271 705 2335 in
731 2271 858 2355 triplum
879 2273 955 2346 eius,
978 2271 1010 2336 in
1033 2291 1094 2353 quo
1122 2291 1212 2336 secus
1233 2287 1265 2337 15

40 2405 135 2459 eoae
159 2393 267 2459 debuit
290 2415 360 2460 reus
385 2396 491 2460 laesus
515 2397 563 2478 sit,
587 2404 674 2461 sotor
697 2397 962 2460 condemnabitur.
1002 2400 1052 2462 34.
1077 2395 1211 2472 Quidam

96 2539 219 2584 meeum
236 2539 334 2602 agens
357 2521 475 2584 minus
499 2519 626 2604 petiit:
650 2541 724 2585 nam
740 2541 810 2586 oum
834 2520 865 2585 ei
880 2520 987 2586 desem
1013 2521 1210 2602 deberentur,

95 2645 233 2726 quinque
257 2645 360 2728 petiit:
385 2653 440 2710 aut
462 2665 532 2709 oum
555 2645 644 2710 lundi
660 2667 680 2711 a
695 2665 745 2710 me
760 2646 901 2729 possessi
923 2645 1104 2710 insolidum
1128 2652 1212 2710 esset

95 2767 251 2850 dominus,
276 2769 315 2833 de
337 2777 429 2853 parte
453 2767 584 2834 dimidia
606 2770 809 2836 intentionem
833 2770 986 2854 oonoepit.
1031 2771 1148 2835 nullum
1173 2791 1212 2836 er

94 2913 136 2959 ea
163 2913 198 2958 re
226 2894 399 2977 perieulum
429 2895 459 2959 ei
486 2895 617 2960 orietur:
649 2915 723 2960 nam
756 2895 790 2960 in
824 2895 977 2977 reliquum
1011 2895 1211 2960 nibilominus
1231 2909 1265 2958 20

94 3017 191 3083 iudex
214 3039 264 3083 me
287 3019 516 3095 condemnabit,
541 3020 632 3084 siouti
655 3019 818 3104 praedicta
832 3021 968 3085 Zenonis
993 3021 1211 3085 eonstitutione

35 3149 236 3214 enoanetur.
282 3147 333 3210 35.
358 3143 393 3206 Si
416 3143 485 3225 quis
509 3143 595 3208 aliud
622 3163 680 3227 pro
709 3145 771 3210 alio
796 3165 904 3210 errans
928 3145 1030 3228 petiit,
1058 3144 1211 3210 eiusmodi

94 3288 184 3332 error
213 3267 241 3332 ei
270 3267 375 3332 fraudi
409 3288 472 3332 non
507 3269 573 3333 erit.
619 3290 691 3334 nam
715 3270 747 3334 in
779 3270 890 3334 eodem
922 3270 1047 3350 iudioio,
1083 3270 1210 3352 oognita

93 3393 239 3472 uenmte,
263 3413 351 3458 error
373 3393 623 3459 emendationem
645 3393 764 3477 resipit.
810 3394 897 3459 alind
920 3415 976 3476 pro
1001 3393 1064 3458 alio
1088 3394 1209 3459 duobus

92 3517 198 3582 modis
213 3517 339 3601 petitur,
364 3524 418 3582 aut
439 3538 482 3582 re
499 3525 553 3583 ant
576 3539 704 3584 eausa:
728 3539 772 3600 re,
797 3519 895 3583 ueluti
910 3520 938 3583 si
958 3519 994 3599 is,
1020 3519 1070 3582 oui
1085 3517 1209 3582 Stiobus
1229 3531 1262 3581 25

93 3645 286 3725 debebatur,
311 3644 438 3709 Erotem
460 3644 564 3728 petiit:
594 3664 721 3726 eausa,
750 3644 849 3709 ueluti
876 3663 945 3708 oum
973 3643 1037 3708 alia
1060 3662 1117 3726 pro
1146 3641 1210 3707 alia

146 4219 242 4270 Theonis
258 4219 369 4260 dumosae.
383 4230 424 4261 roo.
440 4219 526 4259 bonini.
