2926 4708
539 367 577 384 ·-—
623 337 769 403 205-

96 523 208 589 tiuuem
229 524 321 607 parui
344 526 483 606 pendeus
506 525 742 592 deliberandum
764 524 992 592 existimauerit
1013 530 1046 591 et
1067 525 1113 591 sie
1133 523 1219 590 here

96 643 223 708 ditatem
239 643 363 722 adierit,
379 663 440 710 uou
456 645 658 711 adiuuabitur
675 646 906 711 constitutionis
922 643 1046 723 auxilio,
1062 652 1111 710 eet
1125 643 1159 708 iu
1174 650 1220 709 ta·

65 761 83 812 t.
97 767 159 827 tum
183 763 325 828 debitum
348 763 563 831 conuenietur.
605 765 633 826 t.
669 765 845 830 Extraueue
867 764 960 830 heree
981 763 1146 829 institutus
1167 762 1219 829 uel

96 881 128 946 ab
162 881 316 948 iuteetato
350 889 482 948 uocatus
516 889 621 966 potest
655 901 713 965 pro
748 883 863 949 herede
888 882 1026 966 gerendo
1055 879 1106 948 uel
1135 881 1219 948 nuda

97 999 257 1067 uoluntate
290 1001 495 1068 hereditatem
523 1004 673 1084 accipere.
728 1002 854 1068 uidetur
886 1008 991 1067 autem
1018 1020 1075 1084 pro
1104 1000 1220 1066 herede
1253 1003 1270 1054 ⁶

97 1137 199 1200 gerere
221 1121 277 1202 qui
301 1120 497 1186 hereditariis
520 1122 615 1186 rebus
638 1129 787 1202 tauquam
803 1120 949 1188 domiuus
965 1127 1083 1198 utatur,
1105 1118 1219 1186 fundos

97 1238 257 1303 uendeudo
287 1240 355 1304 aiue
377 1239 522 1315 colendo,
550 1241 618 1305 uiue
640 1242 733 1307 etiam
761 1239 902 1320 locando,
926 1249 958 1305 et
978 1256 1103 1320 quoquo
1126 1239 1219 1305 modo
1247 1227 1252 1234 ’

97 1359 120 1421 ei
144 1355 345 1423 uoluntatem
374 1376 463 1424 euam
494 1357 545 1425 uel
573 1377 608 1424 re
638 1361 689 1425 uel
718 1359 824 1425 uerbis
854 1359 992 1425 declaret
1013 1359 1053 1424 de
1074 1359 1219 1424 adeunde

96 1478 277 1556 hereditate,
301 1479 468 1545 dummodo
495 1480 581 1544 uerit
608 1498 648 1545 au
671 1499 710 1544 er
731 1485 920 1546 testamento
942 1498 982 1544 au
1005 1479 1045 1545 ah
1068 1478 1218 1543 intestato

97 1596 179 1664 heres
201 1599 256 1666 sit.
279 1615 351 1663 uam
374 1599 400 1662 ei
423 1617 493 1664 eum
516 1598 608 1663 herae
632 1597 768 1681 scriptus
790 1599 841 1678 eit,
865 1597 932 1663 udit
946 1606 1094 1678 tanquam
1111 1598 1150 1663 ah
1172 1598 1219 1662 iu·
1238 1603 1271 1654 10

98 1722 205 1783 tertam
229 1723 363 1783 uocatus
384 1716 570 1799 neironem,
593 1719 684 1784 heree
699 1739 761 1786 nou
777 1718 840 1785 fiet.
863 1719 939 1785 Pro
962 1719 1113 1785 herede
1135 1716 1218 1783 euim

97 1853 197 1916 gerere
228 1845 278 1902 est
305 1855 374 1919 pro
400 1839 554 1903 domiuo
581 1856 709 1932 gerere3
738 1847 861 1904 ueteres
891 1841 971 1905 euim
1001 1838 1098 1905 uerbo
1129 1837 1218 1902 »he-

98 1971 178 2018 rae‹
204 1955 367 2021 domiuum
390 1955 618 2038 significabant.
656 1958 749 2023 sicuti
772 1965 876 2023 autem
900 1958 985 2023 nuda
1006 1958 1170 2022 uoluntate
1191 1957 1217 2022 ei

97 2077 259 2139 extremus
283 2074 369 2140 dieat
390 2093 460 2141 eeee
481 2077 688 2143 hereditatem
711 2079 869 2159 accipere,
896 2077 988 2142 heres
1010 2076 1055 2154 ht,
1077 2075 1124 2141 ita
1147 2093 1218 2140 cou-

98 2191 199 2257 trariie
226 2192 333 2258 uerhia
362 2193 477 2275 quibus
506 2193 662 2275 significet
691 2213 760 2261 seee
788 2215 849 2262 nou
878 2195 966 2261 adire
994 2194 1217 2274 hereditatem,
1237 2204 1268 2256 15

97 2310 197 2375 statim
228 2311 269 2378 ab
294 2312 468 2377 hereditate
497 2313 667 2394 repellitur.
717 2319 823 2380 mutue
852 2316 901 2380 uel
935 2315 1049 2379 eurdue
1076 2318 1144 2380 siue
1172 2313 1218 2378 ite

96 2435 185 2495 uatus
207 2437 265 2508 eet,
289 2432 358 2497 siue
380 2441 491 2513 postea
512 2435 623 2501 morbo
643 2435 755 2513 iactus,
778 2435 888 2518 procul
914 2434 1010 2501 dubio
1032 2452 1088 2515 pro
1104 2434 1217 2501 herede

96 2567 201 2628 gerere
230 2557 334 2634 potest
363 2559 395 2617 et
422 2552 480 2617 eihi
509 2552 715 2619 hereditatem
737 2571 908 2636 quaerere,
944 2555 972 2620 ei
1005 2554 1097 2620 modo
1130 2556 1217 2620 iutel-

95 2663 177 2747 legat
210 2687 280 2736 sese
312 2671 496 2737 hereditatis
529 2673 742 2754 adquirendae
764 2691 858 2742 cauea
880 2673 913 2740 id
936 2693 1039 2757 agere.
