2936 4704
537 351 769 416 -132-

107 539 145 598 εει
163 536 382 616 usucapionem
407 557 467 605 non
489 539 658 621 procedere
680 557 736 620 per
756 537 946 606 anteriorem
975 541 1144 619 rationem,
1166 541 1213 607 id·

107 655 233 734 estquis
255 659 343 722 mala
363 656 425 724 tide
446 657 469 722 ii
490 658 661 739 possident,
685 665 842 724 nonerunt
863 658 945 726 enim
967 677 1034 725 rem
1061 659 1211 726 furtiuem

105 777 150 836 aut
168 773 198 837 ui
219 793 399 856 possessam
423 796 501 842 esse.
548 777 596 843 sin
619 786 724 844 autem
747 785 856 860 raptor
877 785 934 844 aut
955 777 1008 844 inr
1028 797 1095 844 rem
1118 779 1211 846 alicui

105 897 213 958 tradunt
234 895 322 962 bona
343 896 405 962 fide
426 898 592 978 accipienti
614 905 688 964 tunc
710 899 794 982 quod
825 900 864 965 ud
895 899 1029 980 priorem
1052 899 1212 980 quaestio·

105 1032 168 1092 ren,
189 1035 258 1080 cum
283 1036 351 1082 rem
382 1016 551 1084 bonafide
581 1037 742 1101 possessor
770 1019 924 1097 detineat,
954 1038 1014 1084 non
1043 1019 1211 1102 impeditur
1245 1025 1262 1076 t

104 1135 252 1216 usucapio:
284 1141 338 1202 set
365 1157 421 1219 per
441 1137 552 1202 uitium
581 1137 628 1204 rei
657 1137 789 1204 haerens
818 1138 1021 1221 impedietur,
1052 1145 1101 1204 est
1128 1138 1210 1203 enim

102 1251 203 1319 inrtina
224 1263 282 1320 aut
305 1257 341 1320 ui
363 1274 514 1337 possessa.
558 1256 687 1339 etquid
710 1263 759 1323 εει
785 1257 958 1324 furtiuum?
986 1257 1138 1323 furtiuum
1161 1265 1211 1322 est

102 1389 152 1435 non
171 1374 261 1439 modo
284 1374 439 1456 quidquid
454 1383 547 1441 noctu
569 1376 620 1442 uel
642 1375 696 1442 diu
719 1377 797 1442 cium
820 1376 1023 1459 subripiatur,
1046 1381 1096 1441 εει
1116 1394 1211 1458 quae

101 1509 150 1571 quc
171 1510 219 1556 res
240 1493 366 1559 mobilis
388 1493 498 1570 aliena,
520 1493 623 1559 inuito
646 1493 787 1573 domino,
818 1501 1021 1560 contrectata.
1073 1500 1211 1560 contrec-

101 1619 158 1674 tare
185 1619 232 1676 est
257 1613 362 1678 instar
388 1614 504 1678 domiui
532 1613 565 1678 in
594 1633 629 1678 re
656 1614 777 1679 uersari
806 1620 838 1678 ει
871 1614 903 1677 in
931 1632 969 1678 ea
997 1611 1101 1678 iacere
1129 1630 1209 1693 quae
1229 1609 1261 1662 10

100 1730 240 1795 dominum
253 1732 377 1797 decent
400 1739 449 1798 set
460 1731 488 1796 si
504 1752 584 1815 quae
599 1732 733 1797 diximus
749 1751 826 1798 uera
840 1737 924 1811 sunt,
936 1749 1095 1814 nunquam
1107 1731 1209 1797 aliena

99 1867 141 1911 res
161 1853 291 1932 usucapi
315 1857 431 1933 potest:
454 1851 587 1935 quisque
609 1853 690 1917 enim
718 1870 784 1916 rem
807 1851 940 1918 alienam
955 1852 1094 1932 possidet
1108 1851 1208 1916 inuito

100 1969 220 2046 dominc,
244 1978 437 2052 contreetat3
460 1970 509 2036 sin
532 1977 636 2036 autem
665 1970 766 2036 inuito
787 1969 914 2036 domino
934 1990 1001 2036 rem
1024 1975 1208 2048 contrectat,

100 2107 158 2152 cam
181 2089 331 2155 turdum
361 2091 480 2168 reddit,
507 2091 534 2155 si
564 2090 684 2156 funtiua
705 2097 761 2168 est,
791 2091 940 2173 usucapio
967 2108 1027 2154 non
1057 2089 1208 2172 pmcedit.

101 2209 176 2274 deest
195 2210 314 2290 aliquid
337 2209 509 2275 definitioni
531 2218 563 2274 ει
584 2210 761 2276 addendum
789 2218 838 2275 est
870 2208 980 2275 »dolo
1003 2209 1148 2288 malo«,
1176 2215 1209 2273 et
1228 2215 1259 2266 1⁶

103 2327 251 2394 dicendum
274 2329 424 2395 furtiuum
446 2348 512 2394 rem
535 2347 604 2396 esse
633 2348 694 2394 non
722 2328 813 2395 modo
840 2346 921 2409 quae
950 2334 1045 2394 noctu
1075 2326 1126 2394 uel
1154 2327 1209 2392 diu

101 2447 167 2512 cium
187 2449 392 2532 subripiatur,
416 2458 465 2514 εει
486 2467 630 2514 omnem
652 2467 729 2514 rem
751 2447 938 2514 mobilem
960 2448 1126 2514 alienam
1150 2447 1209 2513 in·

100 2569 172 2635 nito
193 2569 349 2635 domino
371 2569 510 2635 dolose
534 2573 834 2634 contrectatam.
874 2566 1026 2635 eiusmodi
1049 2567 1131 2634 enim
1154 2567 1208 2634 de·

65 2685 185 2754 ttiuitio
206 2690 332 2770 integre
353 2695 411 2754 est.
455 2690 486 2752 4.
521 2687 576 2754 Set
597 2687 646 2752 his
667 2705 793 2769 quoque
820 2687 954 2767 additis,
985 2687 1112 2754 uidetur
1134 2704 1208 2752 usn·

97 2808 175 2888 capio
196 2825 261 2872 non
282 2808 458 2889 procedere
503 2809 529 2872 si
551 2806 623 2888 quis
645 2809 727 2872 cnim
749 2807 884 2872 alienam
911 2825 976 2874 rem
998 2807 1139 2888 possidet
1160 2805 1207 2871 in-
1224 2815 1260 2867 ao

98 2925 155 2991 uito
176 2926 310 3004 domino,
334 2927 405 2992 dolo
426 2928 508 2992 malo
531 2945 599 2992 eam
621 2933 805 3004 contrectat,
827 2926 959 3009 ideoque
974 2923 1123 2991 furtinum
1138 2943 1206 2990 earn

98 3044 200 3109 reddit.
247 3053 296 3111 set
315 3047 347 3111 id
370 3064 479 3112 uerum
502 3067 562 3112 nou
584 3055 647 3112 est:
670 3053 776 3129 potest
797 3046 878 3112 enirn
900 3044 972 3128 quis
994 3063 1060 3110 rem
1074 3043 1207 3110 alienam

98 3163 187 3230 inuito
210 3165 334 3231 domiuo
357 3173 553 3232 contrectare
580 3186 638 3233 nec
666 3177 769 3232 tamen
797 3165 915 3233 inrtnm
942 3165 1110 3230 admittere
1137 3182 1207 3230 cum

99 3285 194 3352 dolose
217 3305 280 3352 non
304 3297 378 3372 agat
405 3295 441 3354 ut
468 3289 502 3353 in
532 3289 683 3354 eiusmodi
712 3306 797 3354 casn.
847 3288 929 3353 Titio
958 3304 1063 3354 meum
1092 3282 1207 3349 libmm
