2960 4704
484 1181 889 1314 Prolegomenu.

718 1566 781 1642 Ἔχε
798 1572 886 1622 ταῦτα
903 1569 941 1630 ὡς
958 1569 987 1622 da
1006 1570 1179 1642 κροθιωρίφ.

35 1735 38 1744 ·
125 1675 289 1781 Graecae
312 1708 550 1776 Institutionum
572 1710 800 1792 puraphrnscos
822 1709 961 1776 studium
990 1711 1249 1794 adgredientibus

124 1830 202 1898 baec
223 1831 422 1911 potissimum
443 1829 646 1913 proponenda
667 1834 754 1894 sunt:
777 1826 836 1891 1²¹²
857 1847 1010 1912 quaenam
1037 1829 1134 1896 fuerit
1156 1831 1249 1897 buius

125 1949 229 2032 operis
251 1949 349 2030 origo.
394 1947 470 2012 Hm
491 1948 606 2033 quibus
628 1948 718 2015 nobis
740 1949 898 2015 codicibus
920 1967 1014 2016 mauu
1036 1950 1162 2031 scriptio
1183 1950 1249 2015 lue·

125 2073 167 2136 rit
192 2075 321 2136 seruata
348 2067 417 2132 ΠΙ·
447 2087 599 2153 quaenam
627 2069 772 2151 deinceps
801 2068 941 2134 subsidia
969 2069 1001 2134 in
1028 2068 1164 2134 editione
1190 2069 1249 2134 hnc

125 2190 335 2271 comparanda
361 2193 486 2271 praesto
516 2187 634 2254 fuerint
663 2196 696 2254 et
723 2205 785 2268 quc
815 2189 868 2253 uia
894 2188 1087 2271 pergendum
1117 2195 1250 2268 putaue-

127 2311 232 2376 rimus.

650 2427 721 2510 §L

570 2545 683 2631 Operis
705 2548 802 2629 origo.

210 2703 257 2768 De
271 2700 504 2784 Paropbraseos
524 2703 695 2767 latinarum
710 2699 957 2776 Institutionum,
979 2717 1061 2781 quae
1075 2698 1250 2782 Tbeophilo

130 2821 327 2889 Antecessori
349 2822 443 2905 uulgo
466 2820 628 2901 tribuitur,
649 2821 770 2903 origiue
791 2821 934 2903 quaestio
957 2821 1070 2886 mirum
1092 2827 1247 2900 quantnrn

130 2949 240 3008 emta
262 2948 320 3006 est
350 2943 487 3006 omnium
510 2949 617 3006 auteur
632 2939 804 3007 sententias
818 2939 990 3006 diiudicare
1012 2958 1072 3005 non
1089 2947 1138 3006 cst
1153 2937 1247 3005 buius

128 3059 198 3128 loci:
221 3078 355 3145 quarum
377 3077 447 3126 cum
469 3059 623 3142 plurimae
649 3058 734 3125 nullo
763 3077 893 3142 prorsus
920 3058 1024 3126 ualido
1047 3058 1250 3125 fundamento

126 3183 311 3262 innitantur,
334 3181 517 3247 tumetium
541 3180 722 3246 iamdudum
750 3179 861 3246 merito
883 3187 957 3245 sant
979 3179 1132 3260 explosae.
1177 3187 1251 3260 post

128 3311 232 3368 autern
254 3300 484 3384 Parapbreseos
507 3297 676 3366 editionem
691 3297 775 3363 illam
792 3299 983 3378 reitnianam,
1005 3314 1086 3378 quae
1102 3295 1248 3362 CXXXII

129 3421 240 3488 abhinc
272 3419 362 3486 aunis
396 3417 558 3501 apparuit,
592 3436 630 3484 ea
659 3417 855 3502 potissimum
882 3415 1039 3484 sententio
1061 3416 1247 3499 praenotuit,

129 3559 195 3605 mm
210 3557 281 3604 esso
302 3536 471 3621 Theophilo
487 3535 823 3620 constantinopolitano
839 3537 1037 3602 Antecessori
1052 3537 1248 3603 tribuendum

130 3669 163 3725 et
182 3657 375 3742 probabilius
398 3676 458 3723 non
481 3657 522 3724 ab
545 3658 612 3723 eius
635 3655 754 3722 calumo
770 3675 838 3722 esse
853 3655 1033 3739 proiectum,
1050 3664 1098 3722 set
1120 3658 1160 3723 ab
1182 3658 1251 3723 eius

131 3779 326 3847 auditoribus
348 3777 381 3842 iu
404 3773 519 3843 scholis
535 3775 707 3842 secundum
727 3775 795 3841 eius
811 3777 1036 3855 praelectiones
1051 3776 1249 3860 descriptum.

132 3901 229 3979 Quam
252 3897 439 3966 seutentiam
461 3894 566 3978 poullo
594 3896 775 3961 dubitanter
800 3914 820 3961 a
842 3895 964 3962 Reitnio
990 3894 1143 3977 prolatum
1152 3895 1177 3977 ¹)
1200 3913 1249 3960 ce·

198 4069 269 4138 1)'l⁸.
288 4067 466 4138 1‚1u.xu11,
492 4068 539 4138 qui
563 4079 622 4120 canu
645 4065 827 4120 coniecturam
849 4065 877 4118 in
894 4065 965 4119 notis
982 4079 1000 4118 a
1015 4062 1190 4118 Trebellio
1208 4077 1252 4116 re·

135 4155 201 4213 lictis
218 4157 368 4211 inuenmt.
