2932 4704
533 340 744 405 -34..

99 543 164 589 oum
177 525 381 604 impleuerint.
403 527 435 590 in
458 545 533 592 cura
555 533 662 592 eutem
684 529 890 609 adgnatorum
911 535 995 608 sunt,
1017 529 1109 594 sicuti
1130 530 1199 611 lege

99 640 151 707 XII
172 643 346 710 mbuiarnm
368 653 494 712 cautum
516 653 574 712 est.
597 656 646 712 set
667 645 768 713 solent
791 647 907 714 Romae
928 647 1106 730 praefectus
1128 649 1200 714 urbi

95 771 142 828 aut
163 771 294 844 praetor,
316 765 348 829 in
370 768 539 846 prouinciis
565 775 670 832 autem
697 767 857 848 praesides
884 773 1045 833 curatores
1072 766 1199 833 furiosis

94 891 120 948 et
147 884 282 965 prodigis
312 903 349 949 ex
376 884 578 968 inquisitione
607 885 701 963 dare,
730 903 801 951 cum
828 887 984 967 adgnstus
1014 905 1074 952 non
1105 893 1198 963 extat,

64 1003 140 1067 tout
159 1011 242 1069 extet
265 1005 406 1084 quidem,
429 1005 559 1073 idoneus
582 1014 688 1071 autem
709 1007 751 1070 ad
773 1023 879 1072 curam
902 1007 1036 1071 nonsit
1084 1008 1114 1067 4.
1143 1003 1199 1070 Set
1233 1017 1250 1067 o

93 1129 119 1185 et
143 1131 244 1188 mente
271 1125 356 1204 capti
377 1131 410 1188 et
430 1125 516 1190 surdi
538 1135 571 1191 et
593 1123 671 1190 muti
692 1125 724 1190 in
747 1142 823 1189 cura
851 1131 925 1191 sunt
954 1133 985 1189 et
1014 1125 1068 1205 qui
1090 1127 1199 1192 morbo

92 1249 231 1322 perpetuo
259 1241 418 1322 laborant,
451 1246 524 1326 quia
556 1247 651 1310 rebus
684 1245 748 1310 suis
776 1263 940 1328 superesse
969 1264 1030 1311 nou
1057 1253 1198 1326 possunt.

58 1359 77 1407 ⁵·
93 1363 116 1423 t.
146 1359 308 1428 Interdum
330 1371 435 1428 autem
458 1372 490 1428 et
512 1363 620 1446 pnpilli
643 1373 804 1430 curatores
826 1367 991 1446 accipiunt,
1014 1372 1148 1445 utputa
1171 1365 1197 1428 si

94 1478 243 1561 legitimus
266 1490 353 1548 tutor
373 1483 500 1548 nonsit
522 1483 662 1549 idoneus.
706 1483 777 1550 ideo
800 1493 904 1548 autem
926 1491 1012 1549 tutor
1033 1483 1114 1549 aiter
1137 1501 1197 1548 non

89 1601 179 1680 datur,
202 1611 254 1667 set
275 1611 411 1679 curator,
433 1603 507 1684 quia
528 1603 638 1684 regula
660 1612 708 1669 est
730 1604 816 1678 iuris,
840 1623 902 1688 qua
917 1609 1052 1668 tutorem
1068 1603 1197 1670 habenti
1218 1603 1249 1652 ¹⁰

88 1729 163 1785 tutor
184 1723 254 1788 dari
278 1740 338 1786 non
360 1732 473 1803 potest.
518 1723 545 1785 si
568 1729 673 1788 autem
703 1729 790 1789 tutor
811 1729 999 1788 testamento
1024 1722 1117 1788 datus
1147 1721 1197 1788 uel

87 1860 103 1904 a
122 1843 356 1924 magistratibus
378 1842 509 1940 idoneus
532 1861 592 1908 non
616 1855 664 1908 est
686 1843 726 1907 ad
747 1843 1049 1908 administrationem
1071 1861 1128 1908 nec
1150 1850 1197 1908 ta-

89 1979 151 2026 men
181 1961 399 2028 iraudulenter
432 1962 526 2027 rebus
559 1961 669 2043 pupilli
702 1969 861 2044 superest,
895 1960 974 2027 solet
1007 1961 1036 2026 ei
1069 1971 1197 2029 curator

86 2079 213 2162 adiungi.
249 2082 284 2147 in
306 2083 407 2148 locum
430 2101 537 2149 eorum
559 2084 613 2162 qui
636 2083 676 2147 ad
698 2087 821 2164 tempus
843 2099 863 2145 a
884 2081 984 2147 tutela
999 2091 1197 2160 excusantur,

50 2206 71 2256 t·
87 2211 237 2268 curatores
263 2201 332 2268 dari
354 2203 464 2282 solent,
486 2201 570 2268 sicut
590 2199 721 2267 interius
742 2219 960 2284 proponemus.
1000 2201 1028 2263 6.
1057 2198 1090 2264 Si
1112 2199 1248 2266 ouccr1⁵

85 2321 210 2386 aduersa
233 2321 415 2386 ualetudine
437 2319 486 2386 uei
515 2319 578 2386 alia
605 2322 790 2387 necessitate
818 2320 1003 2402 impeditur,
1032 2322 1197 2400 quominus

87 2457 130 2504 res
150 2439 264 2524 pupilli
287 2439 506 2505 administrare
527 2441 635 2523 possit,
658 2437 757 2505 ueluti
779 2440 806 2504 si
828 2441 895 2504 suis
921 2438 1028 2505 litibm
1051 2441 1196 2506 detentus

84 2560 129 2636 sit,
149 2569 179 2623 et
201 2559 343 2640 pupillus
365 2560 417 2626 uel
439 2560 523 2626 absit
543 2559 593 2625 uel
616 2558 717 2624 inians
739 2559 789 2638 sit,
812 2567 916 2640 potest
937 2563 1024 2624 tutor
1043 2577 1101 2623 suo
1116 2557 1197 2640 peri·

86 2675 148 2742 culo
168 2687 311 2744 actorem
333 2679 417 2761 apud
439 2687 615 2761 praetorem
637 2679 852 2761 praesidemus
873 2677 1054 2761 prouinciae
1083 2679 1197 2744 cousti-

83 2803 173 2876 tuere‚
196 2799 256 2881 qui
278 2799 349 2865 ideo
370 2806 485 2864 actor
508 2799 632 2877 dicitur,
655 2797 730 2879 quia
751 2817 808 2881 per
828 2805 900 2864 acta
914 2797 1128 2863 constituitur.
1163 2797 1196 2862 Si
1214 2813 1248 2864 ao

84 2927 181 2981 autem
204 2915 347 3000 pupillus
368 2917 452 2982 adsit
472 2925 504 2982 et
526 2917 612 2999 loqui
632 2918 743 2999 possit,
765 2933 836 2982 cnm
865 2917 980 2982 tutoris
1008 2917 1197 2984 auctoritate

81 3039 262 3115 procurator
283 3037 431 3102 constitui
453 3043 566 3117 potest
