2960 4704
594 425 596 432 Ι
675 383 715 394 -
760 369 827 410 xxm
877 383 912 396 -·

239 527 311 600 dum
335 554 388 601 eos
410 535 506 602 libros
529 528 653 610 retinui,
675 537 737 616 qni,
760 543 796 599 ut
816 537 960 602 omnihus
986 531 1133 618 liquebit,
1153 531 1201 600 ¹ad
1225 550 1348 615 graecae

239 648 403 736 prosodiae
426 673 564 719 normam
588 651 828 720 conformantur.
872 655 1002 738 quihus,
1026 655 1066 719 ni¹
1080 654 1187 735 fallor,
1210 653 1347 719 Zacha-

237 773 341 841 riaei
378 773 565 840 desiderium
597 774 789 856 explebitur,
831 776 915 857 qnod
951 777 1017 857 ipse
1052 775 1123 839 olim
1158 773 1347 856 expressit¹)

237 899 412 960 ceterarum
434 895 672 976 praecipuorum
695 894 866 961 editionum
890 896 1046 961 uariantes
1069 892 1191 976 collegi:
1215 893 1291 958 item
1311 893 1350 957 lo

235 1031 297 1092 cos,
320 1030 398 1094 quos
421 1015 601 1098 iuuenes-im,
622 1013 795 1096 parallelos.
843 1012 1018 1080 nonnionem
1040 1031 1164 1097 qnoque
1186 1013 1313 1078 latinam
1335 1031 1350 1076 e

236 1136 362 1216 regione
394 1133 516 1213 addidi,
551 1152 611 1200 non
641 1140 777 1197 ueterem
806 1133 893 1198 illam
921 1133 1119 1212 Curtianam,
1153 1149 1254 1213 noque
1286 1150 1351 1196 eom

237 1273 331 1337 qnam
355 1255 547 1320 Fahrotus
570 1252 751 1320 emendarit
773 1260 828 1319 aut
845 1251 1030 1319 Reitzius
1045 1251 1194 1330 foedauit,
1210 1257 1259 1316 set
1274 1267 1352 1331 qnae

236 1375 309 1438 mihi
332 1375 525 1456 potissimum
549 1375 744 1456 probaretur.
1443 1353 1444 1362 ἵ

321 1494 357 1559 In
379 1494 436 1560 hac
459 1511 528 1558 mea
550 1491 687 1559 editione
709 1491 869 1574 complura
883 1491 973 1558 iacilc
989 1491 1180 1575 deprehendi
1195 1499 1352 1574 poterunt,

235 1631 315 1694 quae
342 1613 479 1678 notanda
505 1612 681 1678 uideantur.
690 1610 716 1693 ²)
760 1630 840 1695 quac
867 1612 894 1676 si
921 1611 990 1693 quis
1018 1611 1189 1690 monuerit,
1220 1613 1354 1677 libenter

234 1732 411 1811 audiemus,
441 1739 472 1800 et
499 1731 526 1796 si
549 1734 628 1797 tanti
650 1737 758 1810 erunt,
787 1731 826 1796 ad
847 1732 946 1798 nostri
968 1730 1082 1798 laboris
1104 1731 1353 1798 emendationem
1449 1767 1450 1776 .

234 1852 429 1934 accipiemus.
474 1871 511 1917 eo
534 1853 615 1917 enirn
645 1853 858 1919 tantummodo
889 1852 1061 1930 condinae,
1090 1858 1125 1915 nt
1152 1854 1229 1918 haec
1260 1852 1355 1920 Para·
1450 1845 1451 1854 '

233 1971 364 2054 phrasis,
386 1989 467 2053 quae
489 1989 510 2037 a
531 1974 651 2038 nomine
673 1971 779 2038 eornm
802 1979 851 2038 est
873 1974 1071 2055 neglegendo,
1092 1973 1146 2053 qui
1162 1973 1237 2039 luris
1252 1973 1357 2040 scien·

233 2091 295 2157 tiae
318 2110 444 2173 operam
467 2092 550 2168 dent,
574 2091 673 2173 magis
697 2092 857 2174 magisque
879 2093 1031 2158 adornata
1053 2098 1085 2158 et
1106 2093 1259 2174 perpolita
1280 2113 1355 2176 pro-

232 2211 333 2276 cedat.

300 2521 322 2588 ι)
337 2516 477 2572 ’Arandara
494 2535 520 2588 p.
542 2523 592 2576 173
608 2537 635 2576 n.
651 2524 693 2576 56.
1124 2561 1130 2578 ·

300 2603 323 2671 ²)
342 2605 371 2658 ln
390 2605 506 2675 plagulis
525 2606 726 2676 typographicis
750 2607 914 2677 corrigendis
932 2607 1059 2662 nonnulla
1077 2607 1228 2676 sphalmata
1246 2621 1351 2675 perpe·

231 2705 289 2744 ram
307 2689 402 2745 relicta
420 2697 491 2760 aunt,
509 2707 578 2761 qnae
597 2699 685 2746 tamen
709 2693 788 2748 lacile
810 2693 896 2748 lector
913 2695 1116 2749 animadvertet.
1135 2699 1165 2747 ut
1182 2707 1244 2747 ecce
1261 2708 1287 2761 p.
1310 2693 1349 2746 4¹³

228 2773 363 2842 ‘proemio'
383 2791 432 2844 pro
447 2775 569 2847 ‘primis’,
586 2793 613 2847 p.
631 2779 667 2834 ob
689 2775 796 2848 ‘legum'
821 2796 869 2848 pro
884 2778 1005 2848 ‘rerum',
1030 2795 1056 2848 p.
1074 2783 1110 2835 9⁸
1131 2777 1293 2833 ‘ahsolutum
1316 2815 1324 2830 .
1347 2819 1353 2830 .

232 2861 313 2930 quod’
333 2884 366 2910 =
380 2861 528 2918 ‘absolutus
547 2906 552 2917 .
572 2905 578 2918 .
596 2863 661 2932 qui’.
681 2871 731 2919 cet.
