2864 4736
529 335 768 396 —447-

90 515 242 574 nonerunt
269 515 360 592 pater
390 509 441 573 uel
472 509 624 572 dominus.
670 529 743 572 nam
778 508 804 572 si
839 508 915 588 quid
951 513 1059 572 contra
1094 527 1203 571 eorum

91 636 282 699 uoluntatem
305 633 387 698 filius
411 634 547 698 familias
572 635 623 698 uel
651 653 764 698 seruus
787 632 968 714 habuerint,
998 633 1030 696 id
1058 653 1121 696 non
1149 633 1203 697 ad·
1252 661 1254 664 ’

89 759 303 823 numerabitur
340 759 473 842 peculio.
533 761 708 841 ‘excepto
750 778 791 823 eo
831 759 929 841 quod
968 758 1203 822 naturaliter

90 885 257 948 debetur'
284 883 400 964 addidi,
425 883 501 963 quia
516 883 548 946 id
565 883 691 966 proprie
706 883 865 965 peculium
882 882 1030 965 estquod
1047 892 1203 965 superest,

89 1009 222 1072 deducto
247 1027 295 1088 eo,
325 1009 408 1088 quod
436 1008 623 1072 naturaliter
652 1007 794 1072 debetur,
844 1013 877 1070 ut
905 1027 978 1071 ecce
1012 1007 1065 1087 qui
1092 1007 1204 1071 intua
1241 1023 1256 1072 5

88 1140 136 1198 cst
160 1139 316 1216 potestate
340 1134 364 1196 C
389 1153 502 1197 aureos
526 1133 601 1196 mihi
621 1133 725 1212 debet,
750 1132 972 1216 peculiumque
989 1133 1093 1212 habet,
1118 1132 1202 1212 quod

87 1259 188 1342 prima
212 1257 294 1322 facie
318 1257 394 1322 CCC
418 1278 584 1322 aureorum
609 1277 678 1322 esse
703 1257 836 1321 uidetur.
872 1265 921 1322 set
936 1257 1019 1339 patri
1035 1257 1201 1321 dominoue

87 1383 111 1446 C
135 1403 251 1446 aureos
275 1383 378 1462 debet,
403 1384 477 1447 item
502 1383 540 1464 ei,
566 1383 666 1464 quiin
683 1383 824 1446 eiusdem
849 1387 1080 1464 estpotestate,
1103 1382 1203 1445 ueluti

86 1527 240 1572 conseruo
264 1509 317 1572 uel
339 1509 442 1588 fratri,
475 1509 526 1572 uel
551 1507 633 1572 filius
661 1507 801 1572 familias
830 1513 903 1570 tuus
931 1527 1023 1570 seruo
1053 1514 1121 1588 tuo,
1151 1508 1202 1572 uel

85 1653 199 1696 seruus
227 1639 299 1696 tuus
334 1633 397 1696 filio
429 1633 567 1696 familias
602 1640 656 1696 tuo
692 1653 806 1696 aureos
832 1631 897 1694 CL:
934 1652 1045 1714 purum
1078 1631 1201 1695 uidetur
1223 1644 1257 1694 lo

84 1757 244 1839 peculium
268 1758 293 1819 L
318 1777 432 1821 aureos
456 1758 623 1821 continere.
670 1756 842 1838 aliquando
867 1763 971 1820 tamen
995 1757 1036 1836 id,
1062 1756 1146 1836 quod
1171 1757 1200 1818 ei

84 1882 232 1962 debetur,
261 1882 314 1963 qui
338 1882 370 1945 in
394 1881 533 1946 eiusdem
558 1887 800 1964 estpotestate,
832 1902 894 1945 non
923 1881 1102 1962 deducitur,
1132 1901 1202 1946 cum

83 2006 123 2070 de
150 2006 275 2089 peculio
292 2007 404 2088 agitur.
442 2007 540 2070 ueluti
555 2007 588 2080 in
603 2007 662 2070 hac
679 2006 794 2089 specie.
829 2027 939 2070 neruus
956 2012 1028 2070 tuns
1046 1991 1201 2071 hominem

83 2131 115 2194 in
154 2131 278 2214 peculio
311 2129 464 2212 habebat,
504 2131 591 2194 illum
627 2132 753 2212 quidem
784 2151 911 2195 seruum
947 2131 1202 2195 ‘ordinarium'

83 2255 164 2320 iuris
200 2256 334 2319 consulti
369 2275 484 2320 uocare
520 2257 635 2337 solent,
676 2256 808 2319 alterum
848 2275 922 2319 uero
960 2255 1044 2318 serni
1078 2275 1203 2318 seruum
1224 2266 1255 2315 15

84 2388 205 2445 nocant
228 2381 442 2461 ‘uicarium’,
471 2383 546 2462 quia
574 2382 694 2446 uicem
718 2381 817 2463 ipsius
845 2381 976 2464 optinet,
1004 2381 1085 2444 idest
1113 2379 1204 2444 sicuti

83 2505 266 2570 ordinarius
290 2525 401 2569 seruus
425 2512 481 2586 est,
505 2506 549 2569 ita
569 2513 601 2570 et
616 2505 767 2569 uicarius:
793 2511 864 2568 sunt
890 2505 984 2586 igitur
1008 2505 1039 2568 in
1063 2504 1202 2568 eiusdem

83 2636 253 2713 potestate.
301 2631 439 2694 debebat
462 2631 538 2694 mihi
561 2650 671 2694 seruus
694 2637 767 2694 tuus
792 2651 904 2693 aureos
923 2629 959 2704 C,
982 2629 1202 2712 peculiumque

83 2756 230 2819 habebat
257 2773 424 2818 aureorum
454 2755 514 2818 CL.
560 2775 663 2818 rernm
684 2755 766 2819 enim
790 2755 996 2838 peculiarium
1024 2754 1203 2819 aestimatio

83 2881 128 2944 ad
146 2881 228 2944 hauc
245 2901 397 2944 summam
413 2881 623 2960 referebatur3
647 2881 679 2943 in
695 2880 754 2943 bac
771 2879 989 2944 aestimatione
1012 2885 1042 2943 et
1065 2880 1203 2942 nicatius
1223 2890 1258 2942 20

83 3006 317 3069 continebatur.
353 3005 490 3069 debebat
507 3005 579 3069 item
597 3005 774 3069 ordinarius
789 3004 909 3069 uicario
926 3023 1039 3068 aurcos
1057 3003 1090 3067 C.
1120 3025 1140 3067 a
1155 3023 1205 3068 mc

83 3131 215 3194 actione
239 3129 277 3194 de
301 3130 435 3213 peculio'
450 3137 637 3210 conuentus,
659 3150 727 3202 ¹non
755 3136 846 3212 potes
870 3149 1029 3212 opponere
1053 3129 1137 3192 serui
1160 3129 1206 3191 tui

83 3254 249 3338 peculium
273 3255 479 3318 Ldumtaxat
503 3274 670 3318 aureorum
694 3274 774 3334 esse,
799 3261 894 3335 teque
918 3254 991 3318 inL
1011 3254 1111 3317 solum
1136 3272 1206 3317 esse

84 3380 376 3460 condemnandum,
410 3399 480 3444 cum
504 3399 615 3442 seruus
643 3386 727 3460 tuus,
763 3380 852 3443 cuius
880 3378 1004 3443 nomine
1035 3385 1138 3442 tecum
1152 3377 1205 3458 ‚dc

84 3505 216 3588 peculio
252 3504 363 3586 agitur,
399 3504 517 3568 uicario
554 3505 578 3567 C
613 3524 726 3567 aurcos
765 3504 888 3568 debeat.
945 3524 1017 3567 nam
1052 3501 1206 3566 eiusmodi
1226 3509 1268 3561 25Ι
