2960 4704
154 1218 422 1308 Constitutio
455 1251 542 1334 qua
573 1223 881 1324 confirmantur
909 1224 1219 1314 Institutionee

117 1593 361 1698 Imperatoriae
372 1617 547 1684 mnesutis
558 1623 608 1684 est
623 1637 685 1685 non
700 1619 801 1686 solnm
816 1619 914 1686 umis
928 1620 1083 1696 decorari,
1097 1629 1147 1689 set
1161 1623 1257 1692 etium

118 1735 251 1819 legibus
272 1736 404 1816 umeri,
427 1742 465 1802 ut
486 1744 655 1821 utrumque
685 1747 810 1820 tenpus
837 1745 870 1806 et
897 1739 970 1806 belli
998 1746 1031 1806 et
1056 1741 1144 1824 pacis
1172 1751 1258 1812 recte

120 1857 229 1940 possit
249 1857 437 1938 gubernari,
466 1863 500 1924 et
520 1859 664 1941 princeps
693 1875 893 1940 romanorum
923 1859 1027 1926 uictor
1052 1860 1169 1928 exbtnt
1195 1881 1257 1930 non

121 1979 229 2045 solnm
255 1977 289 2042 in
312 1976 480 2044 hostilibus
502 1977 642 2059 proeliis,
665 1986 714 2046 set
736 1979 830 2046 etium
860 1997 918 2061 per
944 1977 1087 2061 legitima
1112 1983 1259 2050 instituta

122 2096 386 2165 calumniantium
407 2098 591 2182 iniquitates
614 2099 770 2182 expellens
798 2103 830 2165 et
855 2103 920 2165 tam
942 2097 1065 2182 legibus
1087 2097 1144 2167 liet
1165 2119 1257 2171 ncne·
1291 2113 1309 2165 e

122 2216 238 2282 rabilis
261 2235 356 2301 qnam
378 2218 472 2286 uictis
495 2219 637 2286 hostibus
659 2217 878 2302 triumphator.

81 2345 104 2396 ι.
219 2341 247 2401 1.
282 2340 422 2418 Quorum
451 2349 618 2424 utramque
646 2341 730 2406 uiam
757 2358 829 2406 cum
860 2342 991 2406 summis
1017 2339 1135 2422 uigiliis
1163 2341 1259 2406 maxi·

52 2525 56 2530 ,
124 2477 243 2541 meque
265 2457 443 2526 futurorum
465 2459 674 2542 prouidentia,
696 2460 857 2526 adnuente
877 2459 952 2540 deo,
981 2466 1089 2526 noster
1114 2461 1258 2542 princeps

125 2577 268 2659 perfecit.
297 2579 430 2664 eiusque
450 2581 483 2646 in
505 2581 596 2647 bellis
618 2580 750 2648 sudores
772 2581 957 2648 barbaricae
977 2585 1088 2663 gentes
1110 2580 1142 2646 iu
1165 2580 1258 2648 dicio

125 2718 199 2766 nem
211 2701 360 2767 reductae
370 2703 566 2783 proclamant
576 2700 785 2784 potentiorem
796 2705 954 2785 expertae
969 2701 1064 2783 idque
1075 2707 1140 2767 tam
1151 2697 1258 2766 Africa
1277 2713 1310 2764 ιο

123 2837 222 2900 quam
249 2821 332 2888 aliae
354 2823 573 2889 innumerosae
594 2821 777 2904 prouinciae
798 2827 871 2906 post
891 2822 991 2888 multa
1012 2838 1166 2888 annorum
1188 2837 1257 2886 cur·

123 2938 228 3006 riculo
264 2942 333 3008 eius
366 2941 508 3008 uictoriis
535 2941 690 3008 diuinitus
723 2941 886 3025 praestitis
920 2942 1034 3008 iterum
1065 2938 1180 3007 dicioni
1210 2956 1258 3005 ro-

123 3079 240 3128 manae
256 3062 388 3143 eiusque
410 3063 538 3128 additae
559 3063 691 3145 imperio
713 3068 940 3144 protestantur.
967 3078 1137 3144 omnesque
1152 3057 1259 3142 populi

72 3188 99 3239 2
123 3179 254 3262 legibus
281 3183 321 3248 ab
351 3201 388 3248 eo
414 3181 623 3264 promulgetis
649 3199 705 3248 seu
735 3179 916 3264 compositis
945 3185 1108 3263 reguntur.
1152 3178 1182 3240 2.
1215 3175 1260 3244 nt

122 3298 320 3381 principales
349 3300 476 3382 quidem
506 3299 748 3366 constitutiones
774 3306 869 3367 antee
895 3299 1040 3366 confusas
1065 3305 1098 3366 et
1124 3296 1259 3364 inuicem
1278 3319 1309 3372 1n

121 3425 342 3500 repugnantes
371 3419 403 3484 in
433 3419 624 3486 luculentam
654 3419 779 3484 reduxit
801 3419 1046 3486 consonantiam.
1081 3425 1147 3484 tres
1176 3419 1258 3484 enim

121 3559 202 3608 cum
234 3547 340 3605 essent
373 3539 510 3620 codices,
546 3539 760 3622 Gregorianns
789 3558 901 3623 nempe
929 3539 1199 3621 Hermogenianus
1225 3545 1258 3604 et
