2960 4704
693 325 905 389 ...23-

241 513 323 600 ιίήκη
358 512 378 598 ἢ
414 512 448 576 ἐν
483 513 652 598 οίᾳδήποτε
686 512 850 596 τελευταίᾳ
882 511 1039 594 βουλήσει.
1093 512 1143 573 καί
1180 509 1215 573 ἐν
1248 510 1360 593 ἑτέροις
1468 591 1469 598 ,

241 615 389 688 πλείστοις
417 613 543 698 τρόποις
570 611 737 694 ε’λευδερία
771 610 917 675 διδόσδαι
947 612 1089 689 δόναται,
1117 611 1161 674 ὧν
1189 613 1217 674 σί
1245 612 1303 694 μὲν
1329 605 1359 674 ἐκ

241 721 302 779 τιῖιν
327 718 474 796 παλαιῶν,
498 717 526 777 οί
548 714 584 777 δὲ
606 713 727 778 ἐκτῶν
750 715 923 786 διατάξεων
951 716 1008 779 τοῦ
1030 714 1184 800 ἡμετέρου
1208 713 1360 792 βασιλέως

240 818 460 904 ἐπινενόηνται.
507 818 535 880 2.
554 815 597 879 ‘H
615 817 651 878 δὲ
674 814 839 900 ἐλευθερία
864 818 926 890 τοῖς
948 817 1078 890 οἰκέταις
1094 814 1129 878 ἐν
1145 818 1232 878 παντί
1241 817 1356 904 χρόνῳ.
1375 831 1400 880 2.

1460 767 1464 888 Ι

207 938 222 986 5
242 920 381 1003 νομίμως
403 917 563 1000 δίδοταιί),
588 912 624 982 οὐ
646 917 743 1001 μόνον
767 917 856 990 ὄντος
877 921 934 982 τοῦ
956 917 1108 1005 ἄρχοντος
1135 915 1170 979 ἐν
1194 921 1239 1001 τῷ
1262 917 1361 1000 οἰκείῳ
1461 917 1464 994 ί

242 1021 447 1107 δικαστηρίῳ,
471 1020 548 1082 ἀλλὰ
571 1023 618 1082 καί
647 1019 815 1103 προῖόντιί)
840 1019 971 1082 δυνατὸν
996 1017 1213 1100 προσελθόντα
1237 1018 1363 1082 ἐλευδε-
1462 1003 1469 1078 ¹.

237 1125 333 1208 ροῦν·
357 1122 421 1184 οἷον
443 1121 529 1206 ήνίκα
553 1125 570 1182 ό
592 1122 732 1203 ρτυὸἰιυτ
762 1121 797 1186 ἐν
827 1125 864 1206 τῇ
883 1123 979 1208 ῥώμη
1009 1120 1029 1206 ή
1058 1123 1075 1182 ό
1104 1119 1283 1195 ἀνθύπατος
1306 1119 1323 1206 ή
1347 1124 1364 1182 ό
1462 1198 1463 1210 .

240 1227 295 1309 τῆς
317 1223 466 1310 ἐπαρχίας
489 1223 594 1308 ἅρχων
618 1221 667 1286 ἐπί
689 1223 856 1304 βαλανεῖον
878 1221 899 1308 ή
923 1221 1059 1306 ιίέατρυν
1083 1221 1201 1285 ἄπεισιν
1232 1221 1364 1310 ήτυγδν
1468 1295 1469 1298 ¹

238 1325 291 1390 ἐπί
314 1327 461 1412 δημόσιον
483 1323 680 1411 οἰκοδόμημα
704 1323 723 1409 ή
746 1326 822 1388 κατὰ
845 1324 1031 1412 οἱανδήποτε
1055 1323 1151 1386 αἰτίαν
1175 1324 1210 1388 ἐν
1227 1324 1365 1409 δημοσίῳ
1462 1382 1463 1386 ,

191 1443 223 1494 10
240 1429 381 1512 φαίνεται
403 1429 500 1512 τόπῳ.
546 1428 575 1490 3.
605 1428 668 1490 Τῶν
693 1427 727 1488 δὲ
751 1425 973 1510 όπελευδέριυν
996 1427 1116 1513 τριγῇί)
1147 1425 1185 1513 ήν
1207 1428 1226 1511 ή
1251 1427 1365 1510 διαίρε-
1384 1430 1404 1479 3·

239 1552 295 1609 αις,
319 1530 448 1612 παλαίί)
470 1530 530 1612 γὰρ
554 1528 817 1610 ε’λευδεροόμενοι
841 1530 913 1590 ποτὲ
939 1529 996 1609 μὲν
1020 1530 1073 1614 τήν
1093 1527 1223 1610 μείζονα
1247 1531 1295 1590 καί
1317 1525 1366 1591 ἐν·

240 1634 420 1718 νομιυταίτην
444 1628 624 1712 ἐλάμβανον
647 1629 834 1712 ε’λευδερίαν
858 1631 905 1691 καί
927 1625 1062 1709 ἐγίνοντο
1080 1629 1198 1690 πολῖται
1217 1630 1367 1712 ῥιυμαῖοι,
1463 1631 1464 1693 ἶ

239 1735 312 1796 ποτὲ
336 1733 371 1795 δὲ
395 1735 448 1818 τήν
471 1730 621 1795 ε’λιίττονα
644 1733 692 1792 καί
721 1731 925 1796 όπετελοῦντο
960 1729 1073 1794 λυίῖιιοί
1099 1728 1273 1812 iunianoi⁵)
1306 1731 1368 1793 ιίπδ
1465 1733 1466 1736 ’

239 1834 335 1916 νόμου
357 1833 446 1896 iuniu
468 1832 656 1914 norbanffi),
680 1833 716 1905 δς
732 1834 863 1917 εὑρετής
885 1832 1023 1912 ἐγεγόνει
1047 1835 1100 1916 τῆς
1117 1832 1260 1918 τοιαύτης
1284 1833 1368 1914 αίρέ-

1462 1783 1466 1869 ί

1462 1872 1469 1946 λ

191 1943 221 1992 15
241 1959 333 2012 σεως,
357 1937 429 2009 τοὺς
452 1935 487 1998 δὲ
510 1934 713 2016 dediticius⁷)
737 1934 912 2019 ἐπενόησεν
935 1938 951 1996 ό
980 1933 1080 1998 αόλίοε
1103 1933 1231 1999 εόυίίοε.
1288 1939 1369 2022 φησί
1463 1970 1469 1986 ..

237 2039 298 2121 γὰρ
321 2037 379 2101 ε’άυ
401 2059 446 2112 τις
468 2036 503 2100 ἐν
528 2039 573 2121 τῷ
597 2040 696 2122 καιρῷ
717 2040 771 2122 τῆς
801 2036 945 2110 δουλείας
975 2031 1116 2121 ὑποπέση
1146 2037 1189 2099 ἑνί
1219 2039 1280 2098 τῶν
1312 2061 1369 2101 πα-

237 2137 305 2202 ιλιίιν
329 2144 391 2201 τῶν
419 2138 504 2220 ὑπ’δ)
535 2137 632 2203 αὐτοῦ
660 2137 871 2222 εὓρεδέντιυν,
908 2139 971 2200 οἷον
1005 2136 1062 2200 ἐὰν
1091 2140 1145 2199 διαί
1174 2161 1199 2200 τι
1230 2143 1368 2222 πταῖσμα

237 2243 321 2328 λάβη
345 2241 492 2324 στίγματα
516 2243 596 2304 κατὰ
619 2244 673 2305 τοῦ
695 2241 844 2324 μετώπου
876 2239 970 2326 ήγουν
997 2238 1134 2325 βλήόήί)
1165 2238 1200 2301 ἐν
1230 2239 1369 2328 δημοσίᾳ

238 2343 343 2430 εἰρκτή
366 2341 449 2427 ήκαῖ
471 2343 524 2405 διό
544 2366 571 2405 τι
594 2345 728 2425 πταῖσμα
751 2341 940 2424 τυπτόμενος
962 2343 1140 2431 ὁμολογήσῃ
1165 2344 1199 2404 τδ
1217 2349 1369 2426 πταῖσμα,

190 2463 223 2514 20
241 2445 315 2527 εἰῙθ)
340 2445 421 2526 μετὰ
451 2447 547 2508 ταῦτα
572 2443 681 2517 εὔνους
709 2444 877 2525 γενόμενος
908 2445 953 2528 τῳ
981 2443 1117 2530 δεσπότῃ
1148 2441 1371 2533 ε’λευδεριυδή,

237 2545 364 2626 ἐγένετο
388 2543 601 2628 dediticiosss)
625 2545 849 2627 δπελεόδερος.
896 2547 1045 2628 ὠνόμασε
1077 2546 1112 2609 δὲ
1141 2546 1258 2622 αὐτοὺς
1281 2546 1372 2614 dedi-

238 2647 331 2712 tioius
355 2648 431 2710 κατὰ
451 2649 578 2735 μίμησιν
601 2653 664 2710 τῶν
685 2649 883 2730 peregrinam
905 2648 1096 2712 dediticiwn.
1144 2650 1219 2712 πότε
1243 2653 1305 2732 γοίρ
1330 2676 1372 2715 τι·

238 2771 290 2824 νες
319 2753 380 2810 τῶν
408 2749 605 2831 peregrinam
634 2746 794 2822 ὑποτελεῖς
829 2744 917 2822 ὄντες
944 2752 1097 2834 ῥωμαίοις
1128 2754 1310 2833 τυραννικόν
1344 2778 1371 2816 τι

237 2853 455 2937 φρονήσαντες
477 2853 553 2914 κατὰ
572 2851 725 2938 ,δωμαίιυν
756 2842 835 2914 δ’πλα
864 2849 979 2930 ἔλαβον
1008 2853 1075 2915 κατ’
1104 2851 1209 2916 αὐτῶν
1237 2857 1289 2917 καί
1313 2880 1372 2919 πα-

187 2962 220 3013 25
235 2954 449 3038 ραταξοίμενοι
469 2956 606 3038 ,διομαῖοι
636 2953 798 3041 ἐνίκησαν.
851 2951 887 3019 οὗ
916 2955 1148 3039 δυνηόέντεςίἰ)
1178 2957 1233 3040 τήν
1262 2957 1372 3022 αὐτῶν

236 3049 413 3137 ὑπενεγκεῖν
436 3055 585 3138 ἀνδρείαν
594 3057 632 3140 ¹³)
655 3059 684 3118 οί
705 3057 888 3138 peregrinoi
907 3057 1058 3143 ῥίψαντες
1081 3057 1117 3120 τὰ
1140 3051 1220 3119 ίίπλα
1236 3059 1373 3132 ἑαυτοὺς

237 3156 500 3240 παραδεδώκασι,
534 3156 889 3242 φιλανδριυπευσιήαενοι
923 3158 959 3223 δὲ
989 3161 1125 3244 ῥωμαῖοι
1158 3161 1193 3222 τδ
1226 3159 1284 3244 μὲν
1313 3162 1372 3245 ζῆν

304 3396 327 3460 1)
346 3395 471 3446 δίδοσθαι
491 3393 604 3446 δύναται
622 3395 669 3456 R..
688 3397 734 3464 qui
751 3396 827 3452 αδδς
846 3397 890 3448 καί
907 3398 936 3448 ἐν
955 3399 1087 3467 ἀπράκτῳ
1105 3397 1197 3467 ήμέρᾳ
1213 3413 1285 3466 quae
1297 3398 1373 3465 glos·

235 3491 309 3532 sema
327 3477 458 3532 redolent.
563 3478 585 3544 2)
603 3497 684 3540 -τος
702 3481 732 3534 P.
750 3481 784 3534 R.
887 3483 909 3548 θ)
928 3485 1034 3553 τριχῶς
1051 3483 1082 3537 P.
1101 3480 1134 3536 R.
1229 3485 1253 3548 ⁴)
1272 3483 1372 3534 πολλοί

235 3563 265 3616 P.
286 3561 345 3616 edd.
365 3567 419 3616 ant.
439 3562 470 3615 F.
582 3566 604 3629 ⁵)
622 3565 672 3618 L¹.
691 3565 742 3619 112.
760 3565 789 3618 P.
808 3566 885 3620 latini
903 3566 1004 3618 iuniani
1024 3565 1054 3618 F.
1072 3565 1107 3619 R.
1221 3569 1244 3632 ⁶)
1263 3567 1370 3621 orbano

234 3649 284 3702 Ll.
302 3648 353 3701 11².
372 3649 499 3718 ὀρβανοδ
517 3650 547 3703 Ρ.
567 3649 706 3719 οιίρβανοῢ
726 3649 757 3704 F.
777 3651 914 3719 νορβανοῦ
933 3651 965 3704 R.
1091 3653 1113 3718 ⁷)
1132 3651 1180 3704 Ll.
1208 3651 1372 3709 δεδιτικίους
1468 3669 1469 3676 ’

235 3733 284 3787 Ιιί.
303 3733 332 3786 Ρ.
351 3733 486 3788 (Ῑθᾶίίὶλίοε
504 3737 535 3790 F.
553 3735 587 3789 R.
606 3736 688 3805 ήγουν
714 3735 909 3800 ἐκδεδομένους
932 3735 993 3789 add.
1012 3735 1040 3792 P.
1060 3735 1112 3788 12².
1251 3737 1274 3802 Β)
1292 3737 1371 3800 παρ’
1468 3781 1469 3796 ,

234 3821 264 3873 P.
368 3821 391 3886 ⁹)
410 3820 540 3892 ἐμβληθῇ
559 3821 589 3874 F.
609 3821 641 3874 R.
755 3821 790 3888 10)
808 3821 851 3872 καί
869 3821 899 3873 Ρ.
918 3821 948 3872 F.
966 3819 1001 3874 R.
1114 3823 1150 3888 ¹1)
1169 3821 1314 3879 δεδιτίτιος
1332 3819 1369 3873 F.

234 3905 268 3961 R.
293 3907 401 3965 -τζιος
426 3905 484 3959 edd.
508 3911 564 3960 ant.
588 3905 632 3961 F.:
657 3905 780 3959 similiter
805 3911 833 3959 et
857 3906 886 3958 in
909 3919 984 3974 seqq.
1007 3920 1076 3973 quae
1094 3919 1143 3960 nos
1163 3905 1198 3960 ad
1216 3905 1294 3959 fidem
1312 3905 1370 3958 11¹.

234 3991 283 4044 112.
303 3991 331 4043 P.
352 4021 381 4031 -
401 3991 447 4058 qui
465 3995 554 4044 tamen
582 3991 687 4058 graecis
710 3991 809 4045 litteris
833 3990 970 4045 utitur-
989 3991 1116 4046 dedimus.
1256 3991 1290 4060 1²)
1306 3989 1370 4058 γὰρ

235 4075 264 4132 P.
283 4076 313 4129 F.
332 4076 364 4130 R.
468 4077 503 4140 ¹³)
521 4093 546 4128 α.
566 4095 589 4128 τ.
609 4077 666 4131 ἀνδ.
686 4078 728 4130 όπ.
747 4077 777 4131 P.
797 4097 821 4130 ιτ.
841 4078 885 4134 όπ,
907 4098 928 4130 τ.
949 4078 1006 4130 ἀνδ.
1025 4077 1055 4132 F.
1075 4077 1109 4132 R.
