2870 4716
530 359 770 424 -359-

95 539 220 616 pactum
242 533 337 598 inerit
358 533 440 600 inter
455 533 686 616 contrahentes,
709 533 769 599 hoo
785 534 915 618 perinde
936 533 1077 618 optinere
1101 535 1210 616 dohet,

94 677 130 722 ac
154 658 278 722 situlis
306 658 481 723 contractui
503 657 625 723 indoles
653 658 805 724 haereret.
850 679 923 723 nam
946 678 986 724 ex
1013 665 1106 743 poeto
1135 679 1209 724 con·

93 787 212 846 tractus
239 789 352 847 natura
379 781 549 848 descendit.
594 782 644 846 sin
671 788 775 848 autem
809 783 886 848 nihil
915 782 953 848 de
988 784 1127 868 periculo
1160 783 1207 848 rei

92 912 221 989 pactum
236 907 338 990 tuerit,
361 914 443 990 tuuc,
468 907 495 972 si
511 907 637 988 quidem
652 908 748 972 totius
763 907 809 972 rei
824 908 857 972 in
873 909 1093 992 emphyteusin
1111 907 1206 974 datae

92 1031 238 1096 interitus
270 1033 423 1114 euenerit,
458 1032 499 1096 ad
527 1032 699 1115 dominum,
735 1053 805 1098 eum
838 1053 949 1117 nempe
985 1033 1039 1116 qni
1071 1053 1138 1098 rem
1174 1033 1206 1098 in
1244 1041 1267 1093 o

91 1156 313 1240 emphyteusin
329 1156 424 1239 dedit,
449 1156 596 1221 damnum
611 1156 772 1240 redundet,
788 1158 837 1222 sin
852 1157 1061 1242 particularis,
1078 1159 1206 1243 emphy-

90 1281 275 1346 teuticarins
304 1281 483 1346 huiusmodi
517 1282 663 1346 damnum
691 1282 820 1364 sentiat,
849 1302 910 1366 qno
939 1283 1007 1348 inre
1033 1283 1148 1348 utimur
1175 1293 1207 1347 et

57 1414 80 1462 t.
90 1405 240 1488 regimur.
265 1409 294 1472 4.
309 1407 388 1470 Item
405 1413 436 1471 et
452 1405 529 1470 illud
545 1407 714 1488 quaeritur.
745 1406 865 1471 aurifici
881 1406 1004 1471 cuidam
1017 1407 1099 1489 dedi,
1117 1409 1207 1472 nerhi

89 1531 207 1612 matis,
231 1529 340 1595 decem
361 1551 474 1595 aureos
491 1549 528 1596 eo
545 1536 649 1614 pacto,
673 1538 708 1595 ut
723 1531 845 1595 aurifex
860 1531 929 1614 ipse
946 1551 985 1596 ex
1001 1552 1060 1596 sna
1074 1531 1207 1598 materia

90 1655 206 1719 anulos
228 1655 304 1718 mihi
330 1655 451 1720 faceret
478 1655 555 1721 certi
583 1655 672 1720 aurei
699 1654 848 1738 ponderis
876 1662 1042 1737 certaeque
1069 1657 1204 1722 formae:
1227 1662 1269 1714 10·

89 1785 196 1843 utrum
219 1779 360 1844 uenditio
384 1799 426 1844 an
448 1779 565 1845 locatio
589 1779 743 1845 eiusmodi
766 1787 943 1845 contractus
971 1780 1012 1845 sit
1038 1781 1206 1863 quaeritur,

89 1911 122 1968 et
141 1903 271 1968 Cassius
295 1903 340 1967 ait
362 1909 395 1969 et
416 1904 627 1969 uenditionem
651 1911 682 1969 et
697 1903 886 1969 locutionem
909 1903 989 1970 hunc
1013 1911 1204 1970 contractum

89 2047 174 2111 esse,
195 2027 240 2094 ita
254 2035 288 2093 ut
304 2029 331 2092 si
348 2028 416 2093 auri
430 2029 605 2110 materiam,
622 2035 730 2113 utpote
746 2047 809 2094 non
825 2030 948 2112 bonam,
960 2030 1205 2113 reprohauerim,

90 2173 132 2219 ex
161 2159 279 2237 empto,
309 2154 336 2218 si
361 2173 436 2218 uero
466 2173 608 2237 operum,
637 2161 744 2238 utpote
768 2173 830 2220 non
857 2160 942 2220 recte
966 2175 1000 2220 se
1028 2155 1205 2236 habentem,

89 2278 190 2344 locati
211 2278 347 2342 habeam
371 2278 535 2344 actionem.
570 2283 601 2343 et
623 2278 725 2362 magis
741 2279 861 2362 placuit
876 2279 1063 2363 emptionem
1087 2287 1118 2344 et
1133 2299 1207 2344 uen-
1228 2282 1270 2336 lh

90 2402 245 2468 ditionem
268 2421 338 2467 esse
362 2401 395 2467 id
417 2402 590 2485 negotium3
620 2423 718 2486 opera
746 2403 828 2468 enim
852 2405 943 2486 quasi
969 2403 1002 2468 in
1025 2403 1207 2471 accessione

90 2535 150 2593 est.
183 2527 310 2592 sineru
334 2547 443 2592 aurum
466 2547 569 2592 meum
592 2527 660 2611 ipse
677 2527 816 2592 dederim
836 2527 965 2611 aurifici,
990 2529 1135 2595 mercede
1150 2551 1208 2614 pro

91 2671 194 2735 opera
216 2651 399 2733 constitute,
427 2672 491 2717 non
515 2659 562 2717 est
585 2652 725 2736 dubium,
749 2652 823 2735 quin
846 2653 963 2718 locatio
987 2661 1019 2718 et
1041 2653 1214 2720 conductio

55 2789 133 2842 cca
159 2796 212 2842 res
240 2777 288 2841 sit.
323 2781 353 2844 5.
377 2775 555 2842 Conductor
570 2777 675 2842 omnia
690 2777 860 2842 secundum
875 2778 979 2861 legem
995 2779 1208 2845 conductionis
1256 2763 1261 2772 ’

90 2903 201 2967 iacere
217 2901 319 2984 debet,
341 2900 370 2966 h.
383 2921 410 2966 e.
422 2901 593 2967 secundnm
609 2901 642 2965 id
657 2901 832 2982 qnodinter
846 2903 1066 2969 contrahentes
1081 2877 1214 2988 placuit¹
1227 2913 1272 2964 20=

92 3027 121 3091 si
145 3025 221 3107 quid
244 3025 277 3090 in
300 3031 461 3092 contractu
476 3026 732 3111 praetermissum
755 3035 813 3108 est,
836 3027 869 3092 id
885 3047 925 3092 ex
948 3048 1049 3110 aequo
1071 3037 1103 3094 et
1124 3031 1208 3096 hono

93 3151 191 3216 dehet
202 3150 332 3215 definiri.
356 3151 384 3216 si
400 3151 450 3216 cni
465 3157 585 3216 nostem
601 3152 653 3216 nel
669 3157 832 3234 argentum
848 3153 900 3217 nel
911 3153 1082 3219 iumentum
1092 3154 1209 3220 utenda

93 3275 175 3358 dem,
198 3275 313 3341 deinde
337 3293 395 3359 pro
419 3277 488 3340 eins
511 3296 570 3340 usn
593 3283 711 3340 certam
726 3277 892 3360 pecuniam
908 3278 1062 3344 mercedis
1082 3279 1208 3344 nomine

93 3400 169 3464 mihi
194 3399 285 3465 detur
307 3408 363 3465 ant
385 3399 455 3464 duri
476 3399 684 3484 promittetur,
713 3401 740 3465 is
769 3401 823 3483 qui
849 3379 966 3486 accipit
992 3410 1112 3468 tentam
1141 3402 1208 3468 dili-

95 3525 234 3607 gentiam
258 3525 290 3590 in
314 3545 421 3590 eornm
444 3524 589 3590 custodia
604 3531 767 3609 proestare
784 3525 888 3609 dehet,
913 3533 1061 3608 quantem
1077 3527 1208 3612 diligen·
1228 3533 1271 3586 25.

94 3649 233 3714 tissimus
257 3649 389 3732 quisque
412 3649 477 3715 suis
499 3652 595 3716 rehus
618 3651 755 3716 adhibet.
801 3672 899 3734 quam
918 3651 946 3720 si
968 3651 1160 3738 praestiterit
1178 3659 1216 3720 et
