2884 4728
544 339 779 403 -367-

105 514 262 580 consilinm
301 514 333 578 id
373 534 443 578 esse
484 513 673 594 dicentibuS,
718 513 802 594 quod
835 511 954 576 nullam
989 511 1221 594 obligationem

102 646 233 723 pareret,
258 639 430 704 seeundum
447 659 486 704 ca
503 659 584 720 quae
608 638 751 702 diximus.
789 636 969 721 praeualuit
984 642 1090 700 tamen
1106 635 1218 700 Sabini

103 763 255 829 sententia
277 763 418 828 mandati
434 783 484 828 me
500 763 615 845 teneri;
640 783 712 827 nam
730 763 805 843 quia
821 769 939 826 certam
955 780 1124 844 personam
1141 759 1219 824 Titii

17 939 23 961 .
102 889 316 964 indicauerim,
331 889 403 953 ideo
417 894 528 953 teneor
543 888 643 952 instar
658 887 860 952 fideiussoris.
885 887 913 951 si
929 885 1010 950 enim
1027 885 1218 966 generaliter

102 1013 247 1077 dixerim:
273 1013 397 1078 ‘crede
420 1013 602 1097 pecunias
626 1015 731 1093 tuae,
755 1031 818 1075 non
834 1011 927 1095 parit,
951 1009 997 1074 uti
1020 1009 1136 1074 dictum
1160 1013 1217 1090 est,

103 1137 323 1219 obligationem
338 1137 534 1218 mandatum
552 1137 580 1201 si
595 1156 672 1201 uero
683 1143 801 1201 certam
818 1135 1023 1200 indicauerim
1038 1155 1217 1218 personam,

11 1265 14 1268 ’
71 1269 138 1327 lex
159 1262 228 1328 iure
257 1282 318 1343 quo
347 1261 462 1327 utimur
489 1262 630 1327 mandati
658 1263 798 1326 tenebor.
846 1265 873 1328 7.
898 1261 999 1325 Sicuti
1025 1259 1217 1339 mandatum,

101 1387 181 1468 quod
203 1388 305 1452 instar
328 1387 453 1452 consilii
477 1386 660 1468 interuenit,
689 1386 830 1451 mandati
858 1386 1014 1450 actionem
1037 1404 1100 1448 non
1123 1383 1217 1466 parit,

99 1511 142 1576 ita
164 1532 205 1577 ne
227 1512 306 1577 illud
330 1512 465 1594 quidem,
491 1511 575 1594 quod
599 1516 709 1614 contra
732 1512 832 1576 bonce
854 1529 958 1575 mores
982 1515 1044 1574 est:
1070 1508 1167 1573 ueluti
1191 1507 1219 1570 si

99 1637 314 1702 mandauerim
338 1637 406 1718 tibi,
430 1643 464 1701 ut
487 1656 539 1701 res
554 1637 651 1700 Primi
668 1636 857 1719 subriperes,
883 1641 937 1699 aut
953 1634 1054 1698 cidem
1071 1633 1218 1697 damnum
1238 1643 1279 1694 10·

101 1761 200 1842 darec,
220 1768 275 1825 aut
286 1761 432 1826 iniuriam
444 1761 576 1826 laceres.
600 1759 766 1826 licetenim
778 1779 881 1824 meum
895 1765 1020 1823 secutus
1036 1757 1219 1821 mandatum

100 1885 204 1950 delicti
230 1906 346 1970 penam
368 1886 581 1970 praestitam,
610 1906 672 1950 non
696 1891 802 1950 tamen
830 1884 982 1948 aduersus
1005 1902 1054 1946 me
1078 1881 1220 1946 mandati

100 2011 255 2076 actionem
278 2011 420 2075 babebis.

70 2140 91 2191 8·
186 2139 216 2202 8.
241 2134 305 2211 Qui
328 2135 509 2200 mandatum
531 2135 648 2218 accipit
670 2153 733 2199 non
758 2133 853 2197 debet
869 2131 1023 2197 excedere
1038 2131 1116 2195 fines
1131 2149 1218 2193 man·

100 2259 170 2324 dati.
216 2265 252 2324 ut
276 2279 350 2324 ecce
374 2259 523 2323 mandabi
545 2223 671 2339 abisur
685 2277 786 2340 usque
809 2257 851 2321 ad
867 2263 990 2321 centurn
1008 2274 1121 2320 aurcos
1136 2255 1218 2318 bunc
1238 2265 1272 2318 15

99 2384 226 2448 fundum
250 2384 327 2448 mibi
351 2403 472 2449 emeres
487 2384 540 2448 uel
563 2391 711 2465 utusque
729 2382 769 2446 ad
786 2388 909 2446 centurn
926 2400 1040 2445 aureos
1060 2399 1117 2463 pro
1134 2379 1217 2444 Titio

100 2510 288 2592 sponderes;
324 2528 426 2590 neque
456 2508 555 2592 pluris
585 2513 616 2572 te
647 2514 751 2572 cbrere
782 2527 893 2588 agrum
922 2507 1088 2589 oportebat
1116 2523 1218 2586 neque

101 2635 131 2697 in
153 2634 342 2717 ampliorem
366 2653 518 2697 summam
545 2633 725 2698 fideiubere.
771 2652 844 2696 nam
868 2631 895 2695 si
918 2630 1059 2712 modum,
1089 2629 1129 2692 de
1157 2647 1218 2709 quo

100 2758 180 2824 inter
202 2777 264 2823 nos
289 2758 481 2839 conuenerit,
506 2757 690 2839 excesseris,
713 2777 777 2821 non
792 2755 925 2820 babebis
942 2761 1052 2820 contra
1067 2773 1117 2818 me
1133 2772 1219 2817 man·

101 2883 164 2948 dati
192 2883 366 2964 actionem;
402 2883 483 2947 adeo
517 2881 642 2962 quidem
670 2890 704 2946 ut
732 2880 869 2946 Sabinus
898 2889 929 2945 et
957 2879 1086 2944 Cassius
1114 2879 1220 2943 dicant
1239 2889 1280 2940 20·

101 3008 194 3072 etium
218 3008 248 3072 si
271 3027 370 3088 usque
395 3007 437 3071 ad
460 3013 584 3072 centum
601 3027 715 3073 aureos
731 3025 853 3072 mecum
869 3025 966 3088 agere
982 3004 1062 3068 uelis
1079 3023 1119 3068 ex
1135 3022 1220 3067 man-

102 3131 188 3212 dato,
220 3131 318 3216 (idest
345 3152 446 3214 usque
477 3131 518 3196 ad
546 3152 699 3196 summam
728 3151 821 3212 quam
849 3131 907 3195 tibi
934 3129 1163 3212 mandauerim)
1187 3126 1221 3189 id

102 3257 182 3336 qnod
211 3256 340 3321 excedit
373 3257 563 3340 neglegam,
598 3255 750 3320 inutiliter
775 3261 807 3320 te
835 3263 985 3320 acturum.
1039 3250 1220 3318 Proculiani

101 3400 175 3446 uero
193 3381 379 3446 existimant
393 3388 436 3463 te,
460 3402 560 3464 usque
577 3382 618 3446 ad
634 3389 759 3446 centum
776 3401 888 3446 aureos
904 3387 990 3446 recte
1007 3398 1113 3461 agere,
1138 3397 1220 3458 quae

102 3507 259 3571 sententia
274 3506 442 3589 benignior
458 3514 514 3572 est.
550 3507 633 3588 quod
649 3507 678 3572 si
692 3506 821 3571 minoris
838 3506 962 3586 emeris,
986 3503 1084 3569 ueluti
1099 3502 1220 3567 LXXX
1239 3510 1279 3561 ao

102 3632 215 3714 adreio,
239 3631 374 3696 babebis
397 3651 474 3697 sane
498 3651 618 3697 mecum
643 3632 796 3697 actionem
815 3630 970 3712 mandati3
994 3629 1142 3712 quoniam
1167 3626 1220 3707 qui
