2936 4704
576 347 807 411 -170-

133 538 211 604 euim
238 542 363 618 oportet
391 535 537 602 heredem
569 534 736 601 instituere
766 535 817 599 ael
854 534 1036 600 nominatim
1065 532 1248 599 exheredem

133 656 239 721 tacere
303 655 442 736 alioquin
481 655 507 720 si
542 671 612 720 enm
648 653 772 720 silentio
807 654 1022 736 praeterierit,
1051 651 1162 719 inutile
1188 651 1250 718 erit

132 780 349 839 testamentum
377 773 470 838 simul
497 793 534 841 ac
555 773 765 855 conscriptum
788 773 839 838 sit
888 773 995 854 itaque
1017 771 1043 837 si
1065 770 1149 837 filius
1175 772 1249 836 nino

132 901 214 974 patre
236 894 398 967 moriatur,
420 890 518 958 nihilo
540 892 642 958 miuus
664 891 774 958 inutile
795 892 857 956 erit
878 897 1100 958 testamentum
1121 897 1249 975 propter

133 1012 203 1076 inn's
225 1011 366 1093 regulum
388 1029 470 1094 quae
489 1011 535 1076 ait
561 1029 600 1075 ea
626 1029 723 1092 quae
749 1011 796 1077 uh
825 1010 945 1076 initio
972 1009 1139 1075 inutilis
1167 1009 1250 1075 sint
1282 1007 1302 1059 ⁶

132 1131 167 1194 in
187 1130 447 1196 testamentis
469 1128 728 1212 expostiacto
743 1128 1114 1195 conualescerenou
1129 1146 1248 1210 posse

131 1269 182 1316 nec
203 1255 355 1332 poterunt
376 1249 485 1331 scripti
507 1248 638 1315 heredes
661 1246 800 1316 defuncti
821 1248 905 1314 hona
925 1247 1081 1330 accipere,
1104 1249 1249 1331 quamuis

132 1387 187 1433 uon
218 1369 333 1433 existet
360 1366 445 1433 filius
471 1368 525 1448 qui
555 1367 777 1450 praetentione
803 1366 920 1432 iniuria
945 1366 1086 1434 adiectus
1114 1374 1171 1433 est.
1217 1377 1249 1432 et

131 1489 201 1553 haec
222 1486 351 1567 quidem
373 1487 399 1552 si
422 1485 504 1551 filius
526 1487 559 1550 iu
582 1491 738 1568 potestate
761 1489 949 1568 praeteritus
977 1487 1027 1552 sit
1072 1488 1121 1551 siu
1142 1495 1247 1553 autern

130 1605 195 1685 quis
215 1603 313 1670 filiam
336 1605 368 1669 in
392 1611 548 1686 potestate
570 1605 687 1672 habens
710 1605 762 1672 uel
784 1613 928 1687 nepotem
951 1615 1116 1688 neptemue
1137 1608 1300 1688 prone-10

131 1732 227 1805 potem
259 1729 482 1806 proneptemue
512 1743 572 1789 non
600 1725 760 1807 scripserit
789 1744 842 1792 eos
871 1726 1003 1792 heredes
1030 1742 1131 1806 neque
1156 1726 1248 1790 exhe-

132 1845 215 1908 redes
229 1842 349 1922 feoerit,
372 1850 421 1908 set
435 1845 633 1925 prseterierit
654 1845 787 1918 silentio,
810 1863 870 1910 nou
893 1843 1101 1910 infirmabitur
1121 1845 1247 1925 quidem

133 1967 361 2041 testamentum,
384 1963 545 2042 praeteriti
573 1971 677 2028 autern
704 1963 831 2047 scriptis
860 1963 1028 2030 heredibus
1055 1965 1246 2030 adcrescant

131 2081 305 2146 merescere
332 2080 382 2145 ins
409 2091 458 2146 est
479 2081 631 2164 portionis
653 2083 815 2148 cuiusdam
842 2083 1042 2149 auferendae.
1072 2092 1121 2148 set
1148 2084 1173 2146 si
1196 2101 1247 2147 ex·

133 2199 225 2263 tranei
259 2199 325 2264 sint
357 2200 465 2280 scripti
494 2199 644 2278 heredes,
675 2202 707 2264 in
737 2201 897 2266 dimidiam
923 2204 1096 2282 portionem
1125 2203 1247 2268 adscre-
1268 2215 1300 2266 rc

132 2325 230 2395 scuut;
256 2317 306 2382 sin
339 2327 444 2383 autem
478 2319 528 2384 sui
550 2319 697 2397 heredes,
724 2322 755 2386 in
778 2321 909 2388 uirilem.
963 2330 999 2387 ut
1026 2341 1098 2389 ecce
1126 2323 1153 2386 si
1182 2329 1247 2387 tres

134 2437 197 2516 quis
224 2437 357 2503 heredes
383 2415 523 2504 institnit
554 2439 651 2505 filiam
680 2448 864 2523 nepotemue
893 2441 1106 2523 praeteriens,
1144 2443 1171 2506 si
1198 2460 1248 2508 ex·

132 2556 225 2620 tranei
247 2565 323 2622 suut
350 2559 459 2641 scripti
489 2559 637 2639 heredes,
666 2559 731 2625 filia
758 2578 895 2642 neposne
924 2559 1084 2626 semissem
1113 2559 1247 2641 capient,

132 2675 155 2736 si
176 2693 249 2740 uero
272 2677 338 2751 sni,
363 2674 484 2742 uirilem
514 2678 704 2758 portionem,
734 2678 818 2744 idest
844 2678 1066 2762 quadrantem
1094 2686 1246 2762 quantum

131 2790 242 2858 scilicet
265 2801 372 2859 essent
393 2797 553 2876 accepturi
574 2797 601 2861 si
624 2797 792 2862 intestatus
813 2815 928 2878 parens
947 2797 1141 2870 decessisset
1164 2798 1247 2864 idest
1264 2811 1302 2862 ao

130 2917 267 2990 quartum
291 2911 443 2978 bonomm
466 2913 534 2980 eius
555 2919 687 2995 partem.
719 2914 834 2980 licebat
855 2923 960 2980 antem
984 2915 1040 2980 hos
1062 2934 1124 2980 nou
1146 2915 1245 2980 solum

129 3033 321 3113 nominatim,
354 3042 405 3101 set
438 3035 533 3101 etiam
565 3037 648 3102 inter
673 3043 794 3102 ceteros
823 3036 1027 3116 exheredare,
1053 3035 1102 3100 bis
1125 3033 1245 3098 uerbis:

129 3155 248 3218 ceteri
271 3156 495 3222 exheredes
522 3163 649 3222 sunto.
693 3157 877 3223 nominatim
899 3155 1097 3222 exheredatio
1126 3153 1172 3218 ita
1193 3151 1246 3218 fie-

130 3269 192 3334 bat:
220 3270 350 3339 Titius
379 3274 495 3339 tilius
521 3293 629 3340 meus
662 3277 830 3341 exheres
857 3281 953 3340 esto.
1004 3279 1129 3355 poterut
1151 3270 1245 3336 etiam

129 3405 163 3453 ex
182 3388 300 3457 officio:
331 3395 608 3478 grammaticus
635 3394 802 3461 exheres
832 3399 930 3470 esto,
961 3401 1053 3458 etex
1080 3398 1161 3456 arte:
1189 3389 1298 3457 fa·ac
