2960 4704
233 538 413 604 substitutis
436 539 479 620 (2,
504 540 553 616 15,
578 538 611 618 2)
641 539 848 621 interpretata
878 547 927 604 est
948 537 1169 621 Paraphrasis,
1197 560 1289 624 quam
1312 540 1359 606 11-

233 661 341 725 audita
364 659 403 724 de
433 659 680 724 condictionibus
704 658 746 740 (2,
773 663 800 736 l,
824 659 877 740 26)
907 659 945 726 de
967 662 1090 726 actione
1113 680 1168 742 pro
1192 661 1292 726 tutela
1314 662 1356 743 (4,

234 779 335 861 1011)
359 780 391 845 11
415 799 452 846 ea
472 782 687 846 continentur:
710 799 802 862 quam
826 782 949 847 demum
974 781 1072 848 multa
1094 783 1255 860 eiusmodi,
1276 799 1357 863 qnae

232 917 294 964 non
316 901 506 981 praestantis
523 901 748 970 antecessoris.
773 907 821 966 set
843 901 940 982 inepti
963 902 1124 968 cuiusdam
1145 899 1356 982 compilatoris

233 1018 338 1084 stilum
361 1020 509 1101 prodant!
533 1020 593 1085 huc
615 1020 734 1085 accedit
756 1018 965 1100 Parapbrasin
988 1040 1007 1085 a
1029 1018 1194 1104 Theophili
1216 1018 1357 1085 Indice

224 1138 453 1220 'nonnunquam
478 1139 654 1216 dissentire,
681 1141 773 1205 sicuti
795 1139 859 1204 iam
882 1140 1031 1207 scholium
1054 1142 1210 1223 quoddam
1226 1137 1292 1206 x1⁰
1306 1141 1357 1205 nel

231 1256 313 1324 XH⁰
334 1261 458 1325 saeculo
481 1259 682 1325 tribuendum
706 1261 937 1326 animaduertit
984 1280 1053 1326 nam
1081 1279 1151 1326 cunr
1173 1260 1303 1342 aurigae
1324 1261 1356 1324 in

231 1375 422 1458 Parapbrasi
445 1380 527 1444 inter
553 1378 772 1446 »infames«
798 1379 991 1458 referantur,
1021 1379 1114 1456 αὐτὸς
1136 1427 1143 1443 .
1168 1427 1175 1442 .
1201 1382 1220 1442 ὁ
1247 1380 1358 1464 θεόφι-

232 1498 286 1573 λος
312 1497 345 1561 ἐν
376 1507 421 1584 τῷ
446 1496 518 1583 ὶδίῳ
548 1498 643 1565 indici
677 1502 739 1562 τῶν
769 1500 902 1582 πρώτων
930 1495 966 1560 οὐ
996 1497 1081 1580 λέγει
1115 1497 1187 1574 τοὺς
1215 1499 1357 1588 ἡνιόχους

233 1618 345 1706 1111111
367 1615 386 1703 ἢ
408 1616 500 1703 ἄτιμα
523 1618 686 1700 πρόσωπα.
696 1619 721 1699 ¹)
761 1617 894 1684 hdoedit
917 1618 1050 1684 maxima
1072 1621 1104 1684 in
1127 1619 1282 1684 scribendi
1304 1637 1357 1683 ex·

233 1741 427 1819 ponendique
449 1740 541 1804 modo
570 1738 757 1820 disparitas,
786 1747 821 1802 ut
842 1739 1020 1804 nullomodo
1042 1739 1205 1804 decadem
1228 1747 1357 1804 anctore

233 1859 371 1939 cogitare
393 1857 496 1924 liccat.

317 1979 429 2043 Restat
451 1987 486 2043 nt
514 1979 714 2060 dispiciamus
740 1979 893 2060 quomodo
926 1978 993 2044 fieri
1022 1980 1140 2060 potuit,
1177 1981 1213 2043 ut
1242 1995 1356 2059 graeca

232 2099 310 2164 haec
321 2098 555 2163 Institutionum
573 2099 776 2181 Paraphrasis
791 2099 962 2182 Theophila
978 2099 1180 2164 tribueretur.
1204 2098 1243 2161 ad
1259 2097 1356 2162 maio-

233 2236 299 2284 rem
322 2218 564 2300 perspicuitaten
595 2237 645 2283 res
672 2217 796 2300 longius
823 2219 994 2298 repetenda
1023 2224 1079 2282 est.
1131 2215 1355 2282 Constantinus

232 2335 456 2403 Monomachns
478 2341 554 2405 iuris
578 2341 714 2406 scholam
738 2338 1008 2420 Constantinopoli
1038 2335 1193 2416 condidit,
1223 2355 1355 2419 eamque

232 2457 301 2538 lege
323 2457 495 2536 ordinauit,
524 2477 616 2540 quam
640 2479 738 2540 nuper
767 2460 848 2525 inter
872 2459 995 2524 loannis
1018 2456 1236 2524 Euchaitensis
1258 2475 1355 2538 opera

232 2577 330 2642 edidit
352 2576 386 2640 P.
410 2598 429 2644 a
453 2575 636 2660 negarier)

319 2698 366 2762 Ea
386 2696 457 2779 lege
479 2705 618 2776 cauetur,
643 2704 678 2762 ut
708 2699 738 2760 in
762 2697 867 2763 schola
892 2706 1017 2762 ueteres
1046 2697 1117 2762 libri
1145 2695 1356 2762 adhibeantur

233 2817 437 2882 emendentur
466 2825 560 2897 atquc
587 2817 796 2898 explicentur,
833 2827 865 2881 et
898 2825 933 2880 ut
960 2815 1137 2897 principalis
1166 2816 1357 2881 bibliotheca

230 2935 356 3002 scholae
379 2936 450 3001 usui
474 2943 506 3001 et
528 2937 690 3002 commodo
719 2936 914 3019 potissimum
938 2936 1099 3000 inseruiat
1152 2934 1225 3000 inde
1248 2933 1355 3017 plnres

233 3066 376 3122 ueterum
399 3056 477 3122 iuris
500 3058 649 3122 librorum
674 3055 827 3121 editiones
850 3064 882 3121 ct
905 3056 1101 3120 recensiones
1116 3052 1242 3120 fluxisse
1264 3071 1355 3119 nemo

232 3177 322 3242 iacile
345 3175 461 3241 infitias
483 3177 549 3255 ibit,
573 3177 627 3258 qui
643 3175 827 3257 praesertim
844 3175 1031 3256 cogitauerit
1045 3183 1123 3256 quot
1137 3175 1214 3239 iuris
1229 3191 1357 3255 graeco-

233 3294 353 3360 romani
376 3296 496 3361 codices
520 3313 613 3360 manu
636 3296 745 3377 scripti
767 3297 834 3359 eius
856 3295 968 3358 aetatis
990 3292 1022 3358 in
1048 3293 1140 3358 Asiae
1163 3303 1195 3358 et
1209 3293 1357 3376 Europae

233 3412 430 3479 bibliothecis
453 3424 574 3479 extent:
600 3431 714 3493 graeca
740 3423 845 3480 autem
875 3413 1110 3477 Institutionum
1138 3414 1357 3494 interpretatio

234 3535 328 3616 (quae
356 3553 419 3599 una
448 3535 513 3600 fere
541 3554 560 3599 a
589 3533 718 3601 Graecis
752 3545 806 3600 aut
836 3534 977 3602 confecta
1011 3543 1067 3600 aut
1101 3542 1186 3599 certe
1215 3531 1358 3599 adbibita

233 3652 326 3734 est)³)
349 3660 581 3720 antecessorum
609 3663 642 3719 et
669 3656 804 3719 tironum
834 3673 910 3720 cura
937 3653 1134 3734 potissimum
1163 3652 1194 3717 in
1224 3670 1258 3717 11
1285 3669 1359 3718 con-

303 3827 326 3890 ι)
344 3822 426 3878 schol.
444 3823 485 3877 ad.
504 3826 529 3890 2,
549 3827 589 3890 18,
610 3827 630 3876 1.

302 3910 325 3976 ²)
338 3909 553 3977 abhandlungen
567 3908 615 3963 der
627 3907 770 3978 (hottinger
781 3906 961 3963 Gesallschait
973 3907 1022 3963 der
1034 3873 1262 3963 Wissenschaiten
1280 3909 1356 3972 1882,

234 3994 284 4050 Bd·
301 3995 465 4148 {xtlxfflluae
479 4078 590 4132 inferius
602 4093 791 4148 proponemus.
806 4079 1002 4146 Coniectoram,
1014 4095 1093 4148 quam
1106 4077 1287 4147 exposuimus,
1300 4079 1323 4133 Z
1328 4097 1357 4136 a·

235 4165 414 4220 abaciacus
423 4179 440 4218 1
448 4164 486 4219 Li
495 4181 512 4218 1
520 4171 598 4232 gent
607 4162 664 4219 hal
678 4164 776 4220 litteris
787 4164 821 4219 ad
834 4180 883 4220 uos
895 4163 965 4219 datia
977 4163 1195 4234 perpendendam
1205 4165 1354 4233 proposuit.
