2884 4728
461 367 778 431 ¹-370-

104 539 156 604 tibi
180 539 298 604 amicus
315 540 426 605 eodem
441 560 477 614 se
494 543 646 607 conferre.
685 541 895 607 mandauercs
919 543 994 608 mihi
1010 549 1044 608 ut
1059 545 1220 628 mancipia

103 665 151 728 uel
174 663 260 728 aliud
284 664 360 747 quid
382 665 439 729 tibi
462 685 607 731 emerem.
646 666 674 730 si
700 665 882 732 mundatum
906 667 1032 750 suscepi
1055 687 1093 732 eo
1118 688 1219 749 usque

102 789 225 872 impune
247 790 428 854 renuntiare
445 809 583 873 possum,
609 790 708 856 donec
724 790 826 856 Titius
840 790 978 856 nondum
994 798 1042 856 est
1057 793 1219 876 profectus

103 920 194 994 utque
218 915 319 997 potuit
335 915 365 979 ei
381 915 420 979 de
444 914 557 979 eedem
575 915 733 998 emptione
749 914 902 980 mandari.
935 936 1008 979 nam
1032 917 1059 980 si
1082 917 1137 981 illo
1154 917 1217 982 iam

102 1038 251 1120 profecto,
273 1039 507 1121 renuntiauere
531 1039 672 1104 mandati
695 1040 840 1122 tenebor3
865 1060 928 1104 non
944 1041 1027 1105 enim
1043 1041 1145 1106 adhuc
1161 1062 1218 1125 per
1255 1057 1271 1110 5

102 1163 195 1226 olium
221 1171 328 1247 potest
354 1165 522 1230 mandator
549 1185 766 1230 consummare
793 1166 989 1248 mandatum,
1017 1185 1087 1230 eum
1116 1167 1218 1232 Titius

101 1287 161 1352 ium
176 1288 299 1354 abierit.
330 1289 358 1354 si
378 1296 485 1355 tumen
500 1291 584 1355 iusta
599 1309 697 1356 causa
713 1291 899 1372 intercessit,
917 1310 999 1372 quae
1014 1291 1090 1355 mihi
1105 1312 1217 1356 rennn-

101 1412 177 1478 tiare
194 1419 250 1478 aut
260 1413 447 1497 tempestiue
460 1415 640 1480 renuntiare
651 1435 715 1480 non
727 1415 915 1498 permiserit,
932 1417 1117 1480 excusabor.
1141 1416 1217 1497 quid

100 1537 179 1600 enim
204 1537 234 1601 si
257 1538 414 1620 publicum
437 1539 598 1622 negotium
621 1539 674 1603 uel
689 1539 755 1604 ulie
778 1539 1105 1620 quaeuisnecessaric
1120 1559 1216 1604 cause

56 1677 91 1726 12.
100 1661 172 1725 mihi
195 1681 259 1726 non
282 1663 460 1746 permiserit
483 1664 664 1728 mandatum
688 1665 925 1729 consummare?
963 1667 1011 1731 12.
1035 1665 1215 1729 Mandatum
1236 1677 1271 1734 10

100 1786 191 1850 etiam
223 1787 255 1850 in
283 1787 366 1852 diem
393 1788 462 1853 fieri
485 1794 603 1872 potest,
635 1789 747 1853 ueluti:
773 1789 918 1854 ‘mando
946 1789 1032 1870 tibi,
1061 1795 1099 1854 ut
1126 1795 1217 1872 post

100 1911 288 1976 biennium
316 1912 355 1976 id
383 1913 534 1978 fucias':
563 1920 595 1977 et
618 1913 676 1977 sub
702 1913 901 1995 condicione,
929 1912 1041 1978 ueluti:
1072 1914 1217 1979 ‘mando

55 2034 167 2100 1utibi
194 2042 235 2100 ut
261 2037 294 2100 si
320 2037 429 2102 nauis
465 2057 508 2102 ex
536 2038 628 2102 Asia
662 2038 812 2102 uenerit
839 2037 878 2101 id
913 2037 1058 2102 iccias’.
1107 2039 1216 2105 13.1n

99 2180 220 2225 summo
243 2161 404 2226 sciendum
429 2168 479 2227 est
502 2162 683 2232 mandatum
711 2162 881 2245 gratuitum
902 2180 972 2227 esse
1001 2162 1130 2244 debere3
1155 2163 1216 2228 nisi

99 2285 179 2348 enim
195 2284 261 2350 tole
285 2285 335 2366 sit,
359 2286 392 2350 in
415 2285 511 2350 alium
535 2291 729 2351 contractum
746 2285 839 2352 cedit.
877 2285 1022 2351 mercede
1039 2285 1122 2350 enim
1144 2305 1215 2351 eon·
1237 2301 1270 2352 15

99 2409 221 2490 stitute,
251 2409 360 2492 incipit
388 2411 506 2475 locatio
534 2416 566 2476 et
594 2411 759 2476 conductio
788 2429 868 2476 esse,
914 2410 1105 2493 generaliter
1133 2411 1215 2475 enim

98 2533 176 2598 scire
206 2531 319 2615 debes,
352 2554 393 2599 ex
421 2534 534 2615 quibus
566 2535 708 2600 casibus.
721 2535 790 2600 sine
818 2535 962 2600 mercede
990 2535 1118 2617 negotio
1142 2557 1162 2598 c
1184 2541 1215 2600 te

97 2665 253 2745 suscepto,
277 2658 418 2723 mandeti
441 2679 497 2724 sen
521 2659 656 2744 depositi
679 2659 762 2726 actio
787 2659 844 2724 tibi
871 2665 1074 2743 competeret,
1103 2659 1215 2724 iisdem

97 2783 238 2866 casibus,
264 2783 410 2849 mercede
432 2785 675 2864 interueniente,
704 2784 821 2848 locutio
846 2789 877 2849 et
900 2783 1064 2850 conductio
1093 2789 1215 2850 coutra-

97 2907 187 2972 hitur.
237 2914 269 2973 et
291 2907 363 2976 ideo
387 2908 414 2973 si
437 2908 548 2974 fulloni
571 2909 750 2992 poliendam
777 2910 830 2974 uel
857 2908 1036 2974 dealbatori
1064 2907 1214 2976 dealbau·
1234 2921 1270 2972 20

97 3031 168 3096 dam
191 3039 314 3098 uestem
336 3030 467 3108 dedero,
491 3032 544 3097 uel
572 3032 760 3097 sarcinatori
782 3033 996 3115 sarciendam,
1025 3033 1113 3097 nulle
1135 3052 1214 3096 mer-

97 3157 173 3221 cede
197 3157 367 3222 constitute
381 3176 483 3238 neque
507 3157 673 3240 promisso,
698 3156 797 3240 gratis
813 3157 931 3222 fullone
952 3159 1004 3222 uel
1020 3157 1214 3222 sarcinatore

96 3279 128 3344 id
150 3301 186 3346 se
209 3281 366 3347 facturum
388 3281 538 3365 pollicito,
567 3281 609 3346 ad
633 3301 703 3346 eam
726 3281 965 3366 reciperandam
988 3281 1128 3346 mandati
1150 3280 1214 3345 iam

97 3413 254 3490 competet
276 3406 367 3472 actio.
