2898 4712
517 401 556 414 -
601 365 748 430 224-

84 553 192 620 ideirco
220 554 316 618 irrita
343 551 399 620 diet
426 551 584 619 institutio
612 553 796 634 etquidem
828 554 907 620 iure
956 553 1079 620 uomina
1106 553 1187 620 onim

84 671 346 755 siguifioeudorum
368 671 527 739 hominum
549 672 651 754 gratis
678 679 803 754 reperta
821 678 910 745 sunt,
938 673 1044 754 itaque
1069 672 1098 738 si
1127 673 1188 739 alio

85 790 216 872 quolibet
237 789 328 857 modo
349 807 483 871 persona
503 789 642 873 intellegi
668 789 784 874 possit,
813 792 898 856 nulia
925 792 985 857 erit
1013 791 1189 858 differentia

85 910 254 992 nudumque
274 907 502 976 incommodum
525 928 563 974 ex
590 927 711 988 errore,
741 911 794 992 qui
821 911 853 975 in
882 911 1005 976 nomine
1034 911 1188 976 admissus

50 1036 131 1096 stat
180 1029 233 1093 30.
273 1027 356 1094 Huic
382 1029 496 1094 rationi
524 1030 663 1112 proxima
700 1031 807 1112 regule
835 1047 959 1113 quoque
986 1036 1050 1108 est,
1077 1029 1187 1098 falsam
1222 1031 1240 1083 ὅ

85 1149 368 1214 demonstrationem
401 1149 537 1230 legatum
566 1169 627 1214 nou
656 1167 823 1232 peremere.
878 1149 957 1216 scire
986 1148 1068 1214 euim
1094 1151 1190 1218 debes

83 1268 184 1349 legem
206 1268 299 1334 modo
320 1269 631 1348 demonstrationem,
660 1267 752 1335 modo
781 1285 908 1334 musam
929 1267 1021 1334 adici.
1065 1268 1189 1340 domeu-

49 1363 50 1366 ¹
85 1389 185 1454 suedo
212 1405 289 1453 uero
318 1393 366 1454 est
390 1387 438 1454 rei
470 1387 594 1469 legatae
627 1387 810 1455 declaratio:
842 1386 942 1454 ueluti
974 1387 1102 1470 siquis
1130 1391 1190 1459 hoo

84 1511 162 1576 modo
185 1509 356 1593 iegauerit:
382 1509 582 1576 »Stichum
611 1528 771 1575 seruum
802 1527 921 1575 meum
950 1527 1104 1575 uernam
1126 1509 1190 1576 Ti·

83 1630 127 1694 tio
145 1630 266 1711 lego«
291 1628 367 1696 utile
389 1630 472 1696 enim
493 1628 632 1716 legatum
648 1637 705 1708 est,
721 1631 794 1697 licet
809 1631 935 1697 Stichus
950 1633 1122 1697 uerua'nou
1138 1629 1188 1706 sit,
1209 1634 1241 1687 1⁰

84 1755 125 1814 sot
143 1755 277 1832 emptus.
321 1755 370 1816 set
392 1749 420 1815 si
447 1750 494 1816 ita
520 1751 648 1816 dixerit:
679 1749 851 1816 Stichum
880 1767 1052 1830 seruum,
1079 1767 1189 1831 quem

83 1866 204 1935 aSeio
227 1869 310 1948 emi,
333 1869 442 1936 Titio
462 1870 566 1951 lego,
589 1887 659 1937 cum
682 1887 753 1936 eum
774 1886 794 1934 a
816 1868 919 1935 Primo
948 1869 1089 1947 emisset,
1111 1868 1189 1935 item

83 1988 151 2055 utile
160 1991 221 2056 erit
230 1989 369 2072 legatum
379 1995 508 2072 propter
518 1989 657 2072 reguiam
669 1989 822 2056 dicantem
833 1989 912 2054 dalea
922 1988 1188 2055 demonstratione

43 2105 209 2191 dilegatum
231 2127 294 2175 nom
314 2109 441 2192 peremi.
478 2109 529 2174 31.
564 2109 658 2175 Falsa
679 2125 803 2190 quoque
824 2127 920 2176 causa
941 2109 1044 2190 legato
1066 2107 1190 2174 adiectu

82 2224 210 2309 legatum
242 2247 305 2297 non
337 2225 484 2294 indimet.
531 2246 626 2294 causa
658 2245 735 2294 uero
766 2233 817 2294 est
844 2226 976 2294 rationis
1009 2223 1188 2305 declaratio,
1209 2235 1241 2289 lt

82 2363 139 2426 qua
158 2345 289 2428 legatur.
334 2347 434 2414 ueluti
456 2349 483 2412 si
505 2348 574 2429 quis
600 2347 646 2413 ita
674 2347 844 2430 legauerit:
872 2343 1047 2412 Stichum
1075 2345 1189 2412 homi·

81 2484 155 2531 uem
183 2486 307 2534 meum
342 2467 449 2535 Titio
481 2467 526 2534 do
560 2468 660 2552 lego,
688 2467 785 2548 quia
818 2485 874 2533 me
905 2466 1072 2534 absente
1104 2483 1188 2530 mea

81 2586 233 2668 megetia
252 2587 430 2668 curauit,
459 2587 511 2654 uel
529 2587 590 2654 ita:
613 2586 718 2654 Titio
744 2587 935 2653 homiuem
963 2584 1069 2667 lego,
1095 2582 1189 2667 quia

80 2699 158 2772 eius
175 2705 401 2789 patrocinio
423 2707 585 2773 crimine
606 2704 778 2789 capitali
800 2723 882 2771 sum
903 2703 1119 2772 adeodatus.
1154 2701 1188 2770 si

80 2827 157 2890 euim
174 2827 304 2910 negotia
325 2843 395 2892 mea
414 2826 517 2892 Titius
545 2842 704 2907 uunquam
726 2825 875 2908 gesserit,
901 2839 960 2890 use
986 2823 1054 2888 eius
1083 2827 1189 2904 patro·
1205 2831 1241 2884 to

81 2940 158 3011 ciuio
177 2947 287 3029 eapitis
308 2945 480 3028 periculum
502 2943 673 3026 effugerim,
695 2941 814 3012 calebit
835 2943 972 3028 legatum
991 2947 1119 3026 propter
1140 2957 1189 3006 re·

79 3063 187 3144 gulam
208 3063 288 3131 dudsa
308 3037 405 3131 causa
425 3063 562 3146 legatum
585 3080 646 3130 nou
669 3061 797 3144 peremi
846 3063 872 3128 si
902 3069 1006 3130 tamen
1035 3060 1191 3128 condicio·

80 3183 127 3250 uis
140 3185 227 3254 modo
241 3203 368 3253 causam
383 3183 618 3265 eumdauerim,
634 3203 715 3268 quae
730 3181 810 3249 dalsa
823 3183 953 3250 inuenta
967 3187 1025 3260 est,
1048 3179 1125 3246 nihil
1145 3179 1188 3246 le·

81 3302 216 3385 gatarim
236 3309 454 3386 consequetur.
498 3304 598 3370 ueluti
619 3302 678 3371 hoc
705 3302 814 3370 modo:
843 3299 952 3368 Titio
978 3300 1078 3366 huuc
1101 3297 1188 3363 duu-

79 3419 166 3486 dum
185 3425 281 3508 lege,
302 3425 335 3492 si
356 3441 438 3492 mea
457 3425 620 3508 negotia
641 3424 855 3491 eorauerit
892 3424 919 3490 si
941 3422 1022 3489 enim
1044 3437 1097 3486 res
1118 3437 1187 3503 ges·
1203 3432 1240 3486 ss
