2884 4728
546 375 789 439 —364-

66 553 92 604 8.
102 551 227 608 tantum
251 547 403 611 bonorum
426 548 604 631 publicetur
620 550 712 615 durat
727 551 872 616 sociatas.
911 554 940 617 8.
957 550 992 615 Si
1008 551 1113 615 socius
1128 551 1227 615 multo

103 690 178 734 aere
211 671 314 736 alieno
343 681 574 755 praegrauatus
608 674 675 740 siue
705 676 832 759 publico
864 676 931 741 siue
965 676 1060 741 etiam
1091 676 1227 759 priuato,

101 796 197 860 bonis
214 797 278 860 suis
296 798 436 879 cesserit,
450 799 580 882 eiusque
596 809 712 864 ueneat
727 800 913 882 substantia,
931 801 1062 866 soluitur
1078 801 1224 866 societas,

102 920 130 984 si
140 927 250 985 tamen
258 927 329 1004 post
337 923 512 988 cessionem
523 924 600 989 socii
610 924 643 988 in
652 925 762 989 eadem
771 925 1046 1009 perseuerauerint
1058 925 1223 1006 sententia,

65 1053 191 1110 9.nona
207 1067 315 1111 rursus
331 1048 470 1132 incipere
495 1050 631 1114 societas
654 1049 787 1116 uidetur.
823 1055 852 1118 9.
877 1051 988 1116 Socins
1012 1051 1098 1116 socio
1121 1057 1224 1114 utrum
1263 1059 1285 1108 5.

102 1190 141 1234 eo
166 1171 293 1236 nomine
317 1179 437 1238 tantum
460 1180 606 1239 teneatur
624 1195 682 1258 pro
706 1177 791 1240 socio
816 1176 938 1241 actione
963 1181 1070 1257 (quam
1090 1176 1225 1240 inuicem

102 1294 222 1361 habent
250 1297 356 1382 socii),
386 1297 415 1362 si
438 1298 513 1380 quid
537 1299 609 1364 dolo
634 1300 667 1364 in
690 1301 833 1366 fraudem
861 1301 1022 1366 societatis
1051 1300 1223 1382 admiserit,

102 1419 185 1484 sicut
206 1420 342 1486 diximus
366 1442 405 1487 111
429 1423 502 1489 dolo
518 1431 639 1488 tantum
662 1425 763 1490 1111111
779 1425 913 1508 depositi
929 1425 1055 1490 actione
1071 1425 1125 1506 qui
1140 1424 1225 1508 apud

103 1565 137 1609 se
162 1545 301 1610 alienam
317 1567 383 1612 rem
400 1548 559 1632 deponere
576 1556 625 1613 est
645 1571 769 1633 passus,
794 1571 835 1614 an
851 1551 945 1615 etiam
962 1551 1075 1634 culpae
1091 1549 1225 1624 nomine,

102 1669 130 1734 h.
154 1691 181 1734 e.
207 1671 349 1736 desidiae
374 1679 468 1753 atque
492 1674 729 1756 neglegentiae,
759 1675 935 1755 quaesitum
959 1681 1020 1739 est:
1045 1674 1226 1758 praeualnit
1245 1680 1285 1733 lo

101 1802 210 1860 tamen
233 1796 328 1860 etiam
352 1798 464 1881 culpae
488 1799 613 1863 nomine
637 1799 738 1864 teneri
754 1818 833 1862 eum.
869 1799 962 1883 culpa
978 1807 1083 1864 autem
1103 1818 1166 1863 non
1183 1798 1224 1862 ad

100 1920 339 1985 exactissimam
366 1921 562 2004 diligentiam
591 1923 757 2006 dirigenda
785 1931 846 2006 est3
876 1923 989 1989 sufficit
1017 1924 1099 1988 enim
1127 1923 1223 1986 talem

98 2044 301 2127 diligentiam
329 2047 361 2110 in
389 2048 605 2112 communibus
632 2049 727 2112 rebus
756 2048 907 2114 adhibere
935 2050 1068 2130 socium,
1098 2048 1223 2129 qualem

98 2169 167 2233 suis
191 2171 287 2234 rebus
310 2177 473 2254 praestare
497 2173 586 2238 solet.
621 2173 764 2254 namqui
779 2173 881 2238 minus
897 2173 1080 2256 diligentem
1103 2172 1223 2236 socium

98 2294 163 2360 sibi
187 2295 364 2380 adsumpsit
379 2297 418 2362 de
440 2317 498 2361 sua
514 2305 662 2378 queratur
686 2298 828 2380 stultitia,
853 2303 961 2382 utpote
979 2298 1032 2379 qui
1048 2302 1158 2362 auctor
1173 2297 1222 2360 sni
1242 2304 1282 2356 15-

98 2419 211 2484 damni
234 2420 275 2484 sit
297 2421 409 2486 faetus.

426 3045 475 3107 De
499 3043 656 3108 mandato.
702 3045 825 3109 Titulus
850 3048 900 3111 26.

190 3203 344 3286 Superest
366 3224 406 3267 ex
431 3204 689 3286 obligationibus
714 3225 796 3288 quae
813 3225 968 3270 consensu
989 3205 1221 3288 contrahuntur,

100 3327 293 3392 mandatum.
319 3328 352 3391 id
369 3336 474 3393 autem
491 3329 628 3409 quinque
644 3329 745 3394 modis
759 3330 965 3412 contrahitur3
990 3350 1062 3394 nam
1080 3335 1133 3392 aut
1149 3349 1219 3393 mea

100 3459 221 3516 tantum
246 3452 352 3534 gratia
367 3452 424 3516 tibi
439 3454 564 3534 mando,
590 3460 644 3518 aut
666 3474 739 3518 mea
762 3462 794 3519 11
808 3461 873 3536 tua,
898 3461 952 3518 aut
968 3454 1073 3518 aliena
1088 3459 1218 3534 tantum,

101 3584 153 3644 ant
168 3596 244 3640 mea
268 3582 300 3640 et
312 3577 427 3658 aliena,
453 3585 507 3642 aut
519 3584 573 3643 tua
590 3586 621 3643 11
637 3579 751 3644 aliena.
781 3579 895 3643 namsi
911 3584 965 3642 tua
979 3583 1100 3642 tantum
1116 3578 1219 3660 gratia
1239 3582 1278 3634 20
