2936 4704
538 346 766 413 ..150-

89 531 284 614 praecedere
311 550 440 600 uacasse
468 538 526 600 eat
573 537 607 599 at
627 535 655 602 ai
676 551 790 602 seruus
811 551 899 602 meua
919 535 1008 600 iussu
1033 551 1103 602 nso
1123 535 1218 602 adeat

89 651 225 732 perinde
253 649 400 716 dominus
427 649 500 716 tium
526 668 564 717 au
591 653 619 716 si
645 654 712 734 ipse
738 652 902 718 institutus
927 653 996 717 sim.
1045 657 1078 718 ct
1104 669 1216 720 conus-

92 769 217 834 nienter
246 767 295 832 his
327 783 410 848 quae
438 768 582 851 superius
614 771 832 852 proposuimus
861 772 955 836 etiam
983 769 1088 853 legata
1116 769 1217 837 seruis

93 887 205 954 relicta
233 887 324 951 nobis
351 892 553 968 quaeruntur.
604 889 788 954 nouaclum
823 897 928 956 autum
957 890 1133 974 proprietas
1162 907 1217 973 per

94 1024 158 1084 eos,
181 1022 262 1088 quos
284 1003 318 1068 in
339 1010 496 1086 potestate
518 1005 683 1084 habemus,
705 1007 795 1073 nobis
823 1007 1017 1091 adquiritur,
1043 1013 1093 1076 set
1121 1009 1215 1078 etiam
1251 1015 1268 1065 ι

93 1126 261 1208 possessio.
306 1125 332 1188 si
355 1127 426 1204 quis
448 1126 529 1190 euim
552 1143 618 1190 rem
641 1144 703 1192 uon
730 1143 818 1191 suem
841 1128 868 1191 ei
898 1126 1082 1206 tradiderit,
1109 1129 1163 1211 qui
1185 1131 1217 1194 in

93 1269 164 1318 maa
185 1255 345 1331 potestate
365 1256 424 1326 est,
445 1267 502 1314 seu
523 1247 667 1316 mobilem
690 1267 747 1315 seu
769 1246 829 1314 soli
850 1249 933 1315 bona
957 1245 1019 1313 fide
1041 1247 1217 1329 accipienti,
1238 1313 1245 1322 ,

95 1387 150 1449 por
171 1369 313 1434 eiusd-
335 1367 561 1450 possusaionem
589 1368 733 1433 dominus
761 1366 849 1446 darn,
877 1367 1068 1448 usucapione
1096 1366 1217 1432 scilicet

60 1502 79 1550 s.
95 1507 148 1554 seu
169 1488 258 1569 longi
286 1489 436 1570 temporis
463 1487 658 1568 possessione
684 1486 860 1553 accedente.
912 1487 941 1550 4.
975 1483 1061 1552 Haec
1090 1485 1217 1566 quidem

97 1609 133 1674 dc
154 1607 274 1674 nostris
296 1607 406 1672 seruis.
452 1605 623 1686 adquirunt
644 1611 747 1670 autem
771 1603 870 1681 uobis,
894 1609 930 1669 ut
951 1604 1069 1669 dictum
1093 1609 1155 1680 eat,
1186 1609 1219 1670 et
1238 1613 1270 1666 to

98 1727 180 1792 serui
203 1726 311 1796 alieni.
332 1725 366 1788 in
389 1725 501 1808 quibus
522 1723 751 1789 usumfructum
774 1723 938 1804 habemus;
966 1741 1026 1787 non
1050 1729 1154 1790 tamen
1178 1741 1214 1790 ex

98 1847 177 1912 omui
199 1863 309 1922 cause
331 1849 380 1910 sct
401 1863 438 1909 er
461 1843 582 1910 duobus
604 1842 653 1908 his
669 1849 801 1922 tantum,
824 1861 934 1925 nempe
961 1860 998 1907 ex
1019 1861 1055 1908 re
1076 1859 1144 1906 mea
1167 1841 1218 1906 uei

100 1983 136 2030 ex
155 1965 261 2046 operis
284 1963 358 2028 suis.
403 1983 444 2030 er
467 1981 509 2028 re
530 1979 612 2028 mea
638 1960 689 2039 fit,
718 1961 862 2044 quotiens
891 1975 996 2026 curam
1019 1960 1217 2042 praediorum

103 2099 236 2148 meorum
259 2084 288 2148 oi
311 2081 439 2156 credidi,
462 2081 510 2146 uei
534 2080 672 2146 concessi
695 2081 741 2157 ei,
764 2089 800 2146 ιιι
822 2079 967 2162 pecunius
990 2097 1075 2144 meas
1097 2079 1218 2144 tenera·

104 2205 199 2279 retur,
226 2207 260 2264 et
289 2199 437 2265 constitui
466 2217 546 2280 eum,
575 2217 668 2282 quem
696 2205 830 2276 uocant,
863 2200 1120 2280 dispensatorem.
1165 2197 1216 2264 hic
1237 2211 1268 2262 ιι

105 2317 182 2382 euim
202 2319 306 2400 potuit
326 2317 451 2399 iugenio
472 2337 530 2384 suo
552 2319 604 2385 uel
624 2321 690 2399 agri
718 2319 856 2394 cultura,
887 2317 997 2384 uelox
1019 2317 1138 2383 mutuis
1161 2317 1218 2383 aii·

106 2437 176 2518 quid
197 2434 364 2520 adquirere
386 2439 454 2503 sine
476 2455 582 2503 eorum
605 2438 810 2505 diminutione
837 2456 919 2520 quae
949 2436 1022 2502 mihi
1046 2437 1219 2519 debentur;

106 2554 137 2618 id
157 2556 268 2623 dicitur
291 2576 333 2622 ex
355 2575 395 2623 re
417 2575 497 2624 mea
518 2557 691 2641 proiectum
714 2565 746 2622 et
768 2557 842 2623 mihi
866 2556 1039 2638 quaeritur.
1062 2577 1107 2623 ex
1128 2575 1219 2641 opu·

106 2675 160 2738 ris
179 2682 282 2740 autem
304 2677 398 2752 suis,
422 2682 457 2740 ut
489 2693 561 2744 ecce
588 2676 813 2742 sisardnator
839 2675 935 2742 tuerit
956 2675 1007 2742 uei
1028 2674 1219 2742 architectus

106 2793 158 2858 uei
175 2794 292 2874 pictor:
312 2793 415 2860 locaui
437 2813 508 2861 eum
531 2813 589 2876 ego
616 2801 652 2860 ut
674 2797 830 2862 extraneis
856 2813 983 2877 operum
1012 2811 1101 2860 suum
1130 2810 1218 2875 prue-
1235 2792 1271 2846 ²⁰

107 2917 209 2990 staret,
230 2920 411 2997 certamque
433 2911 607 2979 mercedem
630 2931 687 2995 pro
708 2921 778 2980 arte
799 2932 857 2979 sua
883 2911 1047 2996 acciperet.
1093 2913 1144 2979 iric
1165 2930 1220 2996 po·

108 3029 169 3095 tuit
187 3041 217 3096 et
238 3039 364 3115 praetor
385 3032 571 3099 constitutas
592 3033 751 3100 mercedes
778 3031 896 3114 aliquid
918 3032 1047 3115 adipisci
1076 3037 1109 3098 et
1136 3031 1220 3114 quod

108 3149 178 3215 inde
207 3157 330 3234 partum
360 3161 409 3218 eat
437 3153 511 3216 mihi
541 3151 689 3235 adquirit
743 3152 803 3218 hoc
836 3150 996 3234 estquod
1032 3150 1147 3218 dicitur
1178 3167 1220 3216 ex

109 3271 235 3349 operis
256 3273 343 3338 suis
370 3272 552 3352 proiectum.
581 3271 663 3352 quod
686 3288 761 3338 uero
783 3277 873 3338 extra
893 3270 988 3336 hasce
1009 3271 1090 3340 duas
1111 3287 1221 3336 causas

109 3395 284 3464 persecutus
306 3394 369 3468 est,
391 3389 423 3455 id
445 3390 485 3455 ad
513 3389 671 3456 dominum
699 3395 821 3473 spectat
847 3388 1060 3472 proprietatis.
1112 3388 1221 3472 itaque
1237 3397 1271 3450 ιι

109 3503 242 3571 siiturus
263 3507 427 3574 institutus
448 3510 490 3573 sit
512 3509 562 3574 usi
585 3508 755 3591 legatarius
782 3515 816 3574 et
841 3507 979 3589 legatum
1009 3507 1052 3572 sit
1077 3507 1220 3588 adeptus

111 3619 166 3686 uel
191 3625 228 3689 ab
255 3625 360 3706 aliquo
388 3623 586 3692 donationem
614 3627 787 3710 acceperit,
816 3644 877 3696 non
908 3625 1142 3694 usufructuario
1172 3629 1222 3692 set

111 3741 231 3808 domiuo
251 3744 451 3825 proprietatis
473 3745 512 3811 da
538 3746 685 3829 eatquirit.
729 3763 811 3827 quae
837 3745 876 3812 da
903 3761 996 3812 seruo
1024 3745 1108 3812 dicta
1134 3751 1218 3822 sunt

109 3855 144 3921 in
169 3876 226 3941 quo
247 3861 471 3929 usumfructum
492 3863 602 3944 habeo,
624 3865 733 3931 eadem
755 3863 873 3948 placuit
900 3873 933 3931 st
953 3863 986 3930 in
1009 3881 1047 3931 eo
1069 3865 1220 3947 optinere,
