2932 4704
551 318 760 383 ..98-

119 507 215 587 puero
228 510 331 572 autem
347 525 455 574 esrum
468 504 592 573 illorum
607 512 664 583 est,
687 525 819 588 quorum
834 507 972 590 proediis
986 507 1124 574 haerent.
1148 527 1211 590 que
1227 577 1230 588 ,

119 627 246 691 derauso
267 625 395 690 arbores
418 624 450 690 iu
465 624 575 690 iisdem
595 626 672 707 ripis
691 630 784 691 neme
802 624 925 692 illorum
948 635 1023 692 suut
1043 626 1156 706 quibus
1178 633 1211 692 et

86 758 103 806 5.
117 745 173 826 u'ps
191 746 338 826 pertinet:
361 745 482 809 oooedit
507 743 589 808 euim
617 744 683 810 solo
706 745 789 826 quod
810 747 842 812 iu
865 763 902 811 eo
924 753 981 812 est.
1017 745 1045 811 5.
1070 745 1211 810 litorum

116 882 221 946 quoque
248 881 325 928 osus
357 863 500 944 publicus
529 882 585 930 seu
611 865 688 930 iuris
717 865 854 945 gentium
882 870 930 930 est
957 866 1037 930 sicut
1060 870 1091 930 et
1113 865 1211 948 ipsius

114 985 206 1048 meris:
227 990 258 1048 et
281 983 320 1048 ob
346 985 378 1047 id
395 983 586 1066 quibuslibet
600 985 778 1051 uolentibus
792 984 924 1050 loculos
947 985 1041 1050 detur
1062 1001 1151 1050 meos
1168 985 1211 1052 ibi
1245 990 1262 1042 ⁵

113 1104 282 1183 imponendi,
298 1105 329 1168 iu
345 1103 459 1186 quibus
473 1123 508 1170 se
522 1105 660 1186 recipere
681 1105 812 1186 possint,
834 1105 916 1170 siout
931 1110 963 1172 et
978 1105 1059 1170 retis
1072 1103 1211 1170 siccandi

116 1228 140 1286 et
158 1241 191 1286 ex
204 1241 290 1288 mare
306 1222 489 1290 deducendi:
513 1223 607 1289 litora
621 1228 725 1290 autem
740 1224 855 1290 ursslius
870 1223 1047 1306 specialiter
1068 1225 1099 1289 in
1122 1225 1211 1290 bouis

115 1359 171 1406 esse
190 1342 433 1424 intelleguntur;
456 1350 529 1407 suut
551 1344 633 1408 euim
656 1342 793 1408 eiusdem
808 1343 887 1408 iuris
915 1344 1002 1408 ouius
1018 1349 1050 1409 et
1071 1361 1157 1409 more
1178 1350 1212 1407 ot

82 1466 99 1516 6·
113 1479 180 1542 quoe
200 1462 341 1527 subiacet
362 1462 443 1527 mori
464 1467 549 1528 terro
570 1463 621 1527 uel
643 1463 770 1527 herene.
820 1463 849 1525 6.
883 1461 1106 1528 Uniuersitotis
1128 1469 1210 1538 suut,

112 1599 163 1646 uou
182 1580 384 1662 singulorum,
407 1581 507 1645 ueluti
529 1598 610 1661 quae
632 1583 663 1646 iu
686 1581 868 1647 cluiiotibus
894 1586 968 1645 sunt
997 1581 1121 1646 theatro
1149 1585 1264 1647 sto-10

110 1701 154 1765 dio
171 1701 297 1784 publico
318 1699 441 1766 balineo
462 1703 600 1782 porticus
623 1707 656 1766 et
677 1719 757 1783 quoe
783 1699 845 1766 olio
873 1705 947 1765 sunt
976 1699 1149 1765 eommunia
1170 1698 1212 1764 ci·

77 1823 94 1873 l·
107 1818 248 1887 uotum.
284 1822 313 1882 7.
337 1820 460 1886 Nullius
475 1828 550 1886 sunt
570 1838 621 1887 res
643 1839 750 1888 suoroe
772 1826 804 1885 et
826 1818 991 1901 religiosae
1018 1826 1051 1886 et
1071 1825 1211 1887 sunctae:

76 1951 95 2001 e.
109 1943 179 2020 quod
199 1944 281 2008 euim
310 1941 411 2008 diuini
443 1941 520 2006 ioris
549 1946 598 2006 est
623 1941 655 2006 id
682 1939 799 2006 nullius
824 1941 856 2004 iu
878 1939 968 2006 bonis
989 1946 1049 2006 est.
1093 1939 1123 2004 8.
1157 1935 1212 2004 So·

109 2079 154 2126 oro
172 2069 242 2126 suut
263 2079 346 2142 quoe
367 2063 437 2127 iure
465 2061 584 2126 etrite
611 2066 644 2125 et
671 2077 727 2142 per
756 2056 918 2141 pontifices
944 2058 1002 2124 deo
1031 2065 1213 2125 consecrate

108 2186 178 2259 suut,
199 2181 293 2246 sicuti
317 2180 466 2247 ecolesioe
488 2187 519 2246 et
541 2179 678 2246 oratorio
706 2185 739 2246 et
765 2177 916 2260 martyrio
945 2184 978 2243 et
1006 2177 1103 2256 douo,
1132 2193 1263 2257 quaero

107 2301 158 2364 rite
177 2302 214 2365 od
237 2299 449 2365 ministerium
471 2297 523 2364 dei
546 2299 689 2366 dedicata
717 2303 807 2377 suut,
838 2297 935 2364 uduti
962 2298 1100 2380 pretiose
1121 2295 1213 2364 cime-

106 2418 148 2486 liu
189 2421 266 2486 haee
291 2437 371 2484 uero
393 2418 574 2485 consututio
595 2416 727 2498 piissimi
748 2416 897 2499 principis
919 2416 1018 2482 nostri
1032 2414 1165 2481 alienari
1181 2420 1212 2479 et

106 2539 223 2622 oilguri
257 2539 432 2621 prohibuit,
466 2543 596 2622 excepte
623 2556 718 2607 muse
753 2537 975 2622 redemptionis
1004 2536 1211 2620 captiuorum.

103 2676 164 2724 uum
184 2661 210 2726 si
232 2661 398 2741 contingat
419 2659 570 2740 quosdam
591 2676 611 2723 e
632 2658 775 2724 tuberis
796 2657 882 2740 oapi,
912 2675 1082 2742 eorumque
1103 2653 1212 2724 ouiu-

103 2777 138 2843 tis
157 2771 386 2846 morfissmoni
416 2779 578 2845 ecclesium
600 2778 733 2859 pecume
759 2795 881 2855 eutero,
906 2775 1033 2844 licentio
1060 2771 1213 2842 tribuitur
1229 2781 1264 2834 eo

101 2896 178 2962 urbis
199 2899 348 2981 episcopo
372 2915 428 2963 seu
449 2913 617 2964 oeconomo
639 2895 779 2978 pretioso
800 2911 877 2962 uase
890 2893 1048 2962 uendendi
1066 2893 1120 2960 uel
1135 2891 1213 2960 obli·
