2920 4750
605 402 844 464 -466-

167 573 284 639 debere
312 580 343 638 et
370 569 541 657 promisisti
574 593 613 638 cn
644 574 734 656 dare,
766 595 846 655 quae
878 575 994 640 debere
1024 574 1280 656 existimaueras;

168 700 312 779 quamuis
336 699 497 781 stipulatio
521 718 609 762 suam
634 699 697 763 uim
721 699 867 764 habuerit
886 709 916 765 et
935 701 1041 764 uerbis
1058 699 1281 780 obligationem

168 824 328 907 pepererit
355 829 386 888 et
415 823 586 904 actionem,
613 844 694 905 quae
718 817 790 888 inde
815 825 967 906 nascitur,
998 825 1078 889 adeo
1103 830 1136 889 ut
1160 825 1282 888 actione

167 968 208 1012 ex
240 949 391 1032 stipulatu
419 954 473 1012 aut
500 948 696 1013 condictione
722 955 823 1013 tecum
851 950 988 1033 experiri
1016 949 1150 1033 possim;
1178 956 1283 1013 tamen

168 1096 239 1139 cum
262 1075 432 1138 absurdum
456 1074 496 1139 sit
520 1095 539 1138 a
563 1080 607 1155 te,
636 1075 689 1156 qui
716 1073 793 1138 nihil
821 1075 956 1156 debeas,
985 1075 1050 1158 peti
1074 1073 1184 1155 licere,
1212 1073 1283 1138 ideo
1321 1087 1337 1140 5

168 1201 245 1264 mihi
268 1220 308 1264 ex
336 1200 485 1283 stipulatu
514 1200 621 1282 agenti
650 1200 865 1284 exceptionem
895 1219 1050 1284 oppones,
1080 1199 1201 1264 dicens:
1232 1200 1283 1263 »si

168 1331 287 1389 metus
312 1345 426 1389 causa
449 1344 520 1389 non
544 1325 719 1410 promisi«
740 1331 794 1389 aut
811 1325 861 1388 »si
884 1345 956 1389 non
978 1345 1045 1408 per
1068 1325 1189 1388 dolum
1214 1325 1284 1388 tibi

168 1470 255 1514 reus
278 1450 405 1514 factus
434 1469 529 1513 sum«
554 1457 608 1514 aut
633 1449 674 1513 ‘si
702 1470 773 1514 non
799 1469 867 1533 per
897 1469 1061 1514 errorem
1091 1449 1162 1513 tibi
1194 1449 1284 1514 dare

168 1573 379 1658 spopondi’.
440 1573 523 1638 actio
561 1574 667 1655 itaque
704 1575 773 1639 iure
808 1576 1019 1658 competebat3
1055 1581 1104 1639 set
1137 1575 1211 1656 quia
1246 1595 1284 1639 ex

169 1700 307 1764 naturali
330 1699 397 1763 iure
425 1699 565 1780 iniquum
589 1705 658 1764 erat
680 1699 766 1763 illam
791 1701 913 1778 ualere,
940 1700 1084 1783 exceptio
1108 1699 1285 1764 introducta
1305 1709 1339 1762 10

169 1832 230 1906 est,
254 1845 310 1908 per
326 1845 419 1906 quam
435 1830 466 1889 te
483 1831 546 1889 met
561 1825 663 1908 ipsum
680 1824 875 1890 defenderes.
909 1826 988 1890 haec
1010 1826 1153 1909 exceptio
1171 1827 1285 1890 erroris

169 1971 270 2015 cause
293 1949 368 2013 data
391 1949 429 2014 in
452 1951 594 2014 factum
619 1949 740 2030 dicitur,
766 1969 803 2014 eo
821 1950 904 2031 quod
920 1969 977 2034 per
992 1950 1092 2034 ipsam
1108 1952 1156 2016 rei
1178 1972 1285 2015 narra-

129 2087 156 2139 2.
168 2076 289 2140 tionem
312 2095 383 2138 eam
406 2094 478 2138 reus
503 2075 641 2157 opponit.
688 2078 716 2142 2.
740 2075 892 2158 Exceptio
920 2076 953 2141 in
976 2077 1030 2141 illo
1059 2097 1182 2158 quoque
1209 2097 1286 2141 casu

170 2200 348 2285 opponitur.
394 2199 511 2282 petiisti
545 2221 566 2264 a
600 2220 649 2264 me
683 2207 717 2265 ut
745 2200 769 2264 O
798 2221 910 2265 aureos
944 2201 1002 2266 tibi
1036 2201 1203 2266 crederem.
1252 2201 1285 2264 id

169 2327 279 2390 facere
317 2325 455 2409 promisi.
516 2325 637 2388 interim
677 2346 747 2389 cnm
784 2331 817 2389 tu
855 2333 950 2390 antea
984 2327 1161 2390 cautionem
1200 2326 1285 2389 exhi·
1306 2335 1338 2388 15

170 2449 307 2532 buisses,
331 2469 405 2531 ego,
429 2469 469 2513 ea
492 2455 635 2532 recepta,
660 2450 790 2532 promisi
813 2469 862 2513 me
885 2450 943 2513 tibi
966 2455 1079 2532 postea
1101 2450 1284 2532 soluturum,

167 2594 275 2657 neque
309 2579 415 2640 tamen
449 2573 482 2638 id
514 2573 586 2638 feci.
631 2579 773 2656 tempore
801 2582 913 2657 postea
941 2574 1065 2657 elapso,
1094 2575 1197 2638 sciens
1225 2595 1285 2657 ego

168 2699 406 2783 stipulationem
446 2718 534 2764 sunm
571 2699 633 2763 uim
665 2699 797 2780 habere,
830 2699 995 2784 pecuniam
1030 2720 1051 2764 a
1080 2707 1111 2765 te
1144 2700 1285 2780 condico,

167 2825 294 2889 scilicet
316 2843 356 2888 ex
379 2825 582 2908 stipulatione
606 2830 732 2908 propter
755 2825 894 2890 strictam
917 2825 993 2890 iuris
1020 2825 1183 2890 rationem.
1238 2831 1288 2888 set

166 2949 249 3030 quia
277 2947 418 3030 iniquum
452 2954 500 3013 est
530 2955 562 3013 te
597 2949 814 3025 condemnari,
848 2950 983 3033 pecunia
1016 2969 1079 3015 non
1113 2955 1286 3030 numerata,
1306 2956 1342 3008 20

166 3078 328 3156 competet
355 3073 413 3137 tibi
437 3072 579 3157 exceptio
602 3083 685 3138 ‘non
713 3082 930 3139 numeratae
958 3074 1164 3158 pecuniae,
1194 3093 1286 3154 quam

163 3197 343 3282 prudentes
368 3205 491 3264 uocant.
537 3207 585 3262 set
610 3199 684 3262 olim
712 3219 811 3280 usque
841 3198 882 3262 ad
910 3199 1153 3282 quinquennium
1182 3179 1286 3260 liuius·

164 3321 258 3386 modi
294 3323 438 3406 exceptio
467 3323 583 3406 opponi
611 3327 748 3406 poterat3
777 3323 870 3387 hodie
900 3328 1020 3404 autem,
1049 3322 1141 3386 sicuti
1168 3322 1201 3385 in
1225 3321 1288 3384 111²
