2898 4712
515 365 748 430 -241-

78 553 120 620 les
132 550 271 621 aeduum
285 550 368 620 idest
379 569 437 638 par
451 549 617 620 factionem
635 551 665 619 ei
680 557 712 619 et
723 551 756 618 ln
767 569 849 630 eum,
860 548 914 634 qui
925 548 1132 618 hereditatem
1143 566 1192 616 re·

79 672 199 758 ceperit,
213 673 303 755 quasi
317 672 409 740 heres
423 677 516 754 esset,
531 671 608 742 ders
622 673 734 754 eoepit,
758 671 841 740 unde
862 670 909 740 ite
924 687 1020 754 agens
1034 669 1192 737 intendet:

83 790 274 868 »sthenes
296 811 429 874 essem,
452 801 530 861 tum
552 795 586 862 si
608 793 710 862 hunc
732 793 826 861 dere
848 789 1130 878 oporteret¹)‹:
1153 809 1193 860 en

48 912 168 998 sigitur
194 913 351 997 quomodo
378 914 502 982 heredis
527 913 595 983 loeo
624 913 786 982 habeatur.
834 915 864 980 5.
898 912 978 980 Cum
1006 913 1053 980 ita
1080 929 1131 980 res
1159 929 1194 979 se

80 1033 242 1116 haherent,
263 1033 338 1117 quie
360 1034 468 1120 scripti
498 1035 631 1104 heredes
660 1035 845 1122 plerumque
872 1033 937 1103 lere
964 1033 1193 1118 regalitatem
1227 1028 1247 1081 ⁵

80 1154 279 1224 hereditatem
301 1156 478 1237 restituere,
500 1159 542 1225 ob
564 1157 683 1225 nullum
705 1163 762 1225 aut
783 1161 869 1224 certe
890 1154 1051 1222 minimum
1072 1154 1194 1222 lucrum

81 1274 160 1344 edire
180 1278 380 1354 recusabant,
402 1277 657 1361 hereditatasque
678 1276 889 1362 repudiabant
910 1281 1006 1360 etque
1028 1276 1069 1346 oh
1089 1275 1123 1342 id
1145 1294 1195 1344 ex·

81 1395 301 1480 tinguebantur
332 1395 588 1478 fideicommissa,
626 1403 738 1485 postea
771 1395 955 1493 Vespasiani
991 1396 1194 1482 temporibus,

82 1518 195 1603 Pegaso
223 1525 257 1588 et
278 1516 413 1587 Pusione
439 1517 632 1600 oonsulibus,
659 1519 964 1590 senatusconsultum
991 1519 1195 1604 pegasianum

82 1638 189 1708 Mum
213 1645 272 1722 est,
294 1659 357 1726 quo
378 1646 505 1709 cautum
527 1646 576 1710 est
598 1640 701 1723 utel,
728 1643 780 1726 qui
811 1648 941 1728 rogetus
963 1647 1047 1710 esset
1075 1639 1196 1709 heredi
1216 1637 1249 1692 ¹⁰

82 1765 171 1828 tutem
195 1759 249 1828 alii
270 1759 449 1844 restituere,
471 1761 601 1844 perinde
622 1767 768 1848 quartam
790 1767 912 1846 pentem
926 1761 1062 1830 rothero
1076 1757 1196 1841 liceret

82 1885 171 1964 etque
192 1879 263 1965 lege
283 1880 422 1950 Falcidia
449 1901 487 1950 ex
515 1883 627 1966 legatis
656 1883 862 1967 quadrantem
892 1884 1027 1952 retinere
1054 1879 1198 1952 macedi-

84 2006 139 2068 tur.
194 2020 297 2086 neque
332 2008 454 2070 tentum
487 2021 525 2070 ex
561 2001 857 2072 fideicommissariis
889 2003 1116 2072 hereditatibus
1148 2008 1198 2071 set

85 2121 171 2188 etiem
194 2140 233 2188 ex
254 2121 385 2204 singulis
407 2122 502 2191 rebus
524 2141 581 2208 per
601 2120 873 2190 fideicommissum
900 2121 1018 2192 relictis
1044 2121 1198 2192 eiusmodi

85 2241 212 2308 mendo
243 2259 390 2310 concessa
416 2248 474 2310 est
523 2242 607 2326 quod
640 2241 723 2310 enim
749 2244 782 2310 ln
810 2243 982 2312 immodicis
1008 2243 1121 2328 legetis
1147 2244 1199 2311 lex
1218 2246 1250 2300 1⁶

86 2359 216 2429 Falcidia
237 2365 296 2442 est,
317 2360 351 2428 id
372 2362 404 2429 in
426 2362 599 2431 immodicis
620 2362 864 2432 fideicommissis
886 2371 935 2432 est
949 2363 1199 2433 senatusconsul-

87 2486 147 2548 tum
167 2481 379 2566 pegasianum.
423 2490 495 2569 post
515 2485 600 2569 quod
621 2485 926 2556 senatusconsultum
955 2486 1046 2554 heres
1076 2493 1198 2555 tentum

87 2617 176 2668 onere
195 2601 387 2686 sustinebat,
410 2623 471 2674 uon
494 2605 590 2673 ctiam
618 2607 674 2690 qui
699 2605 906 2676 hereditatem
934 2613 1105 2692 receperat
1150 2613 1200 2676 set

89 2719 197 2804 pande
222 2722 370 2808 deinceps
398 2725 481 2794 huuc
510 2725 655 2812 legatuii
680 2727 823 2812 partierit
855 2727 923 2796 loeo
955 2728 1074 2798 hahart
1130 2733 1201 2796 eret

90 2841 164 2909 cuim
183 2843 243 2912 hoc
263 2844 437 2932 antiquitus
458 2846 602 2930 quintum
624 2845 802 2930 legatorum
820 2865 929 2932 genus,
951 2849 1035 2934 quod
1057 2853 1090 2917 st
1111 2866 1199 2934 per·
1216 2854 1254 2910 eo

90 2961 177 3032 tltio
198 2963 365 3034 dicebatur
384 2973 480 3052 etque
506 2965 556 3034 ite
582 2966 718 3055 relinqui
744 2967 880 3038 solebat:
910 2968 1062 3037 »Titius
1084 2968 1201 3038 heres

91 3088 169 3153 esto
187 3085 420 3170 partitoque
441 3085 712 3159 hereditatem
734 3107 853 3159 meam
875 3087 1066 3160 cnmSeio
1086 3095 1202 3176 parte

94 3237 286 3256 ¹¹——

153 3324 412 3398 hallei-484.
