2936 4704
674 301 904 366 -164-

231 488 321 568 βειαν
345 485 478 571 ὀφείλειν
502 488 762 570 παραφυλάττειν,
785 489 847 568 ίίρα
870 485 904 549 τὸ
928 483 1075 550 ἐντεῦθεν
1099 484 1250 571 ζητηύὲν,
1277 487 1353 570 ὅπερ

229 589 353 677 μετέχει
361 592 386 670 ¹)
421 592 615 675 στρατιώτου
644 592 694 652 καὶ
722 588 867 656 υείτύυυ.
923 589 1117 672 στρατιώτης
1149 586 1182 650 ἐν
1212 588 1355 671 κάπροις

232 691 347 771 διάγων
370 690 447 756 καθ’
470 689 693 777 δν“ἠβουληδη
716 690 839 754 διέδετο
869 692 999 773 τρόπον,
1030 688 1149 776 ἀφείδη
1179 694 1234 774 τῆς
1263 713 1355 775 στρα-

231 794 315 868 τείας
335 792 416 875 καὶί)
440 787 648 880 ἐτελεύτησεν.
695 791 892 876 σκοπῶμενθ)
917 793 943 856 εί
965 791 1015 856 δεῖ
1036 787 1160 874 κρατεῖν
1183 791 1279 855 αὐτοῦ
1302 795 1353 878 τὴν

196 894 388 982 ῆβούλησιν.
433 898 480 959 καλ
503 897 531 958 εί
550 895 608 976 μέν
630 918 675 971 τις
696 896 830 981 ἐξετάση
855 893 909 958 τδν
926 895 1057 982 χρόνον,
1080 895 1114 957 ἐν
1136 893 1164 979 ᾧ
1184 895 1352 978 γέγονενέ),

230 995 421 1080 ἐρρώσδωί)
444 999 493 1060 καὶ
516 999 601 1080 παρὰ
624 997 677 1082 τὴν
699 997 868 1081 ἀκρίβειαν.
914 998 941 1060 εί
970 996 1007 1061 δὲ
1034 1001 1086 1060 τόν
1116 995 1238 1078 καιρὸν,
1271 997 1353 1082 ἐνῷ

230 1100 455 1186 ἐτελεύτησεὸ),
478 1101 533 1186 τὴν
553 1101 611 1183 μὲν
634 1101 801 1186 γενομένην
824 1101 902 1162 κατὰ
924 1101 1083 1184 ἀκρίβειαν
1105 1101 1216 1187 ίσγύειν
1236 1101 1274 1163 ού
1297 1100 1351 1164 δεῖ.
1457 1115 1458 1144 ³

231 1202 260 1262 τί
284 1199 356 1282 ούν;
384 1205 401 1263 ό
425 1203 542 1289 χρόνος
573 1203 674 1283 τέμνει
709 1203 761 1288 τὴν
795 1202 1070 1289 ἀμφισβήτησινί)
1128 1203 1155 1264 εί
1185 1203 1244 1285 μὲν
1278 1203 1351 1267 εἴσω
1457 1201 1458 1206 ’

230 1303 371 1367 ἐνιαυτοῦ
391 1306 471 1386 μετὰ
493 1307 546 1390 τὴν
570 1305 680 1389 ἄφεσιν
702 1304 885 1390 ἐτελεύτησε
913 1301 1005 1390 τυχὸν
1037 1307 1081 1389 τῷ
1111 1305 1235 1390 δεκάτῳ
1264 1306 1282 1391 ἢ
1312 1315 1355 1391 τῷ
1457 1319 1458 1328 ’

182 1422 212 1473 10
230 1405 387 1491 ἐνδεκύτῳ
414 1411 485 1494 μηνί
509 1409 729 1494 στρατιωτικὴν
760 1405 802 1470 ἔτι
830 1407 942 1493 ταύτην
972 1407 1135 1470 ἀποκαλῶν
1164 1406 1198 1470 τὸ
1226 1407 1352 1496 ἰσχυρὸν

230 1508 308 1594 αὐτῇ
330 1509 448 1591 δίδωμι.
495 1511 522 1573 ελ
544 1510 579 1574 δὲ
600 1511 681 1592 μετὰ
704 1512 756 1595 τὴν
780 1509 898 1594 ἄφεσιν,
922 1507 1062 1572 ἐνιαυτοῦ
1080 1509 1351 1595 παραδραμόντος,

228 1611 334 1698 μηκέτι
357 1611 535 1696 ἐρρύσδω·
565 1611 669 1687 ίκανὸς
690 1613 751 1697 γὰρ
775 1611 811 1697 ἦν
834 1613 851 1675 δ
872 1613 990 1696 μεταξύ
1010 1612 1126 1698 χρόνος
1156 1611 1351 1677 ἐκπαιδεῦσαι

230 1710 326 1774 αάτδν
359 1713 413 1797 την
447 1713 635 1796 ὀφείλουσαν
669 1714 967 1798 παραφυλάττεσδαι
1006 1717 1075 1798 περὶ
1111 1715 1168 1789 τὰς
1201 1713 1351 1800 διηδηκας

230 1814 403 1898 ἀκρίβειαν,
432 1815 511 1892 ὥςτε
540 1814 633 1878 αὐτὸν
665 1818 718 1902 την
745 1814 858 1878 ἑαυτοῦ
887 1813 1039 1904 διαόηκην
1067 1817 1239 1901 ἀμείψαντα
1269 1817 1350 1880 οὕτω

123 1959 124 1964 1
181 1923 211 1972 15
230 1915 430 1980 διατίιλεσδαι.
465 1918 491 1980 τί
511 1917 547 1980 δὲ
570 1919 598 1982 εί
620 1917 745 1981 διέδετο
766 1918 824 2002 μέν
849 1940 891 1994 τις
914 1923 1141 2003 στρατιωτικῶς
1163 1917 1349 2006 ε’νεστησατο
1458 1939 1459 1950 ’

230 2019 265 2081 δὲ
287 2020 478 2106 κληρονόμον
501 2019 560 2083 ὑπὸ
584 2021 709 2105 αίρεσιν,
733 2020 914 2108 ἐτελεύτησε
938 2020 974 2081 δὲ
1002 2017 1076 2084 εἴσω
1103 2019 1246 2084 ἐνιαυτοῦ
1272 2023 1350 2105 μετὰ

227 2123 282 2208 την
313 2121 438 2205 ἄφεσιν,
469 2125 487 2210 ίη
518 2121 554 2186 δὲ
583 2126 637 2208 τῆς
666 2123 843 2197 ἐνστάσεως
874 2120 994 2206 αίρεσις
1020 2123 1100 2204 μετὰ
1130 2121 1183 2186 τὀν
1212 2120 1348 2186 ἐνιαυτὸν

228 2223 375 2310 ἐξῆλθεν,
398 2230 562 2306 σκοπῶμεν
584 2225 611 2286 εί
631 2225 762 2305 βλάπτει
785 2227 874 2287 τοῦτο
904 2224 957 2309 τὴν
987 2223 1146 2311 διαόήκην.
1194 2227 1243 2288 καί
1265 2223 1349 2306 λέγο-

226 2349 284 2406 ρεν
307 2326 352 2388 ότι
374 2327 535 2408 οὐδαμῶς·
559 2328 612 2413 τὴν
636 2327 696 2412 γὰρ
721 2327 864 2411 τελευτὴν
894 2325 1081 2408 ἀπαιτοῦμεν
1112 2325 1187 2391 εἴσω
1211 2325 1348 2390 ἐνιαυτοῦ

176 2448 210 2499 20
227 2427 373 2508 γενέσόαι
392 2430 472 2506 μετὰ
494 2431 548 2514 τὴν
570 2429 682 2513 ἄφεσιν
714 2430 750 2492 ού
777 2431 838 2515 μὴν
871 2427 905 2491 τὸ
934 2428 1083 2508 γενέσθαι
1112 2431 1165 2514 τὴν
1194 2427 1348 2493 aditione..

226 2533 256 2595 4.
292 2530 435 2612 Παγανύς
458 2555 501 2608 τις
522 2532 566 2595 δον
590 2531 715 2596 διέδετο
739 2534 824 2615 παρὰ
847 2531 900 2617 τὴν
922 2530 1097 2614 ἀκρίβειαν·
1121 2531 1349 2616 ἐστρατεύσατο
1367 2541 1390 2587 4.
1459 2553 1460 2575 ¹

224 2632 304 2714 μετὰ
326 2636 431 2696 ταῦτα.
476 2635 592 2714 διάγων
616 2635 649 2696 ἐν
676 2637 821 2718 κάστροις
849 2631 1086 2718 ἀποσφραγίσας
1116 2634 1168 2718 την
1198 2633 1351 2720 διαύίγκην

226 2735 293 2798 τινὰ
319 2734 538 2818 προςτέδεικεν
565 2735 584 2821 ί)
610 2737 689 2818 καλε)
719 2737 869 2820 περιεῖλεν
897 2734 916 2820 ἢ
946 2736 994 2797 καί
1020 2735 1116 2816 μόνον
1145 2736 1270 2816 ἀνέγνω
1297 2739 1350 2822 τὴν

226 2837 377 2924 διαδηκην
400 2838 419 2924 ἢ
442 2837 563 2922 ἔπραξέ
587 2861 614 2900 τι
637 2837 745 2922 ἕτερον
767 2838 806 2910 ἐξ
825 2835 861 2900 ού
882 2835 1040 2902 ἐδείκνυτο
1069 2838 1089 2923 ἡ
1115 2841 1170 2902 τοῦ
1200 2841 1350 2922 στρατιώ-

175 2956 208 3006 25
228 2963 281 3002 του
313 2941 463 3027 βούλησις
494 2940 725 3024 βουλομένουί)
756 2941 866 3027 ταύτην
896 2940 1023 3026 ίσχύειν·
1058 2938 1244 3028 ἐτελεύτησε
1271 2947 1350 3024 μετὰ

227 3039 383 3122 mmm)
407 3043 502 3129 ἰσχύει
526 3044 573 3104 καί
596 3043 681 3124 παρὰ
698 3045 751 3128 την
765 3043 924 3123 ἀκρίβειαν
940 3043 958 3128 η
975 3040 1109 3128 διαδηκη
1133 3044 1179 3118 ὡς
1200 3042 1263 3107 ἀπὸ
1287 3067 1350 3106 και-

227 3143 361 3226 νοτέρας
382 3145 476 3210 αὐτοῦ
504 3146 689 3229 βουλήσεως
717 3143 755 3229 ἢν
783 3143 899 3226 διάγων
929 3143 965 3209 έν
995 3148 1058 3218 τοῖς
1084 3147 1232 3230 κάστροις
1261 3145 1349 3233 ἔσχεν

225 3244 275 3312 ε’πί
296 3250 335 3332 τῇ
356 3246 502 3332 διαθήκη.
553 3249 582 3312 5,
618 3246 819 3332 Στρατιώκης
841 3245 958 3328 διάγων
984 3245 1021 3310 ἐν
1050 3252 1196 3332 κόστραις
1223 3249 1349 3312 διέδετο
1369 3269 1394 3316 5.

227 3350 311 3433 παρὰ
332 3351 389 3435 την
411 3348 586 3432 ἀκρίβειαν·
611 3347 727 3434 ὑπέστη
748 3349 828 3430 μετὰ
853 3352 946 3412 ταῦτα
977 3349 1091 3431 eapitis
1113 3349 1348 3416 deminutiona·

175 3449 246 3536 3οἧ
268 3452 329 3535 γὰρ
352 3451 553 3525 αύτεξούσιος
576 3451 620 3514 ὢν
643 3451 783 3515 δέδωκεν
804 3450 919 3515 ἑαυτὸν
942 3452 985 3527 είς
1007 3451 1220 3534 adrogationa
1241 3453 1350 3538 ἢύπε-

226 3553 347 3628 ξούσιος
370 3553 415 3616 ὢν
437 3553 565 3635 γε’γυνεν
587 3554 813 3637 emancipatos
857 3554 1022 3640 ρενέτωη
1051 3553 1185 3642 διαθήκη
1213 3553 1264 3620 έπλ
1290 3559 1351 3640 τῆς

295 3741 316 3803 ι)
333 3739 516 3806 μεταξδστρ.
535 3740 578 3791 καί
596 3740 624 3804 β.
644 3741 702 3794 ἐστι
721 3741 762 3795 vi.
782 3739 813 3794 R.
921 3739 945 3807 ⁹)
963 3741 988 3795 d.
1007 3738 1050 3794 vi.
1068 3739 1118 3794 1²1.
1224 3742 1248 3806 ⁸)
1266 3743 1350 3792 -οῦ·

226 3841 276 3887 μεν
297 3823 337 3878 Vi.
357 3824 404 3878 ΕΙ.
524 3827 547 3893 4)
566 3827 582 3894 κ)
602 3826 716 3896 ’διαδὴκη
734 3825 776 3878 εδ.
799 3826 838 3881 vi.
855 3825 885 3880 R.
1012 3827 1035 3892 ὅ)
1055 3826 1205 3894 ἐρρῶσδαί
1219 3842 1283 3894 φημι
1300 3825 1350 3879 εδ.

226 3907 268 3966 vi.
288 3910 333 3963 R.:
353 3911 452 3961 -σδαι
471 3951 477 3963 .
497 3951 501 3962 .
521 3912 604 3980 φήσει
623 3912 671 3964 Lss.
751 3912 774 3979 6)
793 3911 912 3964 -λεύτα
930 3913 963 3980 ej.
982 3910 1025 3966 R:
1046 3925 1121 3964 mox:
1138 3914 1276 3978 γεγονυῖαν
1293 3907 1350 3964 11⁸.

225 3996 248 4060 ⁷)
267 3996 309 4046 καί
327 3994 370 4050 ad.
388 3994 430 4047 vi.
449 3993 481 4050 R.
555 3996 579 4062 8)
597 3995 622 4050 d.
641 3996 682 4052 vi.
701 3997 734 4052 R.
836 3997 860 4064 9)
878 3998 911 4066 δ)
930 3995 990 4051 add.
1009 3996 1051 4050 Vi.
1070 3994 1111 4062 Β,
1129 3995 1176 4064 qui
1193 3995 1290 4066 δηίῠθδ
1309 3995 1351 4062 θλ·

226 4082 261 4149 10)
278 4083 295 4149 ἡ
313 4082 429 4153 διαθήκη
447 4079 473 4134 h.
493 4080 508 4134 ί.
528 4081 574 4135 11⁶.
