2936 4704
573 335 806 402 -1bb-

126 521 296 606 erpeditns
327 523 493 592 exereitus
541 539 613 590 aum
646 523 729 594 onim
759 523 889 592 dubium
915 527 1000 590 asset
1027 539 1068 590 en
1096 519 1251 602 redirent,

124 640 211 708 beto
231 643 321 725 prins
344 647 547 720 testamento,
574 642 620 707 ita
646 643 678 708 in
704 640 859 725 praelium
885 641 1022 708 eribant
1072 661 1144 710 cnm
1173 642 1251 710 haee

125 761 190 826 duo
211 776 329 843 genera
349 761 381 826 in
403 780 465 828 usu
487 765 602 842 essent,
624 759 722 830 flebat
743 767 781 826 nt
802 759 929 844 qnidam
959 761 1124 828 subitanea
1150 766 1251 828 morte

91 893 94 898 ·
125 879 266 964 perculsi
287 881 428 948 intestati
449 887 657 961 morerentur,
679 898 781 964 neque
803 881 885 948 enim
911 880 1022 947 calatis
1051 879 1184 948 comitiis
1206 888 1251 948 te·

127 1001 206 1068 stari
229 1007 386 1085 poterant,
409 1019 480 1067 eum
495 1001 631 1067 nondum
655 999 807 1066 eiusmodi
822 1001 1017 1068 comitiorum
1033 999 1100 1068 dies
1115 999 1250 1080 adesset,
1284 997 1302 1051 ὅ

128 1140 231 1205 neque
253 1125 427 1203 procinctu,
451 1140 521 1188 enm
544 1121 659 1188 bellum
682 1140 743 1187 non
765 1122 907 1188 instaret.
956 1128 1006 1186 set
1034 1121 1066 1186 in
1093 1119 1176 1188 bona
1197 1139 1252 1186 nn·

126 1240 270 1308 tetndine
292 1241 364 1323 qais
385 1249 623 1321 testamentum,
651 1246 761 1323 utpote
788 1259 854 1308 rem
882 1239 956 1306 mali
978 1239 1099 1320 ominis,
1123 1257 1184 1306 non
1206 1238 1252 1306 ia·

127 1361 187 1428 uile
208 1367 296 1428 esset
316 1360 495 1442 adgressus
538 1366 571 1427 et
592 1359 666 1426 ideo
688 1358 899 1427 introdnotnm
922 1365 971 1426 est
992 1360 1120 1426 tertium
1142 1375 1250 1443 genus,

126 1481 212 1564 qnod
236 1481 355 1547 dietum
377 1489 426 1546 est
446 1499 515 1563 per
536 1497 600 1546 aes
622 1486 660 1545 et
682 1479 840 1564 libram3
869 1478 965 1547 tiebat
986 1481 1068 1546 enim
1089 1499 1147 1562 per
1167 1497 1252 1544 man·

129 1599 328 1682 eipationem.
350 1597 538 1682 mancipatio
560 1605 609 1666 est
629 1599 813 1684 imagineris
834 1597 987 1683 quaedam
1004 1599 1152 1680 uenditis,
1168 1617 1250 1680 qnae
1270 1602 1303 1654 10

128 1737 185 1803 per
205 1718 293 1786 hune
314 1719 440 1785 modum
463 1719 661 1800 procedebat
712 1718 845 1786 aderant
870 1719 1007 1802 quinque
1033 1725 1130 1785 testes
1158 1723 1191 1784 et
1215 1716 1252 1782 li·

129 1839 267 1919 hripens,
290 1839 377 1904 eines
398 1837 518 1904 romani
540 1838 683 1921 puberes,
705 1835 807 1921 iisque
829 1839 1057 1919 praesentibus,
1078 1839 1133 1920 qui
1155 1842 1251 1903 testa·

131 1959 209 2023 toris
237 1975 403 2024 sneemsor
431 1957 557 2024 iuturus
587 1963 670 2036 erat,
702 1957 825 2026 emebat
859 1957 1001 2024 morituri
1035 1958 1119 2024 bona
1152 1957 1252 2024 uerba

130 2078 291 2143 sollemnia
305 2077 475 2159 proterens,
490 2094 571 2157 quae
585 2094 668 2144 nnna
681 2085 825 2158 repetere
838 2094 1067 2158 superuacuum
1079 2083 1128 2143 est
1143 2077 1250 2143 dabat-

132 2195 337 2280 prenomine
358 2195 452 2280 pretii
466 2197 641 2278 imaginarii
657 2215 815 2262 nummum
832 2215 926 2262 unum
950 2197 1076 2262 domino
1098 2196 1250 2262 bonorum
1271 2205 1302 2258 15

133 2322 164 2382 et
184 2317 349 2383 dicebatur
369 2318 422 2398 qni
446 2317 568 2384 emebat
590 2316 762 2384 familiae
784 2321 944 2398 emptor.
989 2315 1102 2382 deinde
1125 2317 1253 2382 moritu·

133 2453 185 2502 rus
205 2437 395 2520 disponebat
416 2435 492 2520 quid
514 2442 587 2518 post
609 2453 698 2502 suam
720 2441 852 2502 mortem
881 2435 949 2500 dari
971 2442 1144 2517 oporteret,
1171 2435 1252 2501 diee-

136 2556 188 2622 bat
208 2559 293 2622 enim
316 2555 455 2624 familiae
477 2557 623 2638 emptori:
646 2555 718 2622 huie
739 2555 869 2624 fundum
892 2555 961 2624 dari
983 2555 1069 2636 uolo,
1096 2555 1170 2622 buia
1199 2556 1252 2620 do-

38 2689 43 2694 ·
132 2693 221 2754 mnm,
245 2675 322 2744 hnic
343 2693 456 2742 aureos
477 2680 611 2742 eentum.
654 2675 713 2742 boe
734 2682 840 2742 autem
867 2677 1046 2743 testamenti
1072 2693 1187 2759 genere
1207 2675 1253 2740 in·
1382 2681 1392 2692 '

132 2797 285 2874 montotto,
308 2795 372 2861 duo
393 2794 448 2861 ilia
469 2813 587 2877 genera
608 2795 754 2862 estatis
777 2796 956 2862 comitiis
979 2813 1015 2863 ae
1042 2798 1304 2879 procinctum

132 2916 221 2997 longo
245 2919 308 2982 iam
333 2915 444 2983 abbino
466 2923 607 2999 tempore
629 2917 661 2981 in
684 2915 922 2982 desuetudinem
951 2914 1112 2993 abierunt,
1140 2921 1173 2981 et
1193 2914 1252 2981 boe

132 3053 199 3117 per
219 3051 289 3101 aes
312 3040 350 3100 et
371 3033 515 3100 libram
541 3031 681 3117 paullum
710 3039 866 3100 mutatum
890 3041 948 3100 est
1004 3052 1074 3100 enm
1104 3032 1187 3100 enim
1210 3031 1253 3098 ta·

132 3151 234 3219 miliae
258 3161 381 3236 emptor
402 3153 470 3236 ipse
493 3153 637 3220 etheree
660 3160 753 3233 esset
776 3153 838 3220 iam
860 3155 975 3220 certior
1004 3152 1106 3220 faetus
1128 3171 1163 3218 se
1184 3168 1253 3218 sue·

133 3290 287 3338 cessorem
309 3271 375 3338 fore
396 3271 535 3339 familiae
556 3274 681 3339 domino
702 3271 793 3339 facile
814 3272 955 3338 insidiari
970 3277 1103 3354 poterat
1126 3276 1253 3354 propte·

133 3409 187 3455 rea
207 3390 379 3457 seeundum
402 3397 541 3458 ueterem
561 3391 693 3458 sormam
716 3377 874 3458 adbibitn's
896 3400 945 3458 est
964 3390 1099 3458 familiae
1120 3396 1251 3472 emptor,
1268 3405 1303 3458 ab

134 3510 186 3590 qui
217 3528 275 3592 per
295 3511 511 3594 imaginariam
535 3511 747 3578 uenditionem
773 3513 919 3580 morituri
947 3509 1094 3578 familiam
1125 3517 1252 3590 emeret,

136 3635 268 3696 testator
290 3637 395 3698 antem
416 3633 546 3715 propria
565 3651 660 3698 manu
680 3634 712 3698 in
736 3631 852 3700 tabuiis
880 3633 1029 3698 ebertane
1051 3632 1117 3698 eius
1140 3649 1252 3697 nomen

94 3761 117 3812 a.
135 3749 289 3832 signabat
311 3769 403 3833 quem
429 3751 489 3818 sibi
516 3751 663 3819 heredem
690 3752 757 3818 iore
786 3751 892 3822 uellet.
944 3751 974 3816 2.
1008 3751 1063 3818 Set
1091 3749 1252 3834 praedicta
