3092 4702
585 347 796 410 ..72-

132 540 236 613 tatur,
259 535 345 615 quod
367 534 485 601 accidit
504 537 535 600 in
558 534 623 613 his,
650 534 703 615 qui
731 551 801 600 cum
824 533 874 598 sni
895 533 972 599 iuris
1001 532 1134 600 fuissent
1156 539 1255 600 semet

132 654 333 735 adrogandos
355 654 510 722 dederunt
536 659 632 735 atque
658 653 754 719 alieni
779 654 860 720 iuris
887 671 956 720 esse
985 659 1172 736 coeperunt,
1202 653 1253 720 uei

132 781 244 840 contra
265 776 298 840 in
321 793 367 853 eo,
389 775 444 857 qui
467 793 536 840 cum
558 773 652 842 alieni
673 773 751 839 iuria
773 779 866 851 esset,
888 774 937 839 sni
952 772 1030 839 iuris
1044 772 1174 840 effectus
1195 779 1253 840 εει.

132 896 162 958 in
185 893 238 958 his
260 893 344 960 enim
365 895 487 976 patriae
509 894 676 977 potestatis
698 894 914 961 tantummodo
929 895 1062 960 mutatio
1089 892 1173 960 iacta
1194 901 1252 960 est

100 1023 118 1070 t.
132 1015 159 1078 4.
195 1014 247 1078 An
268 1033 380 1080 serum
402 1012 610 1080 manumissus
632 1013 745 1096 capitis
767 1011 1011 1080 deminutionem
1033 1010 1176 1096 patitur?
1202 1031 1253 1078 ne·
1288 1019 1305 1070 ὅ

132 1149 292 1213 quaquam
314 1151 399 1212 sane,
422 1131 496 1216 qnia
518 1131 639 1200 nnllnm
661 1133 749 1215 prius
770 1137 865 1214 caput
879 1132 999 1210 habuit
1022 1139 1071 1198 εει
1085 1151 1168 1198 nnnc
1182 1137 1254 1215 post

133 1251 408 1318 manumissionem
437 1257 533 1335 capnt
562 1253 678 1318 habere
706 1253 808 1332 coepit
829 1258 924 1332 atoue
946 1251 976 1316 in
1000 1251 1067 1317 iure
1088 1269 1253 1334 personam

98 1378 117 1427 ι
133 1388 254 1452 gerere.
294 1371 323 1434 5.
357 1370 478 1449 Quibus
500 1369 686 1453 dignitatem
709 1368 828 1436 ademit
849 1370 1003 1453 princeps,
1026 1369 1136 1452 capitis
1158 1357 1255 1436 danni-

132 1489 297 1555 nntionem
319 1506 381 1553 non
402 1490 575 1571 patiuntur.
600 1496 632 1554 ει
653 1487 724 1555 ideo
747 1495 858 1554 senatu
873 1494 977 1554 motus
997 1505 1059 1554 non
1082 1494 1130 1552 est
1152 1488 1254 1571 capita

96 1613 116 1664 t.
133 1609 325 1673 deminutus.
355 1609 385 1672 6.
407 1607 565 1690 Adgnatio
587 1608 683 1691 igitur
704 1608 816 1690 capitis
838 1607 1050 1674 deminutione
1072 1609 1255 1694 plerumque
1274 1620 1307 1672 lo

132 1729 313 1810 perimitur:
338 1745 394 1792 cnr
416 1732 522 1793 autem
537 1726 673 1793 addatur
698 1727 928 1809 »plerunque«
955 1725 1084 1793 inferius
1103 1745 1254 1810 propone·

133 1865 210 1914 mus
251 1847 396 1930 cognatio
418 1855 524 1913 antem
546 1847 729 1929 plerumque
749 1865 811 1913 non
835 1845 1010 1929 perimitur.
1055 1845 1127 1912 ideo
1149 1853 1253 1914 autam

135 1967 357 2048 aularumque:
383 1965 456 2042 dixi,
479 1965 554 2048 quia
575 1965 704 2030 minima
724 1965 836 2048 capitis
856 1965 1027 2033 deminutio
1042 1966 1254 2032 interueniente

134 2085 330 2166 cognationis
352 2085 421 2149 inra
442 2085 565 2166 integra
587 2092 710 2163 seruat,
737 2085 872 2150 maxima
898 2093 1004 2153 autem
1025 2085 1138 2168 capitis
1159 2085 1253 2152 dami-

134 2205 223 2270 nntio
254 2204 438 2286 contingens
466 2205 679 2287 cognationem
707 2222 832 2286 quoqne
860 2205 972 2271 autent
1029 2223 1100 2271 narn
1129 2204 1157 2271 si
1183 2205 1255 2286 quis
1273 2222 1305 2274 ro

133 2341 246 2389 sernas
274 2341 343 2390 εεεε
371 2323 499 2404 incipiat
525 2342 587 2389 non
617 2323 750 2406 amplius
783 2324 847 2401 his,
883 2321 999 2406 quibus
1028 2330 1121 2391 antea
1149 2323 1254 2404 inerit,

134 2449 287 2526 cognatus
308 2442 389 2520 erit,
412 2448 462 2508 sat
483 2460 584 2524 neque
606 2444 633 2508 si
655 2444 895 2510 manumittatur
916 2445 971 2525 qui
993 2444 1066 2510 oiim
1088 2443 1169 2511 liber
1189 2444 1254 2511 ine

132 2568 193 2642 rut,
216 2567 355 2629 ueterem
378 2561 597 2644 cognationem
619 2561 784 2644 reciperat
829 2568 878 2628 set
905 2563 932 2628 si
955 2562 1088 2630 mediam
1111 2562 1182 2644 quis
1203 2581 1254 2630 oa·

131 2682 209 2764 pitis
237 2681 481 2749 deminutionem
505 2682 637 2764 patitur,
661 2681 759 2748 ueluti
781 2682 810 2747 si
832 2682 991 2765 deportari
1013 2681 1149 2762 iubetur,
1172 2685 1254 2766 pari·

92 2815 116 2868 n.
132 2809 184 2867 ter
213 2803 356 2885 cognatio
385 2801 577 2869 dissoluitur.
632 2805 662 2866 7.
697 2801 775 2869 curn
809 2801 946 2886 pupillus
976 2803 1077 2870 tutela
1104 2803 1251 2886 indigeat
1269 2825 1305 2879 no

130 2923 195 2987 scis
218 2923 371 3005 adgnatos
393 2923 441 2988 ita
461 2923 586 2989 demum
614 2923 740 3002 uocari,
770 2925 797 2990 si
826 2929 914 2990 tutor
942 2927 1132 2990 testamento
1160 2921 1252 2990 dutus

130 3061 195 3109 non
220 3047 312 3108 extet
346 3043 374 3108 si
397 3061 473 3109 nero
494 3041 600 3124 plnres
621 3041 684 3110 sint
706 3043 845 3127 adgnati,
875 3062 936 3110 uon
959 3046 999 3111 ad
1022 3062 1131 3110 omnes
1152 3061 1253 3126 aeque

129 3162 237 3228 tutela
256 3162 406 3243 defertur,
429 3171 479 3230 set
500 3164 539 3228 ad
562 3183 617 3231 eos
638 3171 761 3231 tantum
783 3165 838 3249 qni
852 3165 992 3248 proximo
1012 3164 1112 3248 gruum
1127 3179 1254 3232 censan-

128 3289 195 3347 tur.
240 3286 275 3347 ut
296 3301 367 3348 ecce
389 3289 476 3348 extat
494 3280 602 3362 iratam
623 3290 710 3349 extat
731 3291 764 3349 ει
785 3289 933 3366 patruus:
955 3282 1054 3350 irater
1074 3281 1178 3366 potior
1198 3281 1251 3348 hu·

129 3400 272 3468 bebitur.
314 3408 347 3468 et
368 3402 396 3468 si
417 3402 524 3486 plures
546 3403 685 3470 eiusdem
706 3405 824 3487 medus
846 3405 923 3484 sint,
945 3405 1044 3472 ueluti
1066 3403 1172 3487 plnres
1193 3403 1254 3470 ira·
1269 3423 1304 3474 an

128 3527 199 3587 tras
224 3529 281 3588 aut
300 3522 405 3605 plnres
427 3523 543 3607 patrui,
566 3541 674 3592 omnes
695 3524 787 3592 simul
810 3526 1016 3593 uocabantur.
