2932 4704
705 352 914 416 ..88-

256 561 329 600 στον
351 537 387 601 δέ
409 538 459 602 διὰ
481 538 555 615 τοδς
577 540 688 613 παῖδας
709 537 932 604 excusateliein
959 538 1089 610 ἑαυτοδς
1110 536 1329 620 δυνάμεθα,’
1302 559 1356 600 erre

256 639 433 712 δπεξούσισι
455 640 576 705 elev*
544 663 605 706 ειτε
634 640 856 722 emancipatoi.
906 642 933 704 εί
961 643 1022 723 χείρ
1052 662 1095 714 τις
1124 638 1187 727 ἔχει
1214 665 1232 719 γ
1259 639 1359 714 παῖδας
1443 649 1444 676 ³

256 743 420 825 περιόντας
442 742 476 806 ἐν
497 742 615 830 Ῥώμη,
639 743 713 830 ήέν
733 742 843 829 Ἰταλίᾳ
871 743 923 824 δι)
954 742 973 829 ή
1000 742 1033 806 ἐν
1063 745 1127 816 ταῖς
1156 740 1310 829 ἐπαρχίαις
1336 765 1359 818 ε,

256 844 423 921 ἀκωλύτως
455 847 566 909 ἑαυτὸν
599 846 800 911 excusatefiei
832 845 1001 932 ἐπιτροπῆς
1037 867 1072 908 τε
1111 847 1159 906 καί
1190 843 1360 908 curationos

221 953 335 1031 ιπαρδς
355 949 481 1034 μίμησιν
502 953 565 1011 τῶν
587 951 701 1012 λοιπῶν
731 950 1012 1034 λειτουρχημάτων.
1062 949 1110 1010 καί
1137 947 1198 1028 χὰρ
1229 948 1282 1031 τήν
1308 947 1362 1009 ἐπι-

255 1051 371 1136 τροπήν
395 1052 442 1114 καί
463 1051 629 1116 curationa
651 1055 714 1127 τοῖς
735 1052 899 1137 δημοσίοις
928 1049 1209 1133 συναρισθμείσθαι
1238 1051 1362 1131 λειτουρ-

254 1155 386 1237 γήμασιν
409 1154 613 1240 ὡμολόγηται.
659 1155 745 1219 θετοί
769 1155 876 1229 παῖδες
898 1155 953 1217 οὐκ
979 1151 1144 1238 ἀμελοῦσιν
1174 1153 1219 1228 είς
1246 1170 1364 1215 excusa·

254 1255 351 1336 δίοοα,
376 1258 452 1320 ἀλλὰ
474 1260 593 1341 φυσικοί
613 1258 698 1321 καθὰ
721 1257 839 1344 εἴρηται
861 1258 889 1320 εί
911 1259 960 1319 καί
980 1255 1087 1343 ἔτυχον
1109 1255 1210 1338 ἑτέρῳ
1226 1253 1365 1326 δοθέντες

254 1358 298 1432 είς
320 1357 487 1422 υἱοθεσίαν.
535 1363 567 1422 θί
590 1360 627 1432 ἐξ
649 1359 714 1424 υίοῦ
738 1359 856 1442 ἔκγονοι
885 1359 1089 1446 ἀμελήσουσι,
1120 1355 1174 1420 τοῦ
1203 1356 1304 1439 μέσον
1325 1378 1365 1418 τε-

206 1479 237 1530 ιο
253 1462 458 1547 λευτήσαντος
481 1462 667 1545 προσώπου·
691 1461 923 1548 όπεισέρχονται
945 1461 1005 1542 χὰρ
1029 1459 1082 1545 τήν
1103 1463 1159 1522 τοῦ
1181 1461 1302 1536 πατρὸς
1321 1460 1367 1519 τά·
1444 1448 1445 1536 )

255 1565 310 1640 ξιν,
333 1565 361 1625 οί
384 1563 415 1625 δ’
438 1563 473 1626 ἐκ
494 1563 650 1650 θυχατρδς
673 1564 709 1628 ού
733 1564 920 1651 παρέχουσιν
946 1560 1161 1628 excusationa.
1194 1560 1306 1636 παῖδες
1325 1558 1366 1636 δὲ,

255 1667 300 1741 ως
321 1663 416 1743 είπον,
437 1666 527 1746 μόνοι
549 1667 664 1742 ζῶντες
685 1669 781 1750 ὄφελ’
767 1689 903 1750 ησουσιν,
929 1665 965 1730 οδ
986 1669 1048 1752 μήν
1032 1661 1368 1750 ντελευτήσαντες·’
1347 1683 1368 1722 ει
1444 1677 1445 1736 )

255 1767 291 1830 δὲ
313 1766 346 1830 ἐν
370 1768 493 1852 πολέμῳ
514 1771 751 1856 τελευτήσωσιν,
774 1769 911 1856 ἐζητήθη
935 1769 965 1832 εί
990 1763 1164 1852 δφελοῦσιν.
1209 1789 1259 1828 και
1281 1763 1368 1851 ήρεσε
1444 1743 1445 1832 )

257 1871 384 1947 τούτους
404 1871 520 1955 μόνους
541 1873 685 1959 παρέχειν
702 1875 778 1991 ήμίν
801 1870 1015 1944 excusationa,
1038 1869 1067 1932 οι
1089 1871 1122 1930 ἐν
1145 1892 1181 1954 τη
1168 1865 1369 1952 παρατάξει
1444 1836 1445 1948 )

207 1976 238 2026 15
257 1976 305 2036 κοί
326 1973 359 2036 ἐν
382 1972 459 2059 αὐτῇ
482 1975 659 2038 πεπτώκασι
682 1977 718 2060 τῇ
747 1975 915 2059 συμπλοκῇ.
960 1971 1069 2058 ἐπειδὴ
1097 1972 1159 2053 χάρ
1188 1968 1306 2033 ούτοιι
1299 1967 1368 2047 ὑπὲρ
1444 1949 1445 2018 δ

256 2079 312 2163 τῆς
334 2075 486 2149 πολιτείας
508 2075 684 2163 τεθνήκασι,
707 2075 828 2141 δοκοῦσι
852 2076 903 2139 διὰ
925 2079 978 2161 τής
993 2075 1027 2138 ἐκ
1042 2079 1104 2136 τάιν
1119 2072 1221 2155 ἐρχων
1239 2069 1370 2141 εὐκλείας
1444 2061 1445 2076 ἶ

256 2179 304 2241 ἀεί
327 2181 482 2262 περιεῖναι.
531 2182 558 2242 1.
594 2179 653 2243 Καὶ
673 2177 798 2243 Μύεοοε
820 2179 855 2240 δὲ
878 2183 895 2240 ό
922 2177 1072 2260 βασιλεὺς
1100 2174 1134 2238 ἐν
1163 2179 1231 2250 ταῖς
1262 2173 1369 2256 ἐξαμη-
1385 2199 1400 2246 1¹

257 2280 395 2361 νιαίαις’)
426 2279 519 2345 abror]
553 2282 728 2354 διοτάξεσιν
758 2281 902 2346 ἐκέλευσε
936 2283 990 2344 τδν
1018 2276 1174 2360 fiscffliffl)
1202 2277 1370 2342 διοικοῦντα

257 2384 433 2465 πράγματα,
457 2383 513 2467 ἐφ’
538 2385 610 2448 όσον
632 2387 688 2470 τής
710 2384 852 2468 τοιαύτης
874 2384 1036 2471 ἀντέχεται
1051 2381 1243 2466 διοικήσεως,
1269 2381 1370 2462 παραί-

206 2499 241 2551 νθ
258 2508 342 2570 τησιν
372 2483 465 2548 αύτδν
492 2483 571 2574 ἔχειν
599 2484 779 2550 σαταίίοαὸε
803 2507 835 2550 τε
865 2488 914 2549 καί
944 2489 1121 2571 ἐπιτροπῆς.
1170 2485 1219 2545 καί
1252 2483 1270 2544 ό
1299 2483 1371 2562 λοχι-

258 2589 335 2670 σμδς
357 2587 413 2671 δῆλ
415 2609 458 2661 ος.
493 2589 610 2673 ἀνάγκη
632 2589 693 2671 γὰρ
714 2587 734 2674 ή
757 2588 983 2708 συντρέχοντας
1005 2586 1120 2670 ἡμᾶς)
1144 2609 1190 2670 τῳ
1173 2585 1279 2668 νέῳ
1300 2583 1371 2665 βλά-

257 2688 312 2770 ήαι
335 2690 386 2749 τδν
408 2688 507 2753 fiscon
530 2689 549 2775 ή
570 2693 605 2753 τδ
634 2691 762 2776 ἀζήμιον
793 2691 838 2774 τῷ
867 2689 954 2768 ίίευῳ
983 2708 1219 2774 περιποιουντας
1250 2685 1289 2749 τὰ
1316 2689 1372 2747 τῶν

260 2791 337 2852 νέων
359 2790 530 2857 ἐλαττῶσαι
551 2792 661 2861 δίκαια
706 2795 735 2857 2.
770 2792 826 2855 Και
848 2794 876 2854 οί
897 2789 1093 2872 reipublicae
1122 2791 1257 2871 causa⁵)
1287 2779 1446 2860 ἀπόνα

258 2914 311 2967 τες
334 2895 591 2961 exeusatofiontai
619 2895 822 3022 κηδεμονίας,
852 2895 888 2958 ου
915 2895 1011 2978 μόνον
1041 2893 1194 2978 ἐσομένης
1222 2891 1303 2954 ἀλλὰ
1331 2891 1374 2952 καί

208 3002 241 3053 25
260 2993 501 3082 όπυκειμένηςί),
524 2999 617 3060 καίτοι
637 2994 710 3078 μετ’
736 2995 853 3080 ἔρμιξιν
882 2996 949 3083 ήτοι
976 2997 1056 3079 μετὰ
1086 2999 1119 3058 τὸ
1147 2991 1297 3077 ἅψασθαι
1323 2995 1374 3078 τῆς

259 3098 442 3182 διοικήσεως
463 3100 499 3161 ού
523 3100 687 3184 παρέχεται
708 3099 909 3164 excusatiwn.
944 3100 961 3160 ό
985 3098 1020 3161 δ’
1044 3099 1205 3182 ἁψάμενος
1227 3100 1286 3182 τῆς
1308 3097 1374 3158 δια·

260 3201 381 3285 κήσεως
412 3203 462 3263 καὶ
497 3200 529 3263 ἐν
564 3203 609 3286 τῷ
634 3203 752 3286 μεταξύ
780 3199 978 3284 reipublicae
1006 3199 1135 3282 θεαταί)
1167 3195 1374 3284 ἀποδημήσας

255 3306 369 3388 χρῆται
389 3303 447 3386 μὲν
473 3304 683 3382 excusationi,
711 3304 802 3390 μέχρι
834 3303 870 3367 δὲ
905 3303 1056 3368 τοσούτου
1086 3302 1233 3390 χωρίζειν
1268 3299 1375 3362 ἑαυτὸν

261 3403 429 3479 ἀκινδύνως
451 3405 578 3469 δύναται
600 3411 653 3492 τῆς
675 3406 865 3492 διοικήσεως,
889 3405 951 3481 ἕως
974 3403 1011 3468 ού
1041 3403 1152 3468 ἄπεστι
1180 3399 1376 3486 reipublicae

211 3531 246 3584 ³0
262 3523 366 3569 eausa.
412 3506 518 3589 ἀμέλει
539 3509 587 3570 καί
609 3511 774 3589 κουράτωρ
802 3509 835 3571 ἐν
858 3511 904 3593 τῷ
931 3508 1049 3592 μεταξὺ
1080 3506 1238 3588 δέδοταιῧ)
1262 3506 1308 3580 είς
1326 3504 1375 3566 τά·

330 3782 353 3845 ¹)
371 3782 388 3850 ἢ
406 3797 482 3834 τισσ.
502 3781 531 3830 ἐν
547 3775 590 3833 Ἰτ.
608 3777 650 3832 vi.
662 3777 694 3833 R.
747 3780 771 3845 ²)
790 3779 890 3839 -νίαις
907 3777 948 3832 vi.
963 3777 995 3834 R.
1057 3779 1081 3844 8)
1098 3777 1193 3846 scripsi
1211 3793 1247 3831 ex
1264 3777 1314 3832 L1.
1332 3775 1375 3829 11².

263 3863 343 3933 ήχουν
362 3864 475 3932 δημόσια
491 3863 553 3918 εδδ.
571 3863 603 3917 Β.
708 3867 732 3930 ⁴)
749 3864 819 3932 ἡμᾶς
836 3865 853 3932 ἢ
872 3881 949 3918 συντ.
968 3862 1001 3916 R
1103 3865 1126 3928 ⁵)
1144 3863 1190 3914 διὰ
1207 3863 1374 3930 πραγμάτων

264 3950 401 4015 δημοσίων
418 3949 505 4001 αἰτίαν
525 3949 553 4002 Ρ.
571 3947 631 4016 ἤτοι
649 3948 739 4017 ἐνοχοι
756 3946 800 4019 τη
811 3949 925 4018 δημοσίᾳ
945 3948 1017 4020 αἰτίᾳ
1034 3948 1084 4001 11².
1222 3950 1246 4012 6)
1265 3949 1333 4000 ἐπιι.
1350 3945 1377 4000 P.

264 4035 296 4089 R.
431 4037 453 4101 ⁷)
470 4034 554 4104 ήχσυν
569 4034 652 4104 χάριν
670 4033 800 4101 δημοσίου
818 4035 983 4102 πράγματος
1000 4033 1033 4088 R.
1170 4035 1195 4101 8)
1213 4033 1245 4086 εδ
1263 4037 1304 4102 τῷ
1320 4047 1375 4094 μετ.

264 4120 312 4172 δίδ.
331 4119 363 4174 R.
