3092 4702
597 349 809 412 ..57-

147 551 213 600 mm
235 535 264 600 ei
286 531 575 602 fideicommissum
600 543 700 612 emet,
726 553 764 600 eu
792 533 928 616 pupillus
949 541 1035 600 esset
1063 533 1154 600 iterun
1180 533 1270 600 insti·

147 659 241 731 tutus,
264 669 327 718 nun
349 659 459 735 pueeet
478 671 605 720 seruum
628 659 766 720 tutorem
788 651 849 720 eibi
871 653 1015 720 relietum
1038 653 1274 733 manumittere,

147 769 225 837 noeti
249 770 334 836 euim
355 771 426 853 iege
448 772 536 838 Aeliu
558 771 667 839 Sentie
688 777 816 839 tautum
839 789 918 850 esee,
941 789 981 838 ne
1002 773 1073 854 quie
1088 771 1189 837 minor
1210 769 1270 836 XX

147 891 233 956 mnis
255 909 386 956 neruum
410 909 501 984 suum
523 891 739 970 manumittat,
769 893 829 957 nisi
855 893 887 958 in
909 891 1037 959 eonsiiio
1063 892 1148 958 iustu
1173 909 1270 958 eeuee

146 1011 287 1090 probate.
321 1015 371 1077 eet
393 1011 455 1077 enit
475 1009 529 1091 qui
551 1011 636 1078 dicet
656 1010 737 1077 hene
759 1029 884 1094 quoque
903 1011 1017 1078 iustam
1038 1029 1166 1078 causum
1188 1029 1269 1076 esee.
1303 1009 1321 1061 ⁵

147 1137 190 1195 tet
209 1131 316 1212 primu
337 1130 419 1197 hunc
440 1147 566 1196 neutum
588 1130 701 1196 ceteris
728 1147 791 1196 uon
812 1131 1120 1208 connumereuimns,
1144 1149 1215 1197 cum
1237 1131 1270 1196 iu

148 1249 361 1331 superioribus
382 1251 482 1316 iustus
504 1267 618 1316 eeusue
640 1250 872 1329 recensuimus,
900 1255 933 1316 et
962 1255 1000 1314 ut
1021 1248 1201 1331 specialiter
1221 1267 1270 1316 ru·

146 1369 206 1436 lutn
239 1367 351 1446 tuerit,
384 1387 464 1451 opus
493 1367 576 1434 iuret
608 1375 713 1436 temen
745 1369 861 1436 tuturis
893 1385 1058 1437 eonseneu.
1112 1366 1270 1448 quomode

146 1496 249 1554 autem
277 1487 454 1554 consentire
483 1487 600 1568 poterit
625 1488 679 1567 qui
707 1491 796 1554 tutor
816 1488 954 1554 noudum
977 1489 1019 1554 eit
1040 1495 1090 1555 eet
1110 1489 1143 1552 iu
1170 1485 1271 1552 serm·

146 1615 210 1674 tute
234 1605 351 1690 deget?
378 1606 407 1671 ei
428 1625 505 1672 uero
526 1611 661 1672 testetur
682 1625 754 1672 cum
776 1622 904 1673 seruum
925 1624 1017 1672 suum
1039 1605 1173 1672 liberum
1199 1609 1322 1670 esseio

147 1727 297 1804 erederet,
320 1731 357 1792 ut
378 1723 511 1793 liberum
533 1733 670 1792 tutorem
692 1725 824 1802 dederit,
847 1744 908 1791 nou
938 1742 1038 1806 aeque
1068 1724 1200 1790 dicimus
1222 1730 1270 1790 tt·

148 1845 205 1912 tite
226 1845 258 1912 ei
281 1845 460 1912 libertatem
482 1852 668 1928 competere
705 1845 738 1912 in
759 1847 902 1934 proximu
923 1845 1006 1912 euim
1029 1843 1134 1928 speeie
1156 1861 1194 1908 ex
1216 1842 1268 1910 de·

147 1962 241 2029 iuneti
276 1962 439 2030 uoluntate
471 1982 540 2032 eam
572 1965 601 2031 ei
633 1963 818 2042 tribuimus,
846 1965 880 2029 iu
908 1963 1068 2048 praesenti
1096 1969 1201 2030 nutem
1229 1979 1270 2028 ne

148 2081 298 2148 eiusmodi
328 2083 454 2164 quidem
482 2081 632 2150 uoluntas
657 2083 794 2150 defuncti
824 2082 1017 2165 deprehendi
1046 2088 1160 2166 potest.
1193 2097 1270 2162 quo·

148 2201 235 2267 modu
263 2199 347 2267 enim
376 2201 403 2266 ei
432 2221 503 2268 eum
532 2202 666 2268 liberum
696 2220 766 2267 esee
797 2199 980 2284 putauerit?
1014 2199 1131 2266 Seruus
1164 2205 1269 2264 nutem
1289 2213 1321 2263 tu

148 2320 266 2386 eiienue
287 2320 321 2385 iu
344 2327 532 2388 testamento
555 2340 633 2403 pure
655 2321 810 2388 inutiliter
832 2328 919 2388 tutor
941 2320 1045 2386 detur.
1098 2319 1142 2385 uie
1164 2327 1269 2384 temen

148 2437 232 2505 lieet:
253 2439 379 2506 Tutor
400 2439 474 2506 iile
496 2449 586 2508 ento
607 2442 723 2508 huius
746 2460 902 2520 seruus,
932 2457 1017 2507 tum
1047 2439 1151 2504 liber
1179 2437 1268 2503 erit

149 2563 287 2624 metrum
308 2564 415 2624 eutem
437 2577 565 2626 seruum
586 2559 739 2626 inutiliter
760 2560 819 2626 sub
841 2557 995 2626 eiusmodi
1016 2558 1198 2625 condicione
1220 2563 1270 2621 tu·

147 2683 246 2740 turem
266 2676 379 2741 duum
400 2676 450 2742 hin
472 2676 592 2744 uerbis:
624 2684 736 2744 tutor
764 2685 854 2742 estu
882 2694 1023 2744 seruus
1050 2693 1158 2741 meus
1185 2691 1269 2740 eum

147 2791 250 2858 liber
269 2796 358 2860 erit.
402 2804 435 2860 et
456 2797 538 2861 ratio
561 2793 727 2862 manifeste
748 2803 806 2862 eut
849 2814 922 2862 nem
944 2797 1027 2877 quod
1056 2793 1090 2859 in
1111 2799 1269 2876 nomento
1286 2799 1322 2851 ιο

108 2913 131 2965 t.
147 2917 256 2976 nostre
276 2920 324 2978 eet
344 2916 378 2978 iu
400 2913 612 2981 condicionem
635 2915 718 2980 iente
738 2933 801 2980 nun
823 2922 958 2998 oportet.
1002 2915 1031 2977 2.
1062 2913 1095 2978 Si
1116 2910 1270 2978 iunioeum

145 3036 203 3095 eut
224 3033 372 3098 minorem
388 3031 477 3098 XXV
498 3034 589 3098 unuin
610 3041 747 3130 tutorem
769 3033 1005 3099 intentamente
1020 3031 1171 3109 dederim,
1193 3029 1270 3096 fient

146 3157 278 3229 tuturee,
297 3151 380 3220 niter
400 3170 472 3222 uum
495 3170 621 3234 dompne
644 3153 759 3218 mentis
780 3152 863 3220 ulter
888 3169 959 3218 eum
983 3152 1083 3234 maior
1105 3149 1194 3216 XXV
1215 3167 1268 3214 uu·
