2936 4704
518 349 752 416 -135—

93 539 146 622 api
165 555 230 604 non
253 557 362 620 posse;
385 537 543 604 interdum
565 545 669 603 tamen
691 533 932 615 usucapiuntur,
954 532 1053 602 ueluti
1076 535 1198 618 siquae
1447 604 1448 618 ,

93 659 117 724 iu
141 658 256 724 domini
284 657 512 740 possessionem
540 673 688 722 reuersae
714 654 847 736 inerint3
881 660 956 720 tnnc
985 653 1067 718 onim
1093 651 1197 720 inbae-

91 784 163 843 renb
183 777 265 842 nitio
288 783 463 858 purgantur
486 783 518 840 et
538 776 569 839 in
594 772 792 856 usucapionis
815 791 943 839 causam
966 773 1117 840 recidunt
1161 781 1199 838 ut

90 915 149 962 eoce
167 895 358 979 subripuisti
380 915 506 964 seruum
528 895 613 974 Titii,
637 895 688 962 uel
710 915 781 962 eum
803 912 860 960 suo
883 894 978 960 iundo
998 895 1030 960 ui
1046 893 1198 972 deiecisti,

91 1014 215 1098 mihique
237 1013 368 1080 inndum
391 1015 577 1096 uendidisti;
601 1014 751 1098 usucapio
773 1012 950 1096 impeditur.
983 1014 1107 1080 interim
1129 1031 1200 1096 pos-
1233 1011 1250 1062 ὅ

90 1133 171 1200 sossio
193 1152 216 1199 a
238 1153 288 1200 me
312 1133 353 1198 ad
374 1133 489 1199 Titium
512 1133 671 1198 dominum
693 1133 847 1198 translata
870 1141 934 1199 est:
957 1133 1063 1199 statim
1087 1132 1200 1198 desinit
1287 1123 1290 1129 ’

89 1272 131 1318 rer
143 1253 260 1320 fortium
281 1259 338 1320 aut
351 1253 386 1318 ui
399 1271 544 1336 possessa
559 1271 638 1332 ease,
661 1260 693 1320 et
707 1251 778 1320 ideo
793 1253 821 1318 si
836 1257 945 1334 postea
960 1254 1036 1318 haec
1050 1252 1083 1318 in
1100 1268 1200 1318 meam

89 1377 305 1456 possessionem
327 1391 457 1440 reuersa
485 1373 615 1453 fuerint,
646 1371 754 1454 procul
776 1371 996 1456 impedimento
1017 1371 1201 1451 usucapion-

57 1499 78 1550 9-
91 1503 143 1559 tur.
184 1496 215 1559 9.
251 1495 338 1560 Haec
366 1499 441 1559 ante
467 1493 571 1558 omnia
597 1499 762 1576 perspecta
788 1490 921 1558 habeas:
950 1491 977 1557 si
1005 1491 1076 1575 quis
1105 1495 1202 1556 tasta-

89 1621 180 1680 mento
203 1614 288 1680 iacto
302 1619 445 1679 mortuns
462 1615 511 1692 sit,
534 1613 670 1694 scriptus
689 1612 780 1678 heres
803 1611 832 1678 ei
855 1611 1011 1694 succedit;
1033 1611 1201 1676 sinautem
1220 1613 1253 1664 10

88 1733 246 1799 intestatus
269 1733 449 1812 decesserit,
472 1731 600 1798 uenient
621 1731 661 1796 ad
685 1731 823 1796 eiusdem
845 1729 1066 1808 hereditatem,
1097 1731 1123 1794 si
1150 1749 1202 1796 ex·

90 1859 156 1932 tent,
177 1853 269 1919 liberi
292 1852 376 1932 eius3
398 1851 510 1932 hisque
531 1870 592 1917 non
616 1851 804 1930 extantibus,
826 1849 955 1932 adgnati
969 1849 1100 1915 heredes
1114 1848 1200 1915 fiant

90 1971 224 2053 adgnatis
246 1991 309 2038 non
331 1971 526 2048 extantibus,
548 1971 672 2050 cognati
701 1975 855 2036 uocantur
881 1976 913 2034 et
941 1966 1021 2033 fiunt
1049 1969 1201 2034 bonorum

89 2109 283 2172 possessores.
342 2090 495 2156 eiusmodi
531 2091 637 2157 autem
671 2090 813 2172 personis
850 2107 911 2152 uon
941 2087 1122 2154 extantibus
1151 2086 1202 2154 uel

90 2210 170 2276 adire
189 2208 380 2291 nolentibus,
402 2210 549 2275 uacantia
571 2211 651 2276 hona
672 2207 752 2275 fiunt
780 2208 874 2274 etad
896 2205 1004 2273 fiscum
1026 2210 1200 2273 transeunt.
1223 2219 1254 2270 ro

92 2335 121 2393 ot
138 2331 189 2412 qni
210 2332 363 2396 actionem
391 2333 615 2413 cuiuscumque
643 2333 782 2414 generis,
805 2332 836 2396 in
864 2349 928 2397 rem
959 2329 1010 2396 uel
1038 2329 1070 2394 in
1099 2347 1203 2412 perso
1452 2419 1453 2426 ἵ

91 2467 155 2512 nam
174 2449 225 2516 uel
246 2449 503 2532 hypothecariam
519 2470 587 2517 cum
604 2449 751 2518 defuncto
766 2450 921 2528 habuerit,
945 2468 1012 2515 eam
1028 2449 1115 2516 intra
1128 2466 1203 2530 qua·
1335 2451 1337 2456 '
1388 2451 1394 2464 '
1452 2471 1453 2524 3

92 2566 257 2633 drienninm
279 2577 390 2636 contra
410 2569 519 2638 fiscum
542 2571 731 2653 experietur.
774 2589 843 2636 cmm
867 2571 943 2635 haec
964 2575 1129 2652 perspecta
1150 2568 1203 2634 ha·

89 2685 166 2766 beas
187 2688 260 2754 uide
282 2688 453 2769 quidinde
475 2697 634 2770 sequatur.
668 2689 803 2756 diximus
826 2689 970 2772 superins
993 2705 1044 2754 rea
1066 2687 1203 2754 furtiuas

89 2811 117 2870 ct
151 2807 183 2870 ni
219 2825 379 2889 possesms
415 2809 544 2891 usucapi
587 2827 650 2873 non
685 2826 800 2890 posse:
844 2806 986 2873 inuenire
1023 2813 1072 2872 est
1108 2806 1202 2872 aliam
1220 2805 1255 2858 2⁰

88 2939 206 3004 quoque
241 2944 307 2992 rem
343 2945 423 3011 quae
460 2928 591 3010 usucapi
627 2932 781 3007 nequeat:
819 2931 855 2991 ut
891 2944 962 2993 ecce
998 2945 1049 2992 rer
1085 2923 1202 2992 fiscalis

88 3061 143 3108 non
174 3049 280 3127 potest
311 3046 452 3129 usucapi.
508 3045 699 3128 Papinianus
732 3063 809 3111 uero
846 3043 913 3123 ait,
957 3044 984 3111 si
1018 3046 1106 3127 quis.
1125 3045 1204 3112 inte-

88 3167 184 3228 status
226 3163 393 3230 decesserit
429 3171 461 3229 et
496 3165 577 3232 bona
610 3165 677 3232 eius
711 3165 857 3231 natantia
890 3161 975 3230 facta
1010 3165 1094 3245 sint,
1131 3163 1204 3230 suh-

88 3283 201 3348 atantia
229 3279 301 3349 fisco
333 3283 471 3350 nondum
498 3285 659 3364 nuntiata,
688 3285 715 3350 si
743 3287 813 3367 quis
840 3302 892 3350 res
922 3283 1076 3365 quasdam
1102 3303 1140 3350 ex
1166 3301 1204 3349 ea

88 3400 158 3466 mihi
191 3401 275 3469 bona
301 3401 363 3469 fide
390 3403 521 3484 emptori
548 3405 727 3470 uendiderit
753 3423 789 3472 ac
818 3403 1001 3484 tradiderit,
1034 3401 1254 3486 procederem

88 3522 321 3608 usucapionem
343 3524 480 3590 noudum
504 3525 585 3592 enim
607 3521 725 3591 fiscalia
748 3525 828 3592 bona
850 3521 933 3590 iacta
948 3529 1024 3590 sunt
1037 3541 1107 3589 cum
1129 3539 1202 3589 non·
