2884 4728
536 373 775 437 —388-

94 565 166 610 esse
191 546 304 610 sanxit.
336 545 411 611 licet
433 547 515 610 enim
539 548 625 612 serui
647 568 750 612 mores
775 547 947 612 deteriores
971 567 1032 611 non
1048 547 1110 611 sint
1124 547 1212 628 facti,

94 676 127 734 et
148 669 223 733 ideo
246 689 309 734 non
331 677 520 734 concurrant
534 673 675 754 regulae,
700 691 782 754 quae
798 672 884 736 serui
899 671 1037 754 corrupti
1054 671 1211 736 actionem
1257 699 1260 706 ·

92 794 309 874 introducant,
340 801 446 859 tamen
472 795 643 879 pessimum
667 796 858 880 corruptoris
882 795 1047 860 consilium
1073 797 1113 860 ad
1141 816 1210 880 per-

91 919 210 983 niciem
233 920 401 1002 proborum
425 921 510 984 serui
532 940 653 984 morum
676 921 790 1004 tendit,
814 921 922 1003 itaque
947 921 988 985 ad
1008 921 1126 985 ditium
1149 942 1206 1005 pu·

92 1043 244 1107 niendum
267 1044 352 1108 serui
375 1045 513 1127 corrupti
537 1045 692 1110 actionem
715 1046 785 1110 dari
804 1045 977 1129 praecepit,
1001 1051 1153 1126 tanquam
1176 1066 1211 1110 re
1249 1061 1272 1111 5-

92 1167 167 1250 ipsa
191 1187 317 1234 seruum
340 1168 544 1252 corrupisset,
571 1189 611 1234 ne
639 1171 775 1253 impunis
798 1190 929 1235 maneus
952 1169 1055 1235 Titius
1084 1191 1210 1234 seruum

94 1291 194 1356 alium
233 1291 449 1374 adgrediatur,
491 1313 583 1374 quem
621 1294 702 1359 forte
743 1295 844 1377 possit
881 1316 901 1359 a
940 1295 1032 1359 bouis
1073 1295 1211 1359 moribus

59 1433 82 1484 9.
93 1421 251 1481 auertere.
313 1419 341 1483 9.
365 1417 524 1482 Interdum
564 1420 659 1483 etiam
693 1419 863 1484 liberomm
903 1420 1061 1484 hominum
1093 1419 1210 1483 fmtum

94 1541 308 1606 committitur.
353 1561 426 1606 narn
450 1543 477 1607 si
501 1543 570 1623 quis
594 1544 721 1624 liberos,
746 1544 800 1627 qui
815 1545 848 1608 in
864 1565 935 1608 moa
956 1550 1028 1609 sunt
1042 1549 1208 1627 potestate,

93 1665 194 1730 filium
217 1665 364 1748 filiamue,
389 1673 534 1750 nepotem
557 1675 723 1753 neptemue
747 1669 915 1752 subripiat3
940 1669 1015 1733 furti
1038 1669 1160 1732 actione
1177 1667 1210 1731 id
1231 1682 1266 1734 10

95 1790 182 1871 quod
205 1791 336 1855 interest
357 1811 539 1875 persequar.
584 1801 616 1858 et
643 1794 718 1875 quid
741 1794 774 1858 in
802 1793 955 1858 eiusmodi
984 1813 1061 1858 casu
1088 1793 1211 1856 intersit

95 1914 319 1999 exponendum
353 1923 408 1980 est.
465 1916 546 1998 finge
582 1918 738 1999 quendam
769 1919 954 1982 moriturum
982 1917 1079 1982 tilium
1107 1937 1211 1981 meum

96 2040 246 2105 heredem
258 2040 429 2106 instituisse
445 2043 504 2106 sub
520 2042 579 2106 hac
596 2042 790 2124 condicione,
808 2043 889 2107 utin
905 2043 964 2107 hac
981 2043 1059 2106 mbo
1071 2042 1211 2124 degeret.

97 2183 169 2228 euru
193 2165 379 2248 subripuisti
401 2172 433 2230 et
455 2167 487 2230 in
511 2167 606 2231 aliam
622 2168 732 2232 urbem
748 2167 875 2250 duxisti,
898 2168 944 2232 ita
959 2174 994 2232 ut
1007 2168 1116 2232 mortis
1137 2172 1211 2231 tem-

96 2309 174 2372 pore
197 2291 359 2355 testatoris
381 2290 415 2355 in
437 2291 497 2356 hao
520 2292 597 2356 urbe
622 2312 684 2356 non
698 2292 900 2357 inueniretur.
938 2292 1054 2356 defecit
1069 2291 1211 2356 condicio
1232 2302 1275 2356 15-

98 2419 128 2478 et
151 2413 335 2480 hereditatis
358 2415 408 2480 ius
431 2415 537 2481 amisit
558 2416 649 2480 filius.
685 2417 808 2482 actione
833 2417 928 2499 igitur
942 2417 1018 2482 furti
1034 2437 1212 2498 consequar

97 2559 117 2602 a
138 2545 181 2620 te,
205 2540 314 2620 quanti
337 2539 491 2605 iacturam
514 2561 628 2624 passus
652 2561 729 2605 sum.
775 2563 870 2625 porro
895 2542 1079 2607 hereditatis
1107 2561 1210 2605 usum·

96 2663 232 2728 fructum
256 2663 356 2746 amisi,
381 2665 436 2745 qui
458 2665 534 2730 mibi
556 2666 770 2747 adquirendos
794 2674 876 2749 erat;
905 2667 973 2731 eius
1000 2667 1096 2749 igitur
1119 2666 1212 2731 aesti-

45 2805 86 2858 10,
95 2788 266 2852 mationem
296 2809 477 2871 persequar.
526 2793 575 2857 10.
601 2790 736 2874 Saepius
764 2811 842 2856 suae
871 2811 995 2873 quoque
1022 2793 1069 2856 rei
1097 2790 1212 2872 aliquis

95 2912 213 2976 furtum
237 2913 409 2994 committit,
433 2914 532 2978 ueluti
554 2915 581 2980 si
605 2915 729 2980 debitor
751 2936 831 2997 rem,
856 2936 951 2997 quam
974 2917 1122 2981 creditori
1145 2916 1212 2999 pig·
1231 2929 1266 2981 20

95 3035 181 3100 neris
206 3055 304 3101 causa
326 3037 423 3120 dedit,
448 3039 528 3103 clam
553 3041 752 3105 subtraxerit.
793 3041 892 3106 laedit
914 3042 997 3106 enim
1014 3041 1210 3122 creditorem,

96 3179 169 3225 oum
198 3161 229 3225 ei
256 3163 451 3227 commodum
490 3165 629 3246 auferat,
670 3166 753 3248 quod
787 3166 820 3232 in
848 3166 987 3250 pigneris
1026 3187 1124 3231 eausa
1156 3171 1211 3229 est.

47 3288 149 3354 11.ll.
171 3285 331 3350 interdum
354 3287 428 3352 furti
455 3293 579 3353 tenetur
602 3290 656 3371 qui
682 3290 799 3355 furtum
826 3311 889 3356 non
916 3291 999 3355 fecit.
1043 3290 1078 3354 id
1107 3295 1211 3354 autem

96 3408 192 3475 ineo
217 3411 375 3495 contingit,
405 3413 494 3478 ouius
522 3433 582 3497 ope
614 3416 746 3480 consilio
777 3416 893 3480 furtum
923 3415 1040 3480 tactum
1071 3419 1127 3478 est
1177 3413 1211 3476 in

98 3553 161 3616 quo
185 3555 314 3602 numero
337 3543 386 3602 est
407 3537 450 3619 is,
479 3538 533 3620 qui
560 3559 630 3604 oum
658 3541 772 3622 aliquis
800 3559 943 3604 nummos
969 3539 1003 3603 in
1030 3559 1125 3602 manu
1153 3559 1212 3602 sua
1230 3549 1273 3600 ao·

97 3659 244 3742 haberet,
277 3679 332 3726 eos
357 3661 495 3727 excussit
526 3668 561 3727 ut
588 3664 670 3729 alius
697 3665 834 3746 tolleret,
867 3664 920 3729 uel
947 3663 1129 3747 conspectui
1158 3671 1210 3726 tuo

99 3783 233 3867 obstitit,
255 3789 289 3849 ut
311 3785 392 3850 aiios
415 3806 481 3850 rem
508 3793 596 3852 tuam
624 3788 813 3872 subriperet,
843 3795 898 3853 aut
925 3808 1002 3855 oues
1030 3795 1085 3853 aut
1112 3789 1212 3852 boues
