2960 4704
671 373 886 414 -111—

220 535 290 600 dam
313 535 371 601 Gai
393 533 629 602 Institutionum
651 536 729 602 κατὰ
752 535 851 612 πόδας
873 558 929 621 pro
951 539 1151 606 fundamento
1173 539 1280 606 tuisse.
1306 540 1339 606 id

218 674 294 720 uero
316 675 377 722 non
406 654 505 720 solum
535 676 571 721 err
601 655 744 739 pluribus
774 657 850 724 locis
877 661 916 724 ad
947 659 1024 725 iuris
1054 659 1215 726 historiam
1246 660 1340 740 perti·

218 776 364 841 uentibus
393 795 431 840 ex
462 775 522 842 Gai
548 776 785 842 Commentariis
817 779 915 843 uerbo
948 789 1040 844 tenus
1073 779 1105 846 in
1129 780 1338 859 Paraphrasin

216 893 378 958 translatis
400 895 533 976 probare
560 904 689 960 conatus
711 914 795 978 sum,
817 905 867 961 set
887 896 1067 978 ampliorem
1089 898 1227 964 locorum
1251 917 1338 980 sege-

217 1021 281 1079 tem
304 1014 394 1078 attuli
404 1014 438 1093 ¹),
462 1015 574 1096 quihus
590 1016 788 1081 euinceretur
801 1017 926 1098 saepius
941 1015 1150 1099 Paraphrasin
1168 1036 1238 1083 cum
1254 1017 1337 1084 Gaio

217 1136 392 1212 conuenire,
415 1151 484 1198 curn
501 1152 518 1197 a
534 1134 640 1199 latinis
657 1135 909 1200 Institutionihus
924 1135 1114 1215 dissentiret,
1137 1151 1169 1202 et
1192 1136 1283 1218 plura
1304 1138 1337 1204 in

217 1273 253 1318 ea
276 1255 386 1329 inesse,
409 1269 490 1332 quae
513 1251 635 1318 nonnisi
664 1253 704 1318 atl
734 1255 908 1320 uersionem
938 1264 971 1320 et
999 1254 1252 1322 dilucidationem
1278 1257 1337 1322 Gai

215 1375 507 1441 commentariorum
530 1377 640 1441 reterri
674 1377 801 1458 possint.
857 1395 937 1459 quae
967 1376 1070 1443 omnia
1099 1396 1168 1442 cum
1203 1397 1259 1458 per
1292 1396 1336 1454 se,

217 1501 305 1558 tanta
326 1501 580 1575 argumentorum
598 1497 687 1576 copia
702 1496 822 1576 collata,
846 1495 1011 1578 perspicua
1032 1515 1100 1561 esse
1115 1514 1249 1578 sperem,
1266 1504 1333 1562 tum

216 1614 309 1678 etiam
336 1611 497 1678 doctorum
526 1616 665 1679 uirorum
695 1614 843 1695 suffragio
874 1617 1076 1696 comprobata
1102 1623 1185 1680 sunt
1236 1619 1268 1681 in
1298 1635 1335 1682 eo

216 1742 320 1798 tamen
342 1752 390 1798 me
413 1752 536 1799 errasse
560 1735 663 1812 doleo,
686 1735 769 1816 quod
799 1734 900 1816 ipsum
924 1735 984 1802 Gal
1007 1735 1083 1798 κατὰ
1110 1735 1209 1809 πόδας
1238 1735 1336 1802 Theo-

214 1851 298 1933 philo
332 1855 509 1931 tribuerim,
547 1873 616 1919 cum
651 1854 742 1936 longe
775 1853 969 1936 probabilius
1002 1853 1127 1922 scholae
1163 1855 1334 1922 berutiensi

213 1984 298 2039 osset
318 1972 581 2054 uindicandum.²)

300 2095 341 2158 Et
370 2113 482 2158 reuera
515 2112 584 2159 cum
617 2093 759 2174 iamper
793 2094 907 2159 multos
937 2113 1035 2159 annos
1063 2093 1122 2159 Gai
1161 2095 1334 2162 Institutio

214 2233 269 2280 nes
303 2215 478 2279 scholarum
515 2215 585 2278 usui
619 2213 823 2291 inseruirent,
856 2213 910 2278 uia
936 2212 1003 2278 heri
1033 2213 1137 2295 potuit
1162 2217 1237 2296 quin
1269 2215 1333 2280 ulla

213 2352 320 2398 earum
356 2353 469 2414 graeca
500 2334 715 2414 interpretatio
747 2335 903 2398 existeret.
955 2335 1075 2398 accedit
1102 2341 1332 2414 argumentum,

211 2455 304 2534 quod,
326 2453 358 2518 ni
381 2451 479 2529 fallor,
503 2471 568 2516 rem
592 2452 674 2516 baud
699 2470 808 2532 parum
837 2449 1007 2517 confirmet.
1053 2460 1162 2518 extant
1183 2452 1331 2518 nimirum

211 2572 363 2653 quaedam
387 2590 446 2637 nou
470 2573 666 2636 obscuriores
689 2568 866 2636 adfinitates
887 2571 969 2636 inter
987 2569 1196 2652 Paraphrasin
1221 2581 1252 2636 et
1274 2573 1333 2637 Le-

210 2711 264 2772 ges
288 2693 474 2769 saeculares,
497 2709 575 2773 quas
599 2698 721 2767 uocant,
745 2691 826 2755 idest
846 2690 961 2756 librum
980 2692 1056 2755 iuris
1072 2709 1329 2773 syroromannm.

211 2811 329 2877 eumL
356 2812 421 2876 lere
451 2811 541 2875 annis
569 2819 643 2875 ante
671 2809 878 2875 Iustinianum
909 2812 1127 2890 imperatorem
1156 2812 1330 2877 conlectum

209 2931 306 2997 luisse
327 2939 459 3008 constat,
482 2949 616 3011 eumque
638 2949 675 2994 ex
697 2929 867 2994 berutiensi
890 2931 996 2994 schola
1011 2931 1238 3012 quodammodo
1261 2949 1330 2996 esse

209 3051 380 3134 proiectum
405 3071 463 3117 non
487 3049 697 3134 ambigitur.⁸)
746 3049 898 3114 eiusmodi
926 3057 1031 3116 autem
1061 3048 1238 3115 adfinitates
1267 3068 1328 3116 nou

282 3327 305 3391 1)
321 3323 481 3379 Reudiconti
499 3323 542 3379 del
560 3323 592 3378 R.
611 3323 719 3377 latituto
737 3322 887 3378 Lomhardo
908 3325 947 3386 16.
965 3325 1016 3377 569
1025 3337 1064 3391 sq.

275 3411 301 3481 ²)
324 3409 366 3464 En
390 3425 458 3479 quac
483 3409 548 3463 mihi
572 3411 624 3464 hac
647 3410 680 3465 de
703 3425 733 3463 re
761 3409 869 3479 scripsit
890 3408 1117 3464 Zachariaeus
1140 3425 1157 3462 a
1182 3409 1327 3479 Lingeu-

208 3496 293 3560 thal,
313 3511 436 3565 quaeque
460 3496 540 3549 uenia
567 3496 634 3549 tanti
656 3497 707 3550 uiri
730 3512 801 3550 nunc
824 3495 976 3550 describere
998 3494 1091 3548 liccat:
1117 3495 1186 3548 ›hlit
1207 3511 1327 3564 grossam

210 3582 345 3636 Interesse
362 3581 431 3634 habe
450 3581 494 3634 ich
512 3579 574 3635 lhre
597 3581 685 3636 leinen
703 3581 910 3649 Bemerlrnngen
933 3580 1000 3634 uber
1021 3579 1186 3648 Theophilus
1209 3582 1326 3648 gelesen.

208 3667 247 3720 Im
266 3666 466 3721 Wesentlichen
483 3667 529 3720 hin
548 3667 591 3722 ich
614 3683 683 3736 gana
709 3669 758 3721 mit
779 3668 864 3721 lhnen
888 3665 1099 3721 einrerstanden.
1140 3665 1199 3720 Nur
1220 3666 1326 3721 mbchte

207 3752 251 3806 ich
264 3752 338 3806 nicht
350 3767 379 3807 so
392 3753 527 3807 hostimmt
539 3752 687 3807 annehmen
700 3752 748 3807 das
760 3750 925 3821 Theophilus
937 3751 1020 3806 selbot
1032 3752 1074 3806 ein
1086 3751 1154 3803 κατὰ
1170 3751 1255 3811 πόδας
1272 3767 1325 3805 rou

209 3841 299 3895 Gaius*
324 3840 513 3894 Institutionen
532 3841 731 3908 ansgaarbeitet
748 3839 831 3893 habe:
850 3838 979 3892 rietmehr
997 3844 1105 3891 stammt
1121 3836 1242 3891 dasselbs
1261 3835 1326 3890 niel-

207 3926 289 3978 leicht
307 3939 356 3980 aus
375 3925 515 3994 Berytus«

274 4031 297 4096 ⁸)
315 4031 454 4084 Editionos
477 4045 537 4084 oum
560 4027 693 4094 Landii,
717 4033 773 4080 tum
797 4024 934 4079 Brunsii
956 4031 1113 4094 perspectas
1134 4022 1231 4077 habui:
1253 4023 1326 4077 hanc

207 4129 271 4170 uero
290 4115 401 4170 alteram
419 4115 586 4184 potissimum
605 4119 713 4168 secutus
730 4128 797 4167 sum.
