2884 4728
525 331 764 394 -403-

47 511 191 569 inautem
220 513 314 588 caput
341 505 428 587 prius
456 506 591 588 explicit.
645 509 693 572 12.
718 505 820 587 Caput
843 512 946 569 autem
971 506 1141 569 secundum
1168 506 1201 569 in

47 640 83 690 18.
92 649 147 692 usn
172 647 234 693 non
262 637 318 693 est.
378 632 426 696 13.
451 629 561 713 Capite
593 635 695 694 autem
723 629 815 693 tertio
849 636 971 694 ceteras
999 631 1200 710 quaestiones

92 753 141 816 lex
167 759 348 837 pertractat.
397 755 505 835 itaque
530 755 557 819 si
580 755 649 836 quis
677 775 802 820 seruum
829 775 932 818 meum
959 775 1102 819 meamue
1126 777 1201 837 qua-

92 877 275 959 drupedem,
307 898 388 958 quae
412 879 566 961 pecudum
593 899 722 942 numero
749 885 809 960 est,
837 879 1062 961 uulnerauerit‚
1091 899 1201 944 eumue

92 1002 333 1085 quadrupedem,
357 1023 438 1083 quae
462 1003 617 1085 pecudum
644 1023 772 1068 numero
796 1023 859 1067 non
883 1011 946 1084 est,
971 1005 1068 1068 ueluti
1092 1024 1202 1069 canem
1240 1017 1255 1068 5

92 1126 230 1190 feramus
258 1128 406 1208 bestiam,
435 1148 524 1191 ursos
552 1128 603 1192 uel
632 1129 739 1192 leones
763 1111 815 1192 uel
842 1129 947 1211 lupos,
977 1128 1127 1193 occiderit
1149 1133 1204 1193 aut

92 1249 317 1330 uulnerauerit,
346 1251 438 1316 tertio
462 1253 565 1336 eapite
590 1252 668 1334 legis
692 1261 823 1316 tenetur.
862 1253 965 1317 setin
992 1253 1104 1318 ceteris
1129 1273 1204 1334 quo-

93 1395 149 1454 que
178 1375 369 1440 animalibus
402 1377 476 1440 item
512 1377 544 1439 in
578 1377 691 1441 ceteris
726 1379 819 1441 rebus
848 1397 929 1457 quae
964 1378 1069 1442 anima
1097 1383 1205 1442 carent

94 1499 239 1563 damnum
263 1500 388 1565 domino
405 1501 533 1565 inlatum
558 1502 680 1564 euhoe
704 1501 807 1584 capite
831 1502 1008 1566 resarcitur.
1054 1503 1099 1566 ait
1122 1502 1203 1566 enim

93 1623 155 1685 lox:
187 1624 238 1686 »si
267 1625 353 1704 quid
382 1635 500 1690 ustum
526 1631 588 1689 aut
614 1633 759 1709 ruptum
788 1633 851 1690 aut
878 1627 1035 1690 fractum
1063 1627 1205 1707 fuerit«,
1225 1640 1258 1691 10

93 1749 250 1812 actionem
267 1769 306 1813 ex
326 1751 418 1814 tertio
437 1751 539 1834 capite
556 1751 709 1815 constitui.
749 1771 944 1834 supernaoue
962 1758 1066 1815 autem
1083 1751 1205 1815 duabus

93 1871 153 1936 illis
177 1873 310 1937 uocibus
335 1882 463 1938 »ustum«
489 1883 520 1938 et
549 1876 707 1939 »fractum«
737 1876 789 1940 lex
818 1896 875 1939 usa
903 1883 964 1940 est:
995 1877 1095 1958 rupti
1123 1876 1204 1940 enim

94 1999 267 2080 appellatio
291 1999 323 2062 in
347 2019 454 2062 omnes
478 2000 555 2064 istas
583 2021 696 2064 causas
720 2000 863 2064 sufficere
891 2006 1003 2082 potest.
1061 2009 1204 2083 ruptum

94 2123 174 2186 enim
199 2122 332 2186 dicimus
356 2122 398 2202 id,
424 2123 507 2202 quod
523 2144 646 2205 quoquo
663 2125 755 2188 modo
772 2131 950 2206 corruptum
971 2131 1028 2188 est.
1045 2125 1127 2188 unde
1144 2144 1206 2188 non

94 2247 194 2310 solum
220 2255 291 2310 usta
315 2256 345 2311 et
361 2248 471 2328 fracta,
496 2256 544 2310 set
560 2249 654 2312 etiam
670 2249 770 2312 scisse
786 2248 893 2329 uestis,
918 2256 973 2311 aut
991 2248 1102 2312 collisa
1118 2269 1205 2330 uasa,
1226 2267 1259 2317 15

95 2391 174 2450 quae
198 2372 295 2452 uulgo
320 2372 404 2454 apud
423 2392 557 2454 graecos
581 2372 793 2435 cantassem
811 2372 949 2450 audiunt,
975 2372 1062 2454 (quid
1082 2373 1208 2436 enimsi

94 2502 249 2576 argentea
265 2496 359 2578 sinti)
377 2503 407 2560 et
423 2497 554 2560 effusum
571 2497 676 2560 uinum
693 2504 746 2560 aut
762 2497 863 2561 oleum
884 2502 915 2560 et
930 2502 1036 2560 cetera
1051 2496 1083 2558 id
1099 2516 1207 2578 genus.

95 2627 125 2682 et
148 2639 277 2700 quoquo
301 2621 394 2684 modo
419 2621 529 2685 uitiata
545 2629 708 2704 perempta
724 2627 755 2685 et
771 2621 929 2685 deteriora
951 2620 1046 2702 iacta,
1072 2621 1206 2704 »rupti«

95 2743 325 2825 significatione
356 2746 560 2810 continentur.
609 2747 716 2828 itaque
747 2747 772 2809 si
804 2746 873 2826 quis
903 2746 935 2809 in
967 2746 1072 2809 uinum
1106 2765 1209 2809 meum

11 2851 12 2854 Ἴ
96 2867 249 2950 optimum
273 2869 415 2932 oleumue
439 2889 540 2933 meum
565 2870 867 2952 praestantissimum
891 2870 923 2933 id
947 2870 1120 2952 immiserit,
1147 2889 1208 2949 quo
1228 2887 1263 2938 20

50 2992 223 3056 rubenitas
239 3002 498 3076 corrumperetur,
524 3015 562 3058 ex
579 2995 638 3057 hoe
651 2995 741 3058 tertio
754 2993 857 3077 capite
873 2995 1041 3058 tenebitur.
1068 2997 1116 3060 14.
1128 2993 1210 3057 Illud
