3092 4702
703 311 912 392 *⁵⁵-

254 491 437 565 ίιπεξούσισν
458 493 496 567 ἐξ
508 491 544 558 ού
567 493 693 578 γέγονεν
717 495 790 576 υίὸς,
824 495 913 579 λάβω
937 496 981 572 εἰς
1002 493 1095 572 θέσιν,
1118 494 1289 577 αύτὸςρὲν
1311 517 1367 556 πα-

252 596 468 680 ραγενήσεται,
491 599 544 662 τὸν
566 599 602 662 δὲ
625 596 700 664 ίθιου
722 601 786 664 οίὸν
808 599 849 686 ἐᾷ
856 601 880 683 ¹)
905 599 990 687 παρὰ
1016 603 1064 686 τῷ
1091 606 1214 685 φυσικῷ
1239 600 1365 682 πάππῳ.

169 719 170 722 ’
250 700 300 763 καί
322 700 339 761 ὁ
361 700 504 785 λογισμὸς
531 701 634 789 δῆλος,
659 701 765 790 ἐπειδὴ
794 701 974 779 ύπεξούσιος
1003 701 1046 766 ὢν
1075 702 1262 776 ύπεξσύσιον-
1287 699 1365 788 ἔχειν

252 800 306 864 οὐκ
327 800 472 889 ἠδύνατο.
517 803 562 866 ὅτι
584 803 620 867 δὲ
641 805 658 867 ύ
681 803 760 892 ἔχων
783 807 847 869 υἱὸν
875 799 1055 878 ύπεξούσιον
1083 807 1131 868 καί
1161 802 1293 892 ληφθείς
1323 802 1366 877 εἰς

221 919 237 970 5
257 901 342 966 θέσιν
365 903 582 989 συνεφέλκεται
604 907 656 970 τὸν
678 906 787 970 οἰκεῖον
819 909 912 971 παῖδα
942 906 1036 993 δῆλον
1059 907 1096 980 ἐξ
1122 905 1166 969 ὧν
1190 903 1366 988 Αὔγουστος

250 1003 286 1068 ού
310 1005 464 1092 πρότερον
486 1005 634 1073 Τὶλνέτὶου
656 1011 709 1072 τὸν
729 1009 809 1094 μετὰ
832 1011 928 1074 ταῦτα
950 1009 1116 1093 γενόμενον
1141 1007 1275 1092 βασιλέα
1298 1006 1366 1070 έλα-

249 1107 308 1189 βεν
331 1109 374 1184 εἰς
395 1108 492 1188 θέσιν,
516 1113 585 1192 πρίν
608 1108 699 1187 οὗτος
728 1113 779 1176 τὸν
802 1111 1012 1177 (λθτιυίιιιίοου
1045 1113 1091 1188 εἰς
1123 1109 1207 1175 θέσιν
1240 1109 1363 1193 ἔλαβεν.

249 1209 370 1298 Ἐπειδὴ
386 1213 446 1298 γὰρ
462 1212 611 1296 έβούλετυ
627 1212 775 1280 Τίθόεἱου
787 1214 845 1296 ρέν
868 1214 947 1303 ἔχειν
969 1214 1003 1278 έν
1026 1215 1111 1288 τάξει
1134 1215 1210 1292 υίού,
1233 1210 1366 1278 Germis-

251 1313 343 1378 nioon
366 1315 403 1378 δὲ
424 1315 457 1378 έν
479 1317 565 1390 τάξει
587 1317 714 1399 ἐκγύνου
738 1320 785 1382 καὶ
807 1317 857 1383 θεὰ
877 1323 950 1402 μιᾶς
977 1318 1067 1382 τούτο
1097 1315 1278 1400 γενέσθαι’)
1308 1317 1366 1380 υίυ-

205 1424 235 1474 10
253 1413 379 1496 θεσίας,
408 1418 623 1500 παρεσκεύασε
651 1421 802 1506 πρότερον
826 1422 877 1483 τὸν
899 1419 1110 1486 (λειαιέυὶοοα
1133 1421 1178 1497 εἰς
1199 1419 1286 1484 θέσιν
1309 1414 1364 1484 ὑπὸ

247 1519 335 1602 τούί)
369 1517 494 1586 Tiberin
529 1521 685 1609 ληφθῆναι
719 1521 784 1587 εἰτα
817 1513 948 1606 ούτωςέ)
978 1522 1101 1605 αύτὸςί)
1128 1525 1182 1586 τὸν
1216 1519 1364 1586 Τίίιύτίοα

249 1619 361 1703 ἔλαβεν
384 1621 428 1697 εἰς
451 1621 546 1688 θέσιν.

334 1725 383 1787 12.
404 1721 460 1788 ίίιν
471 1723 546 1788 ἴθιύν
558 1749 604 1803 τις
614 1726 731 1814 οἰκέτην
743 1725 856 1810 ἔλαβεν
872 1727 915 1801 εἰς
930 1724 1096 1790 υἱοθεσίαν.
1112 1727 1253 1813 ζητῶμεν
1270 1723 1364 1808 είγεσ)
1376 1731 1411 1786 12
1526 1729 1536 1772 ’ὲ

248 1823 384 1911 ἔρρωται
412 1829 431 1914 ι)
460 1825 548 1905 θέσις
576 1827 595 1914 ἢ
625 1829 681 1911 τίί)
710 1828 857 1896 ἐντεῦθεν
885 1830 1087 1892 ἀποτελεῖται.
1138 1827 1189 1891 καί
1214 1849 1310 1911 φασιν
1336 1829 1366 1890 σί
1530 1848 1533 1858 ·

199 1949 229 1999 15
248 1929 369 1993 παλαιοί
389 1932 442 1994 τὸν
465 1931 628 2014 Κύτωναί)
652 1931 805 2018 εἰρηκέναι
828 1933 880 2018 τὴν
901 1933 958 2016 μέν
982 1931 1068 1994 θέσιν
1089 1932 1133 2018 μὴ
1156 1930 1286 2018 ἰσχύειν,
1317 1929 1365 1994 εἰιί

141 2055 145 2062 ·
246 2029 423 2117 ἐλευθέρων
446 2035 506 2119 γὰρ
529 2027 605 2120 αύτη
629 2035 800 2118 προβαίνει,
823 2037 842 2122 η
866 2034 902 2098 δὲ
924 2033 1009 2111 θέσις
1036 2034 1064 2098 εἰ
1090 2035 1138 2098 καί
1165 2040 1204 2098 τὰ
1228 2033 1364 2115 μάλιστα

246 2135 291 2210 ὡς
311 2133 401 2212 θέσις
422 2133 478 2201 ούκ
493 2133 637 2223 ἔρρωται,
660 2137 728 2200 ἀλλ’
751 2135 806 2200 οὖν
830 2138 880 2201 τὸν
903 2137 1020 2223 οἰκέτην
1035 2135 1206 2220 ἐλεύθερον
1223 2135 1365 2200 ἀποθείκ·

247 2259 339 2300 νυσιν.
348 2237 375 2303 1)
415 2239 514 2323 ὁγὰρ
539 2240 589 2303 τὸν
612 2240 723 2306 δοῦλον
746 2241 789 2313 εἰς
819 2238 905 2304 θέσιν
932 2239 1101 2324 βουληθείς
1131 2239 1259 2318 λαβεῖν,
1291 2237 1367 2322 πρύ-

248 2337 342 2424 θηλον
363 2341 440 2424 ύτιί)
466 2347 522 2428 τῆς
551 2343 693 2419 δουλείας
720 2343 813 2410 αύτὸν
846 2348 1015 2430 σιωπηρῶς
1043 2341 1239 2424 ἔσπευσενῑθ)
1270 2341 1365 2405 ἀπαλ-

143 2515 144 2518 ,
195 2458 229 2510 20
245 2443 344 2516 λῖιξαι.
388 2442 480 2522 οὗτος
506 2446 604 2510 τοίνυν
631 2447 648 2509 θ
674 2447 731 2528 μὲν
754 2446 954 2530 ἐξεφώνησεν
983 2444 1041 2512 ούκ
1070 2443 1207 2530 ἔπραξεν
1237 2443 1255 2505 θ
1282 2443 1366 2525 δὲῑῑ)

245 2543 426 2631 ἐνεθυμήθη
449 2546 646 2630 διεπράξατο,
697 2549 840 2615 ἐντεῦθεν
863 2547 1014 2636 ὁρμηθείς
1042 2549 1060 2611 ύ
1083 2546 1248 2620 θειότατος
1274 2547 1367 2632 ημῶν

244 2645 392 2728 βασιλεὺς
420 2647 614 2728 εἰσελθόντος
643 2652 676 2714 έν
706 2651 891 2738 δικαστηρίῳ
921 2648 1048 2731 when)
1079 2650 1128 2712 καί
1160 2648 1301 2723 εἰπόντος
1331 2647 1367 2712 έν

127 2793 129 2798 -
244 2741 442 2834 ὑπομνήμασι
463 2753 532 2837 περί
553 2753 725 2835 ολκέτουβί)
748 2755 794 2816 ύτι
816 2752 932 2827 οὗτος
954 2753 1036 2826 υίύς
1056 2774 1130 2835 μου
1155 2750 1271 2828 ἐστίν,
1295 2749 1366 2816 ἐθέ-

244 2873 349 2914 σπισεν
370 2851 407 2916 έκ
429 2857 490 2917 τῶν
512 2855 659 2920 τοιούτων
679 2857 830 2942 ῥημάτων
854 2858 904 2919 τὸν
931 2855 989 2938 μὲν
1011 2854 1131 2941 οἰκέτην
1160 2855 1225 2919 υίὸν
1253 2857 1298 2941 μὴ
1320 2854 1367 2937 γί-

193 2961 226 3015 25
245 2951 408 3036 νεσθαι,“)
432 2956 585 3020 παύεσθαι
608 2957 643 3021 δὲ
666 2961 721 3023 τοῦ
743 2957 818 3021 εἶναι
840 2959 961 3026 δοῦλον.

312 3144 334 3209 1)
351 3143 429 3195 ἐάσει
446 3143 475 3196 P.
494 3141 575 3198 Tzur.
678 3142 701 3214 1)
719 3143 761 3196 διὰ
776 3147 838 3206 μιᾶς
855 3144 956 3198 τούτων
975 3143 1115 3203 υἱοθεσίας
1141 3143 1172 3197 Ρ.
1190 3141 1274 3196 Tzur.
1292 3142 1361 3195 υἰοθ.

241 3243 297 3294 γεν.
316 3226 348 3281 R.
451 3229 474 3292 ³)
492 3227 582 3283 addidi
602 3243 636 3282 ox
653 3229 682 3282 P.
700 3228 781 3283 Τοῦτ.
881 3231 906 3296 1)
923 3229 1005 3289 οὗτος
1022 3228 1052 3284 P.
1135 3231 1158 3295 ί)
1176 3227 1261 3280 αὐτὸν
1281 3226 1366 3281 Tzur.

243 3312 265 3375 1)
283 3311 308 3362 εἰ
325 3311 353 3364 Ρ.
456 3310 542 3382 1)ἰ)τι
558 3311 589 3366 F.
692 3314 714 3379 ⁸)
732 3313 832 3366 κανόνα
849 3315 878 3368 P.
896 3315 977 3368 Taur.
1055 3315 1078 3380 9)
1096 3313 1159 3367 dedi
1178 3329 1213 3367 ex
1231 3313 1260 3366 P.
1279 3311 1366 3364 Τευε.

242 3396 303 3465 Epi.
322 3402 384 3451 cett.
403 3397 481 3467 πρσδ.
502 3398 576 3450 ἐστιν
595 3399 632 3459 ὡς
649 3399 708 3453 odd.
726 3406 780 3453 ant.
799 3400 830 3454 F.
850 3398 919 3462 ύςτε
936 3400 985 3454 Ιι1.
1004 3400 1062 3454 ἐστι
1079 3405 1129 3470 τῆς
1147 3405 1198 3453 oet.
1281 3398 1315 3464 ¹⁰)
1333 3394 1373 3450 (l.

242 3483 407 3540 1ι1.ισ.2α.
559 3486 595 3549 11)
618 3484 667 3536 οὐκ
690 3483 750 3539 ασελ.
774 3484 805 3538 R.
957 3484 993 3552 11)
1018 3486 1091 3544 τινος
1115 3484 1154 3544 εἰς
1177 3483 1255 3539 (1.1).
1278 3483 1378 3536 Τευτ.

242 3569 276 3637 11)
294 3571 365 3630 τινος
381 3569 444 3625 add.
462 3567 505 3624 Vi.
523 3570 555 3625 R.
658 3573 693 3637 1⁴)
710 3569 772 3625 dedi
789 3586 822 3626 ex
839 3571 869 3627 P.
888 3570 968 3625 Ταυι.
986 3570 1047 3639 Epi.
1067 3575 1131 3625 cett.
1150 3567 1220 3623 εἰναι

309 3659 336 3724 ο)
354 3653 393 3710 Of.
410 3654 473 3724 Epi.
490 3658 517 3719 5,
533 3659 565 3710 81
586 3656 625 3724 [Ζ.
643 3655 697 3726 30].

695 3931 897 3943 ——..
