2864 4736
519 351 759 416 -428—

86 527 280 611 compellitur
303 533 334 592 et
362 527 495 592 alterum
522 533 643 592 tautum
670 546 727 610 pro
755 546 873 611 poena:
901 533 990 611 patet
1016 527 1090 592 iude
1117 528 1201 593 banc

37 663 74 714 20.
84 653 238 718 actionem
261 653 294 716 in
317 652 445 736 duplum
468 653 586 717 babere
611 651 911 717 condemnationem.
958 655 1009 719 20.
1033 651 1198 728 Quaedam

83 777 223 842 actiones
238 782 303 842 tam
319 775 356 840 iu
379 796 467 860 rem,
491 797 585 858 quam
608 777 646 841 in
669 796 869 861 personam
888 783 1033 841 naturam
1057 776 1198 860 optinere

82 902 235 967 uidentur.
295 901 369 968 talis
407 909 457 968 est
487 901 663 967 familiae
698 902 950 968 erciscundae
983 902 1077 984 actio,
1116 922 1198 984 quae

82 1027 289 1094 coheredibus
305 1029 454 1112 competit
469 1028 510 1093 de
525 1029 620 1093 rebus
636 1027 834 1092 hereditariis
851 1026 1036 1092 diuidendis.
1064 1027 1199 1092 actionis
1237 1038 1263 1088 5»

82 1156 165 1220 enim
181 1154 218 1219 in
234 1175 310 1219 rem
326 1155 405 1219 illud
420 1154 581 1238 proprium
597 1155 702 1236 habet,
720 1154 803 1237 quod
818 1173 869 1219 res
888 1153 1102 1237 persequitur;
1126 1173 1200 1217 nam

81 1279 199 1362 singuli
223 1279 354 1344 heredes
381 1299 439 1364 pro
467 1286 538 1344 rata
566 1279 683 1344 domini
711 1285 791 1344 suut.
837 1285 885 1344 set
912 1278 1046 1344 actionis
1075 1297 1200 1360 quoque

80 1403 116 1467 iu
142 1422 342 1487 personam
366 1404 496 1469 effectus
512 1404 615 1470 habet.
649 1404 801 1488 pleraque
818 1403 901 1468 enim
917 1403 1023 1488 capita
1039 1403 1072 1467 in
1088 1402 1199 1468 eadem

79 1527 280 1610 iuquinmtur
289 1535 384 1611 atque
396 1529 428 1593 iu
445 1529 737 1594 condemnationem
750 1527 954 1612 deducuntur,
970 1548 1051 1609 quae
1065 1528 1199 1593 actionis

79 1653 116 1718 in
143 1673 351 1736 personam,
376 1675 438 1720 nou
461 1656 501 1718 in
523 1674 599 1719 rem
614 1655 745 1738 propria
763 1660 844 1736 snut,
868 1653 960 1718 sicuti
975 1654 1008 1717 iu
1023 1653 1112 1717 libris
1137 1653 1257 1716 »delo

79 1778 295 1864 iudiciis«,¹)
319 1781 388 1844 Deo
412 1778 549 1861 fauente,
572 1780 757 1844 uidebimus.
800 1779 883 1844 idem
907 1778 1073 1844 dicendum
1097 1777 1201 1844 estin

78 1902 199 1968 iudicio
223 1905 407 1969 communi
429 1904 652 1987 diuidundo,
682 1904 767 1985 quod
789 1905 871 1969 inter
893 1924 948 1968 eos
971 1902 1122 1984 redditur,
1148 1902 1200 1983 qni

78 2047 134 2092 res
151 2047 191 2094 ex
206 2028 348 2109 qualibet
362 2048 461 2094 eausa
476 2048 655 2094 communes
670 2029 798 2110 habent,
821 2036 856 2093 ut
871 2028 1060 2092 diuidentur.
1088 2027 1200 2109 quibus

79 2153 261 2218 actionibus
285 2153 368 2218 actio
393 2173 516 2235 quoque
540 2153 672 2218 linium
695 2153 950 2236 regundorum
967 2152 1199 2233 adnumeratur,

79 2297 166 2359 qnae
189 2277 271 2342 iuter
294 2297 349 2342 eos
373 2284 547 2360 exercetur,
572 2277 625 2360 qui
648 2278 787 2343 confines
811 2297 905 2360 agros
929 2277 1056 2358 habent,
1085 2277 1200 2358 quique
1221 2280 1265 2332 15·

80 2402 121 2466 de
147 2401 261 2466 finibus
278 2403 357 2467 inter
373 2423 443 2467 sese
467 2403 713 2468 controuersiam
736 2401 883 2467 habeant.
917 2401 949 2466 in
973 2402 1085 2482 quibus
1101 2401 1200 2465 tribus

79 2527 208 2592 iudiciis
232 2528 420 2612 permittitur
442 2529 540 2594 iudici
562 2529 686 2593 cuidam
710 2549 749 2594 er
772 2526 984 2611 litigatoribus
1009 2546 1048 2591 ex
1064 2527 1146 2591 bono
1170 2533 1203 2590 et

79 2671 188 2733 aequo
212 2673 405 2718 communem
428 2673 494 2718 rem
518 2653 666 2719 addicere
683 2661 714 2718 et
737 2653 793 2718 alii
816 2653 902 2717 aliud
918 2652 1110 2718 adiudicare.
1148 2670 1201 2714 ue-

79 2777 140 2842 luti
163 2777 235 2841 huic
258 2797 339 2858 rem,
369 2797 450 2858 quae
474 2778 499 2842 C
522 2778 627 2842 aureis
650 2779 750 2860 ualet,
780 2785 813 2843 et
835 2778 882 2842 illi
905 2797 986 2858 rem,
1015 2795 1097 2857 quae
1125 2776 1202 2840 item

80 2901 238 2967 (taureis
265 2903 359 2966 ualet.
405 2901 477 2968 ideo
506 2903 589 2967 enim
616 2902 769 2968 eiusmodi
803 2901 974 2967 redduntur
1007 2901 1134 2981 iudicia,
1167 2905 1202 2963 ut
1220 2902 1267 2954 20·

79 3027 260 3092 communio
277 3027 418 3092 soluatur
437 3048 506 3092 cum
529 3026 578 3093 his
595 3047 676 3109 quae
693 3027 765 3092 inde
781 3033 952 3092 nascuntur
968 3025 1201 3091 controuersiis.

78 3173 155 3216 nam
181 3152 209 3216 si
233 3152 324 3216 alteri
347 3151 462 3217 fundus
485 3152 628 3217 addictus
653 3153 703 3234 sit,
729 3153 782 3233 qui
799 3152 830 3216 M
847 3151 952 3216 aureis
968 3151 1084 3232 ualeat,
1110 3147 1201 3213 alteri

79 3277 224 3358 domum,
249 3297 330 3358 quae
353 3277 463 3342 DCCC
487 3279 610 3360 ualeat,
639 3277 898 3342 condemnabitur
920 3277 962 3356 is,
992 3275 1045 3356 qui
1073 3272 1201 3338 fundum

80 3401 245 3485 acceperit
267 3402 298 3465 M
315 3422 495 3485 aureorum,
525 3404 600 3484 quia
622 3404 690 3468 eius
713 3423 788 3486 pars
811 3405 1050 3487 praegrauatur,
1075 3399 1119 3480 ei,
1148 3395 1201 3478 qui

175 3633 196 3703 1]
217 3631 257 3685 Of.
277 3632 340 3701 Dig.
359 3635 400 3698 10,
421 3636 444 3701 2,
465 3635 480 3686 a
499 3649 533 3700 pr
552 3633 608 3702 [qni
626 3633 695 3687 liber
713 3635 757 3687 est
775 3631 816 3686 VI
835 3629 874 3685 dc
892 3627 1030 3683 iudiciis
1050 3629 1085 3682 cl.
1106 3626 1200 3682 (tonat.

80 3721 235 3777 ‘Addmxar'
255 3727 277 3785 ἓ.
298 3723 332 3790 3].
