2884 4728
529 367 769 428 -are-

92 539 246 605 astionem
263 559 303 604 ex
318 546 481 605 contractu
497 540 596 620 nasei,
621 541 697 621 quid
714 541 798 604 enim
817 541 898 605 inter
914 561 948 606 se
965 542 1210 607 contraxerunt?

92 671 134 727 set
147 664 225 744 quia
237 684 300 729 non
312 684 352 728 ex
367 664 522 729 maleficio
535 665 687 730 alteruter
708 671 841 747 tenetur,
866 667 958 746 quasi
982 685 1022 730 ex
1045 674 1209 731 eontraotn

60 809 81 856 r.
92 788 191 853 teneri
207 788 340 853 uidetur.
372 795 401 855 4.
418 789 505 853 Idem
523 796 571 854 est
583 796 614 854 et
630 790 657 854 si
673 810 743 855 oum
760 791 887 872 quidam
905 799 1010 855 essent
1025 790 1208 872 coheredes,

90 913 171 977 alter
199 913 233 977 in
262 914 394 979 alterurn
425 914 565 979 familiae
595 915 799 980 erciscundae
828 915 943 980 indicio
972 923 1062 996 agat,
1092 934 1131 979 ex
1159 915 1208 979 his

90 1038 211 1103 seilicet
226 1040 341 1120 nausis,
359 1060 441 1122 quae
458 1040 497 1104 de
513 1039 628 1105 iudioio
645 1041 801 1104 communi
818 1039 990 1104 diuidundo
1008 1040 1110 1104 diotae
1128 1048 1208 1105 sunt.
1246 1059 1262 1110 5

58 1167 116 1231 ud.
139 1163 177 1227 Si
201 1165 271 1245 quis
294 1165 432 1230 moriens
455 1185 506 1230 me
530 1166 678 1230 heredem
705 1165 888 1247 Instituerit,
917 1165 1075 1248 legauerit
1102 1172 1207 1230 autem

89 1309 108 1352 a
135 1308 189 1353 me
217 1309 284 1355 rem
312 1290 464 1372 alienam,
499 1297 610 1355 teneor
638 1294 764 1372 egomet
790 1289 947 1372 legatario
979 1296 1108 1374 propter
1141 1309 1208 1354 rem

88 1413 228 1495 legatam
252 1435 296 1480 ex
318 1419 556 1480 testamento.
592 1415 675 1479 aetio
692 1420 798 1479 antem
822 1433 866 1479 ex
889 1419 1120 1479 testamento
1144 1435 1208 1479 non

88 1559 125 1601 ex
141 1545 308 1603 eontraetu
331 1539 484 1621 naseitur3
508 1560 582 1604 nam
599 1559 669 1604 oum
693 1559 755 1621 quo
772 1539 966 1604 contraxisse
982 1538 1107 1603 uidetur
1122 1539 1208 1621 lega·
1246 1561 1248 1566 ·

88 1663 213 1728 tarius?
236 1683 298 1728 non
322 1685 399 1729 sane
423 1683 493 1728 oum
516 1670 679 1744 testatore,
704 1663 853 1746 quoniam
870 1663 1035 1746 ignorante
1052 1664 1207 1746 legatario
1230 1681 1263 1734 10

87 1787 118 1850 id
141 1794 277 1852 testator
301 1788 331 1852 ei
354 1789 517 1870 relinquit;
546 1808 648 1870 neque
677 1809 747 1853 eum
776 1789 907 1870 herede,
936 1809 1006 1853 oum
1034 1788 1140 1872 potius
1169 1809 1207 1854 eo

86 1911 187 1976 inuito
203 1913 236 1977 id
251 1913 455 1994 relinquatur.
483 1919 532 1978 set
547 1914 622 1994 quia
637 1934 701 1979 non
716 1919 765 1978 est
779 1913 968 1978 maleficium
984 1914 1069 1994 quod
1084 1921 1207 1996 gestum

53 2044 145 2118 aest,
173 2038 265 2118 quasi
288 2057 328 2102 ex
351 2044 513 2102 eontraotu
529 2038 664 2120 obligari
680 2038 824 2102 dominus
840 2038 1041 2121 intellegitur.
1083 2043 1112 2106 6.
1128 2041 1207 2103 Item

86 2162 112 2225 si
137 2162 211 2242 quis
233 2181 291 2244 per
314 2183 453 2228 errorem
477 2163 560 2244 quod
588 2162 664 2227 mihi
687 2182 751 2227 non
777 2161 945 2228 deberetur
968 2163 1044 2226 mihi
1067 2162 1206 2244 soluerit,

85 2287 181 2367 quasi
204 2305 244 2351 ex
267 2291 428 2351 contractu
451 2287 552 2351 teneri
575 2286 693 2352 uideor.
733 2287 813 2352 adeo
833 2287 915 2351 enim
931 2307 994 2352 non
1017 2288 1143 2371 proprie
1168 2307 1206 2352 ex
1228 2304 1260 2356 15

85 2417 253 2475 contractu
275 2417 398 2492 teneor,
427 2419 460 2475 ut
488 2411 609 2492 siquis
637 2411 834 2495 suptiliorem
862 2419 1013 2494 sequatur
1040 2412 1205 2495 rationem,

84 2535 201 2618 magis,
226 2536 273 2599 uti
295 2536 441 2619 superius
465 2535 610 2618 diximus,
635 2555 675 2600 ex
691 2536 895 2601 dissolutione
913 2536 981 2600 eius
998 2535 1082 2617 quod
1099 2537 1208 2602 deberi

84 2665 232 2742 putatur,
261 2681 356 2743 quarn
381 2681 421 2726 ex
444 2661 543 2726 debiti
570 2662 792 2727 constitutione
821 2661 957 2744 obligari
980 2661 1104 2743 videar,
1133 2683 1206 2728 nam

84 2785 141 2866 qui
159 2804 198 2850 eo
215 2785 320 2849 animo
336 2785 400 2866 dat,
425 2793 459 2850 ut
475 2785 615 2850 debitum
631 2787 743 2868 soluat,
760 2785 831 2850 ideo
847 2786 903 2850 dat
918 2793 952 2850 ut
969 2786 1206 2868 obligationem,

83 2929 184 2988 quarn
208 2909 343 2974 existere
360 2916 460 2993 putat,
485 2911 641 2975 solutione
664 2911 767 2994 magis
784 2910 947 2992 distrahm,
972 2897 1066 2993 qnam
1083 2917 1206 2976 eontra·
1226 2924 1262 2975 ‘20

82 3033 149 3097 hat.
198 3039 246 3099 set
268 3041 375 3099 tamen
397 3035 529 3119 proinde
558 3035 585 3100 is
614 3035 667 3116 qui
696 3035 820 3121 aeoepit
847 3035 1044 3102 oondiotione
1072 3042 1205 3118 tenetur,

48 3169 71 3220 t.
81 3165 184 3239 atque
207 3159 261 3224 ille
286 3159 336 3224 oui
359 3165 500 3223 mutuum
525 3159 632 3224 datum
656 3167 713 3225 est
750 3165 777 3227 7.
801 3161 872 3226 Non
887 3161 921 3225 in
936 3161 1082 3226 omnibus
1102 3160 1206 3226 oausis
