2920 4750
552 294 791 385 muor-

120 493 237 575 putauit
261 500 387 577 praetor
410 496 441 559 in
465 496 608 560 omnibus
631 496 752 562 iuribus
776 498 954 578 subuenire,
979 498 1107 580 oapiiali
1124 519 1227 581 poena

118 619 146 680 iu
162 619 375 700 pecuniariam
392 627 512 684 mutata
528 629 559 685 et
575 627 728 704 perpetua
744 623 866 687 aetione
883 624 915 686 in
933 623 1092 687 annalem:
1118 643 1226 706 perpe-

90 742 255 807 tuitatem
280 742 374 825 igitur
397 745 512 810 aetioni
536 747 684 811 seruauit.
736 752 761 813 1.
778 747 848 812 Non
877 749 977 813 omnis
1005 754 1109 812 autern
1133 748 1226 830 aetio,

116 889 194 948 quae
218 869 308 932 nobis
333 870 497 952 competit,
527 871 579 935 uel
606 892 687 951 quae
716 880 825 936 eontra
847 893 905 938 nos
933 873 1040 955 datur,
1069 873 1136 936 siue
1160 873 1227 937 iure

115 993 199 1058 eiuili
222 993 289 1058 siue
312 995 470 1077 praetorio
495 1016 595 1077 aeque
619 997 787 1062 heredibus
803 1005 835 1063 et
850 997 883 1063 in
898 997 1030 1063 heredes
1046 997 1115 1062 dari
1139 999 1226 1062 solet.
1264 1009 1279 1058 5

114 1119 198 1182 etin
222 1139 342 1184 summa
366 1120 523 1186 actionum
547 1123 702 1203 quaedam
731 1143 771 1188 ex
798 1123 973 1206 matefioiiS,
1003 1123 1159 1204 quaedam
1187 1144 1226 1186 ex

113 1245 323 1309 eontraotibus
348 1253 525 1312 naseuntur.
560 1248 700 1313 actiones
718 1269 758 1313 ex
782 1248 943 1313 maleficiis
967 1248 999 1312 in
1015 1247 1146 1312 heredes
1162 1267 1224 1311 uon

112 1369 375 1434 transmittuntur:
400 1377 448 1434 est
472 1372 552 1434 enirn
578 1373 753 1437 certissima
776 1373 887 1455 regula
910 1372 1050 1438 aetiones
1074 1393 1112 1436 ex
1129 1373 1224 1437 ruale-

111 1491 189 1556 fieiis
212 1495 363 1576 poenales
387 1495 418 1558 in
442 1496 573 1560 heredes
597 1516 660 1561 nou
685 1497 766 1580 dari;
790 1498 888 1561 ueluti
908 1497 992 1577 furti,
1017 1497 1049 1560 ui
1072 1497 1224 1560 benorum

110 1625 280 1700 raptorum,
305 1619 498 1702 iniuriarum,
523 1622 657 1704 exlege
682 1623 817 1702 Aquilia.
856 1629 903 1686 set
919 1621 1087 1686 heredibus
1104 1622 1224 1703 dantur,
1245 1631 1278 1682 10

110 1751 243 1826 excepta
276 1745 458 1810 iniuriarum
491 1746 615 1812 aetione
639 1753 671 1810 et
700 1746 727 1810 si
756 1767 818 1827 qua
846 1747 877 1811 ei
900 1747 1010 1812 similis
1038 1746 1223 1828 inueniatur,

108 1867 207 1932 ueluti
232 1869 314 1933 aetio
339 1870 370 1934 in
394 1871 524 1952 fautum,
548 1891 629 1951 quae
652 1877 726 1936 tuno
750 1871 907 1954 competit,
935 1891 1019 1952 eum,
1044 1871 1138 1935 uenia
1159 1891 1223 1935 non

108 1991 285 2076 impetrata,
310 1999 460 2077 patronus
480 1995 512 2058 in
533 1995 581 2060 ius
601 2001 731 2060 uocatus
752 2003 808 2060 est.
853 1997 933 2060 ratio
957 2015 1031 2060 uero
1055 1996 1222 2060 manifesta

108 2123 163 2182 est
211 2119 370 2182 ebionim
394 2120 580 2185 maleficium
605 2119 741 2185 defuneti
768 2121 852 2185 bona
874 2119 999 2201 minuit,
1028 2126 1101 2184 tune
1129 2121 1221 2185 heres

108 2262 245 2324 quoque,
285 2244 431 2326 quoniam
471 2252 502 2308 et
541 2245 609 2328 ipse
654 2245 807 2309 maleficio
850 2245 954 2309 laesus
998 2253 1057 2328 est,
1096 2245 1220 2310 eodone
1243 2258 1273 2308 15

106 2367 294 2450 experietur.
341 2369 373 2432 id
396 2369 511 2432 aoeidit
537 2369 569 2433 in
596 2369 669 2433 furti
699 2369 821 2434 aetione
850 2375 882 2434 et
912 2369 943 2434 ui
972 2371 1121 2434 bonorum
1149 2391 1220 2453 rap-

104 2497 207 2556 torum
232 2501 263 2557 et
286 2493 318 2558 in
341 2493 465 2558 notione
490 2494 570 2576 legis
598 2495 744 2574 aquiliae.
783 2496 816 2558 in
840 2495 963 2560 notione
987 2501 1090 2559 autem
1114 2495 1219 2559 iniuri-

104 2639 193 2682 arum
220 2639 290 2684 eum
314 2621 442 2702 iniuria,
468 2643 529 2702 qua
554 2639 613 2703 ego
630 2621 761 2685 affeetus
784 2641 862 2702 sum,
887 2640 988 2684 meam
1013 2621 1219 2686 substantiam

103 2749 179 2808 non'
196 2745 329 2826 minuat,
363 2746 473 2810 merito
510 2745 599 2810 heres
628 2765 729 2826 meus,
763 2746 815 2826 qni
849 2765 911 2808 non
939 2763 1039 2824 aeque
1075 2745 1218 2808 iniuriam

103 2889 219 2951 passus
244 2878 300 2950 est,
325 2889 421 2952 agere
445 2891 507 2934 non
523 2869 645 2953 poterit.
684 2868 766 2932 idem
791 2869 876 2932 etin
900 2869 1024 2933 aetione
1048 2868 1079 2932 in
1103 2869 1219 2932 fautum
1238 2879 1272 2928 ⁴20

103 2993 234 3075 optinet.
281 2995 420 3058 actiones
445 3002 548 3059 autem
573 3015 611 3058 ex
629 2993 840 3058 eontraotibus
864 2994 973 3076 proeul
996 2993 1217 3077 impedimento

103 3118 274 3183 heredibus
298 3125 329 3183 et
352 3119 382 3184 in
407 3119 538 3184 heredes
563 3120 726 3184 dabuntur.
762 3118 932 3202 aliquando
956 3125 1060 3182 tamen
1085 3139 1123 3182 ex
1147 3139 1217 3182 eon-

101 3251 206 3307 traetu
231 3243 312 3308 aetio
336 3245 367 3308 in
392 3245 522 3309 heredes
546 3265 608 3308 non
632 3244 788 3328 eompetit.
835 3251 868 3308 ut
891 3264 974 3325 eeee,
998 3263 1063 3306 reni
1080 3243 1164 3326 apud
1187 3251 1217 3307 te

102 3367 252 3454 deposui;
289 3368 401 3434 deiude
432 3368 505 3434 dolo
534 3375 586 3434 tuo
617 3369 740 3434 omuino
770 3369 862 3454 periit
889 3375 943 3432 aut
971 3365 1107 3432 deterior
1133 3367 1217 3432 saeta

154 4199 250 4252 'l'heuph
267 4201 378 4242 Autonoes,
392 4211 433 4240 roe.
449 4199 536 4240 Ferrini.
