2864 4736
508 369 748 436 —436--

82 545 242 610 subuenire
270 545 300 609 ei
329 545 417 610 solet.
469 545 623 610 interdum
653 547 789 610 maiores
817 565 941 627 quoque
970 546 1002 610 in
1029 546 1184 628 integmm

81 668 217 749 restituit,
242 669 270 733 si
292 689 409 751 magna
432 676 463 734 et
485 669 569 734 iusta
592 689 690 734 causa
713 670 812 735 errori
836 671 1033 735 occasionem
1054 670 1184 752 dederit,

80 803 108 859 ut
129 794 223 859 etiam
254 794 513 878 prudentissimus
537 795 669 876 quisque
696 795 761 860 labi
789 803 909 879 posset;
938 796 1036 860 ueluti
1065 795 1097 859 in
1125 796 1184 859 hac

79 919 186 1004 specie.
241 919 378 984 moriens
412 919 496 1002 quis,
535 919 588 999 qui
623 918 726 984 CCCC
760 940 926 984 aureorum
963 919 1184 1004 patrimonium

79 1045 223 1126 babebat,
257 1043 390 1108 instituit
423 1064 473 1107 me
506 1043 661 1109 heredem.
713 1044 833 1126 legauit
866 1045 971 1108 Primo
1006 1064 1118 1108 aureos
1149 1043 1183 1124 C,
1221 1058 1237 1108 o

77 1169 217 1234 Secundo
234 1168 266 1233 C.
302 1175 375 1252 post
397 1172 616 1232 testamentum
639 1167 756 1232 factum
775 1169 981 1251 superuiuens
1005 1168 1184 1233 codicillum

76 1293 204 1376 scripsit,
229 1313 290 1374 quo
314 1293 421 1357 'lertio
445 1299 477 1357 et
500 1291 620 1368 Quarto
643 1292 775 1374 singulis
803 1298 952 1357 centenos
976 1312 1090 1358 aureos
1113 1293 1184 1357 reli·

76 1419 144 1498 quit.
191 1418 406 1483 admonendus
430 1437 464 1482 es
487 1415 647 1482 falcidiam
671 1418 740 1500 ipso
764 1416 831 1481 iure
859 1417 891 1480 id
918 1417 1071 1499 minuere,
1100 1416 1183 1498 quod

75 1543 151 1606 ultra
167 1542 353 1608 dodrantem
369 1543 507 1625 legatum
523 1549 581 1625 est,
604 1543 698 1623 idque
714 1543 844 1626 perinde
861 1543 994 1624 efficere,
1012 1563 1049 1606 ac
1065 1543 1093 1606 si
1107 1563 1184 1606 nun-

75 1689 163 1748 quam
189 1669 327 1750 legatum
345 1688 415 1732 esse
433 1668 599 1733 uideretur.
641 1668 669 1733 si
692 1689 767 1751 ergo
784 1675 856 1752 post
870 1668 1030 1733 testatoris
1053 1674 1184 1732 mortem
1203 1681 1237 1732 10

73 1793 232 1876 aperiatur
254 1799 473 1858 testamentum
497 1799 529 1858 et
551 1794 671 1858 lateant
694 1793 841 1875 codicilli,
866 1812 945 1874 quos
964 1798 1072 1857 extare
1096 1793 1182 1876 lega-

70 1918 220 1982 tariorum
244 1938 335 1982 nemo
363 1919 457 2000 sciat,
486 1938 524 1983 ac
552 1925 718 2001 postquam
747 1917 892 1999 adierim,
920 1918 1027 1982 ueniat
1050 1919 1182 2000 Primutr,

71 2042 172 2106 sciens
197 2041 301 2107 CCCC
317 2063 483 2108 aureorum
499 2064 570 2108 esse
585 2043 816 2126 patrimonium,
842 2051 873 2107 et
888 2048 1002 2126 putans
1020 2042 1070 2107 CC
1082 2044 1183 2107 solum

69 2167 194 2248 legatos
218 2187 298 2249 esse,
322 2187 434 2248 meque
457 2189 520 2233 nou
537 2169 637 2233 solum
657 2167 863 2250 quadrantem
881 2167 999 2232 habere
1015 2168 1072 2232 sed
1088 2168 1183 2233 etiam

69 2291 205 2375 amplius
228 2291 416 2375 quadrante,
445 2299 476 2357 et
499 2299 586 2377 petat
608 2315 628 2358 a
651 2313 701 2358 me
725 2293 750 2356 C
773 2313 900 2375 aureos,
923 2293 1005 2356 idest
1028 2293 1182 2376 integrum
1203 2305 1236 2356 15

68 2423 278 2498 persequatur
300 2418 454 2501 legatum,
483 2424 515 2482 et
541 2417 663 2483 interim
693 2425 868 2502 appareant
891 2417 1041 2498 codicilli,
1070 2417 1182 2498 quibus

66 2541 175 2605 Tertio
200 2548 232 2606 et
247 2541 366 2618 Quarto
390 2542 521 2626 singulis
546 2543 668 2608 centeni
684 2543 771 2607 aurei
795 2543 856 2607 sint
878 2541 989 2626 relicti,
1013 2542 1183 2606 ueletiam

64 2685 140 2747 pars
170 2666 271 2748 legati
293 2667 407 2731 Primo·
428 2668 577 2750 adempta
609 2668 661 2750 sit,
696 2668 778 2732 unde
801 2668 922 2731 Primus
954 2667 1120 2751 plusquam
1153 2667 1183 2730 ei

64 2809 180 2853 reuera
216 2789 383 2855 deberetur
413 2791 530 2874 petisse
565 2790 723 2872 uideatur,
762 2797 891 2874 propter
928 2811 1056 2856 causam
1089 2791 1182 2856 ualde

63 2914 266 2995 probabilem
296 2916 421 2980 ueniam
452 2923 659 2998 consequetur
689 2923 720 2982 et
747 2916 863 2980 LXXV
893 2936 1005 2980 aureos
1038 2917 1235 2999 accipietne

62 3058 167 3120 neque
194 3039 341 3104 damnum
365 3041 488 3124 sentiet,
513 3041 594 3123 lieet,
617 3061 687 3106 cum
710 3041 827 3104 LXXV
850 3047 958 3123 petere
982 3040 1133 3122 debuerit,
1158 3039 1182 3104 C

12 3164 201 3245 repetierit.
219 3169 295 3229 33e.
304 3165 391 3229 Plus
405 3172 508 3230 autem
521 3165 677 3248 petitio,
697 3172 844 3246 quattuor
856 3164 956 3230 modis
966 3164 1180 3229 committitur:

59 3307 97 3350 re
123 3295 299 3371 ternpore
322 3289 407 3353 loc'o
431 3309 560 3354 cauea.
602 3309 657 3370 re,
683 3289 780 3353 ueluti
803 3289 831 3353 si
854 3289 924 3370 quis
947 3290 1051 3372 proX
1067 3289 1180 3370 aureis,

60 3412 113 3491 qui
138 3413 172 3476 ei
198 3412 360 3495 debentur,
390 3415 450 3478 XX
473 3421 574 3498 petat:
604 3420 658 3479 aut
681 3414 708 3478 si
735 3413 878 3496 fundum,
908 3414 995 3478 cuius
1024 3433 1064 3478 ex
1090 3419 1181 3497 parte
