3092 4702
416 644 463 710 De
485 644 714 728 adoptionibus.
759 643 883 710 Titulus
908 645 957 710 11.

209 831 367 898 Nouimus
389 831 665 914 exsuperioribus
693 831 742 899 ius
769 832 936 914 potestatis
958 829 1049 899 nobis
1070 833 1102 898 in
1124 837 1249 900 nosnos

124 951 243 1018 liberos
266 958 454 1034 competere,
477 953 531 1033 qui
555 969 592 1017 ex
614 953 706 1017 iustis
728 951 847 1034 nuptiis
868 950 958 1018 nobis
979 951 1044 1018 nati
1059 957 1142 1016 sunt.
1168 951 1249 1020 scire

123 1079 232 1138 autem
254 1080 380 1155 oportet
400 1074 529 1140 eandem
557 1081 745 1158 potestatem
773 1074 804 1140 in
831 1075 948 1142 liberos
977 1092 1102 1156 qnoque
1129 1074 1249 1156 adopti-

124 1211 181 1258 uos
200 1193 386 1274 procedere.
409 1202 442 1259 et
463 1194 539 1274 quid
562 1202 611 1260 est
633 1192 779 1274 adoptio?
800 1199 889 1260 ectus
904 1193 1062 1276 legitimus
1083 1195 1137 1277 qui
1158 1199 1249 1260 natu·

125 1329 190 1375 ram
217 1311 359 1378 imitatur
382 1312 413 1377 in
435 1310 571 1378 filiorum
595 1311 809 1395 [amissorum]
833 1312 978 1382 solatium
1001 1313 1140 1379 inuenta
1178 1329 1248 1380 cum
1283 1327 1301 1380 s

125 1430 208 1496 enim
235 1429 343 1496 liberis
370 1431 451 1496 forte
478 1449 635 1510 carerem,
665 1430 741 1513 quia
770 1431 896 1512 nuptias
926 1451 987 1497 non
1015 1429 1247 1509 contraxissem,

125 1557 180 1615 aut
203 1550 428 1616 contraxissem
450 1549 588 1634 quidem,
609 1569 671 1616 non
694 1569 770 1618 nero
791 1549 873 1617 filios
894 1551 1083 1632 habuissem,
1111 1556 1166 1618 aut
1194 1550 1248 1616 ha·

125 1669 264 1735 buissem
276 1671 412 1753 quidem,
427 1689 481 1737 eos
497 1690 572 1736 uero
587 1671 771 1749 amisissem,
783 1671 936 1737 eiusmodi
951 1680 1084 1739 naturae
1094 1669 1248 1737 deiectum

126 1796 180 1854 aut
195 1792 292 1855 etiam
305 1791 512 1857 calamitatem
528 1810 597 1856 cum
612 1791 710 1858 lenire
726 1792 851 1872 uellem,
865 1793 1020 1874 quendam
1035 1790 1247 1873 adoptandum

126 1910 293 1991 suscepim.
339 1911 421 1992 quod
444 1929 505 1976 non
526 1909 658 1993 perinde
681 1911 778 1994 accipi
802 1911 909 1988 debet,
938 1929 976 1976 ac
1002 1911 1029 1975 si
1051 1909 1097 1976 illi
1124 1917 1246 1976 tentum
1267 1931 1299 1982 ιο

128 2029 279 2112 adoptare
307 2030 442 2112 possint,
471 2031 525 2114 qni
552 2031 668 2096 liberos
695 2048 756 2096 non
784 2019 937 2110 habeant3
969 2047 1041 2096 nam
1071 2030 1163 2096 etiam
1192 2027 1247 2112 qui

127 2146 244 2214 habent
266 2147 336 2214 sine
356 2147 580 2231 impedimento
602 2149 771 2232 accipient,
794 2149 885 2216 sicuti
908 2150 1003 2215 etiam
1024 2147 1057 2214 in
1080 2146 1248 2230 superiori·

129 2266 185 2332 bus
207 2265 404 2349 propositum
427 2273 491 2345 est,
513 2285 583 2334 cum
606 2268 645 2334 de
673 2287 710 2334 eo
738 2285 813 2334 casu
839 2267 934 2335 locuti
960 2282 1086 2347 sumes,
1118 2265 1151 2333 in
1185 2283 1247 2348 quo

130 2388 196 2469 quis
224 2405 341 2453 nurum
370 2387 420 2452 uel
446 2406 596 2469 generum
626 2388 834 2471 adoptaturus
866 2395 960 2454 antea
986 2383 1084 2452 filium
1110 2384 1247 2452 filiamue

131 2509 325 2588 emancipare
360 2508 461 2574 debet
518 2527 589 2573 nam
621 2509 654 2574 in
687 2528 724 2576 eo
753 2526 878 2592 quoque
904 2526 997 2587 casu,
1027 2506 1088 2576 nisi
1117 2506 1248 2590 nuptiae
1267 2537 1298 2589 15

128 2626 372 2704 intercederent,
403 2645 463 2694 non
492 2637 577 2694 esset
598 2647 654 2696 cur
682 2630 808 2711 adoptio
838 2629 1051 2710 impediretur.
1102 2633 1151 2694 set
1176 2627 1247 2694 ideo

129 2744 194 2812 dixi
215 2749 247 2812 in
271 2747 418 2813 solatium
441 2765 549 2814 eorum
572 2749 626 2831 qui
651 2747 759 2814 liberis
787 2755 932 2814 carerent
956 2746 1155 2830 adoptionem
1178 2763 1248 2814 esse

91 2885 111 2932 1.
127 2865 350 2946 introductam,
372 2873 410 2932 ut
430 2867 461 2932 id
483 2867 568 2950 quod
590 2867 773 2950 plerumque
792 2865 848 2933 fiat
861 2866 1067 2934 ostenderem.
1093 2868 1120 2929 1.
1145 2865 1248 2947 Adop-

128 2983 182 3063 tio,
208 3003 300 3067 qnam
323 2984 436 3052 Graeci
459 2983 616 3049 υἱοθεσίαν
638 2993 766 3065 uocant,
796 3003 866 3052 cum
889 2985 1034 3069 generale
1062 3001 1174 3050 nomen
1196 2985 1246 3063 sit,

126 3103 159 3166 in
182 3103 264 3169 duas
285 3104 406 3185 species
429 3103 609 3184 deducitur,
636 3104 669 3170 in
698 3105 934 3188 adrogationem
963 3101 1083 3171 scilicet
1112 3109 1144 3169 et
1166 3122 1246 3187 quae
1264 3137 1299 3192 ω

127 3223 257 3304 proprie
284 3224 411 3306 adoptio
444 3223 566 3290 dicitur.
619 3226 755 3307 Adoptio
789 3229 895 3290 autem
924 3224 1046 3291 duobus
1072 3222 1173 3290 modis
1201 3222 1245 3302 fit,
1364 3243 1367 3249 ’

130 3348 186 3406 eut
208 3342 369 3426 principali
392 3343 555 3426 rescripto,
577 3349 635 3409 aut
655 3344 786 3427 imperio
808 3345 1058 3427 magistratuum.
1085 3341 1247 3427 principaii

129 3462 281 3544 rescripto
303 3483 356 3530 cos
387 3465 480 3530 essue
506 3465 710 3548 adoptamus,
741 3464 796 3546 qui
825 3483 948 3550 quaeue
977 3463 1028 3530 sui
1057 3463 1134 3530 iuris
1162 3469 1245 3530 eunt
