2898 4712
541 345 687 416 -fffl
731 381 772 392 .-

91 550 166 600 unm
188 547 268 602 neto
287 533 428 603 aedona
457 533 641 602 transfert*
668 541 806 602 ceterum
834 530 926 598 nullis
956 529 1210 614 stipulationibus

90 673 168 737 opus
192 651 270 735 erit3
293 653 364 722 nam
387 656 425 733 ei,
448 651 501 737 qui
523 655 728 719 hereditatem
756 654 910 733 restituit,
939 653 1092 718 securitas
1119 651 1213 715 datur

90 754 157 838 cum
170 753 344 856 ¹nunquam
367 755 586 853 conueniatur3
608 779 640 840 et
662 776 698 852 is,
721 775 771 840 cui
793 773 986 853 restituitur,
1008 775 1038 836 in
1069 779 1137 836 tuto
1165 777 1213 834 est

56 895 75 948 ⁷·
91 900 204 976 utpote
223 893 279 974 qui
301 913 407 959 omnes
438 892 496 959 sibi
524 895 640 960 habeat
667 893 815 959 actiones.
861 895 891 956 7.
925 893 981 968 Set
1013 894 1087 975 quia
1115 892 1212 970 stipu-

91 1013 223 1079 lationes
246 1033 283 1078 ex
307 1022 434 1079 senatus
458 1013 599 1080 consulto
626 1011 794 1096 pegasiano
825 1013 1063 1089 descendentes,
1092 1018 1124 1108 et
1151 1010 1212 1091 ipsi
1246 1011 1263 1062 5

91 1133 273 1216 antiquitati
306 1134 531 1216 displicuerunt
558 1142 590 1199 et
617 1135 804 1217 quibusdam
828 1134 951 1201 casibus
981 1131 1214 1197 iurisconsulto-

90 1265 155 1320 rum
178 1252 327 1334 princeps
347 1251 540 1334 Papinianus
562 1273 617 1318 eas
639 1256 804 1320 damnosas
825 1252 1003 1334 appellabat
1025 1259 1057 1316 et
1083 1255 1213 1318 sanctis-

91 1373 167 1438 simo
190 1375 329 1456 principi
350 1383 457 1440 nostro
479 1394 573 1440 curae
595 1381 644 1440 est
666 1381 701 1438 ut
724 1373 880 1454 simplices
903 1374 1002 1452 magis
1025 1391 1116 1453 quam
1132 1370 1212 1436 diiii·

90 1494 218 1558 cultatis
250 1495 359 1576 plenae
387 1493 472 1592 leges
501 1495 579 1571 sint,
609 1481 867 1559 similitudinibus
894 1493 985 1558 simul
1015 1501 1047 1557 et
1069 1491 1211 1556 differen-

92 1614 140 1677 tiis
171 1595 340 1696 utriusque
369 1615 633 1680 senatusconsulti
660 1613 689 1678 ei
717 1615 891 1696 suggestis,
918 1611 1055 1693 placuit,
1086 1613 1212 1693 exploso
1233 1619 1264 1669 1⁰

91 1731 363 1818 senatusconsulto
396 1735 565 1818 pegasiano
602 1737 717 1816 quippe
752 1731 838 1814 quod
869 1735 970 1800 serius
1001 1733 1211 1798 introductum

89 1855 138 1932 sit,
160 1873 287 1920 omnem
309 1855 528 1922 securitatem
551 1853 734 1922 trebelliano
755 1853 1025 1922 senatusconsulto
1040 1862 1210 1936 praestare,

80 1981 124 2045 -ut
145 1991 183 2040 ex
206 1993 246 2040 eo
272 1973 575 2042 fideicommissariam
597 1975 787 2042 hereditates
816 1976 1038 2052 restituantur,
1068 1975 1135 2040 siue
1156 1975 1211 2038 ha·

91 2096 162 2160 beet
184 2093 284 2162 heres
301 2115 339 2160 er
361 2095 523 2161 uoluntate
539 2095 701 2161 testatoris
719 2095 936 2174 quadrantem,
960 2096 1027 2160 siue
1050 2095 1120 2176 plus
1143 2096 1211 2160 siue

89 2215 190 2304 minus
214 2201 284 2281 siue
306 2197 429 2298 penitus
452 2199 537 2280 nihil.
582 2215 727 2295 quotiens
755 2205 860 2280 autem
887 2207 943 2278 aut
969 2219 1067 2279 totam
1091 2213 1211 2280 heredi·
1232 2225 1261 2276 15

91 2339 185 2400 tutem
217 2330 274 2400 aut
305 2333 375 2417 plus
409 2353 502 2419 quam
535 2336 718 2401 dodrantem
752 2336 887 2418 scriptus
919 2311 1011 2400 heres
1044 2335 1211 2401 restituere

91 2463 218 2536 rogatus
241 2455 292 2533 sit,
314 2452 408 2519 liceat
430 2456 459 2519 ei
482 2455 532 2520 uel
553 2433 697 2536 quartam
720 2455 770 2520 uel
797 2455 881 2538 qnod
911 2453 998 2521 deest
1020 2461 1150 2537 quartae
1174 2441 1210 2522 ax

92 2576 312 2642 mastitntione
341 2577 488 2658 principis
515 2576 615 2642 nostri
643 2579 778 2642 retinere
813 2575 865 2642 uel
892 2578 1027 2644 solutum
1057 2581 1208 2658 repetere,

91 2698 266 2765 sedenibus
290 2715 347 2780 pro
369 2705 439 2764 rata
461 2695 603 2778 portione
626 2699 714 2780 quasi
742 2717 779 2762 cr
802 2699 984 2763 trebelliano
1007 2705 1209 2764 senatuscon-

91 2814 171 2882 sobo
194 2819 277 2882 inter
300 2815 444 2880 heredem
467 2823 561 2896 atque
584 2815 901 2882 fideicommissariam
924 2817 1044 2884 diuisis.
1084 2819 1109 2882 si
1133 2837 1208 2882 uero
1227 2824 1261 2875 20

92 2941 187 3001 totam
210 2936 415 3002 hereditatem
438 2945 547 3018 sponte
571 2937 662 3003 heres
684 2939 866 3018 restituerit,
890 2955 996 3035 omncs
1019 2939 1157 3004 actiones
1180 2940 1209 3003 ei

92 3063 183 3136 etque
205 3055 236 3120 in
259 3072 351 3150 eum„
365 3058 414 3123 cui
438 3057 594 3122 hereditas
618 3049 809 3136 restituitur,
833 3063 1016 3141 competent.
1052 3067 1100 3124 set
1116 3059 1209 3124 etiam

92 3175 122 3240 id
132 3179 214 3258 quod
226 3177 426 3258 praecipuum
439 3178 469 3242 in
480 3177 648 3259 pegasiano
659 3179 928 3244 senatusconsulto
943 3179 1055 3255 lucrat,
1068 3186 1210 3259 transpo

94 3297 138 3362 nit
159 3297 317 3379 piissimus
343 3300 486 3382 princeps
513 3307 621 3366 noster
647 3318 704 3365 sua
732 3299 953 3366 constitutione
983 3301 1022 3365 ad
1053 3297 1208 3364 trebellia-

91 3431 176 3482 numc
208 3419 321 3500 paullo
343 3420 423 3484 enim
447 3421 592 3502 superins
622 3420 815 3502 propositum
843 3418 917 3498 luit,
949 3421 1092 3503 quotiens
1120 3437 1206 3483 recu·
1225 3429 1257 3479 aa

86 3511 139 3601 ¹set
170 3536 261 3604 heres
292 3521 456 3620 tanquanl³¹
473 3545 650 3635 suspectam
687 3539 775 3632 adire
803 3527 1008 3638 hereditatem
1036 3529 1207 3640 'pegasiano
