2960 4704
602 351 792 416 ..9..

133 539 292 626 quomodo
312 540 382 606 inre
402 559 422 605 a
442 538 576 622 singulis
601 538 727 606 condite
752 537 958 622 appellentur.
1001 555 1056 607 sex
1083 539 1167 624 apud
1195 541 1257 610 Ro-

134 679 245 728 manos
266 661 336 726 iura
357 661 504 738 condunt,
526 657 660 742 populus
681 658 770 740 plebs
785 664 913 724 oeuatns
927 658 1071 742 princeps
1091 661 1257 744 magistri·

135 787 189 846 tus
216 781 337 846 morani
359 780 538 862 prudentes.
565 786 599 846 et
626 780 701 862 qnid
727 787 777 848 est
801 780 962 864 populus?
987 782 1146 850 hominnm
1173 799 1256 850 eorn-

134 900 242 967 munis
267 899 456 967 condicionis
478 906 660 979 conuentus,
682 917 744 982 quo
766 901 883 985 priuati
903 901 1024 987 pariter
1044 922 1082 970 ao
1095 909 1255 972 senatores

134 1025 346 1092 continentur.
389 1021 439 1087 ius
461 1028 565 1088 antem
592 1021 676 1104 quod
702 1039 723 1087 a
749 1021 864 1107 populo
891 1023 1037 1092 conditur
1063 1025 1128 1092 lex
1156 1023 1254 1092 audit
1288 1017 1306 1070 ⁶

134 1163 210 1212 cunr
232 1145 315 1213 euim
337 1144 488 1228 scriptum
508 1144 558 1210 ius
579 1145 727 1228 apopulo
749 1143 946 1223 conderetur,
968 1161 1130 1212 wmmune
1150 1152 1256 1213 cutm

142 1265 256 1350 scripti
275 1266 352 1332 iuris
373 1283 486 1333 nomen
507 1265 557 1331 lex
577 1271 671 1344 esset,
692 1281 825 1346 cumque
845 1266 982 1333 omniurn
996 1263 1100 1348 legum
1121 1265 1256 1334 latorum

139 1383 372 1471 quodammodo
394 1389 489 1466 capnt
509 1389 594 1450 esset
613 1384 758 1467 populus,
780 1385 892 1452 merito
913 1385 963 1452 ius
984 1386 1026 1454 ab
1046 1405 1084 1456 so
1098 1386 1258 1455 conditum

136 1505 295 1576 communi
316 1505 501 1588 scriptorum
516 1503 594 1570 iuris
609 1509 847 1590 praeceptorum
869 1507 993 1575 nornine
1006 1513 1056 1576 est
1069 1507 1258 1576 decoratum.

139 1625 394 1693 constituebatur
414 1631 521 1692 antem
541 1625 600 1692 hoc
621 1627 727 1693 modo:
753 1631 899 1694 senatore
920 1628 1107 1710 magistratu
1128 1629 1311 1698 interro-10

137 1753 252 1831 gente,
279 1745 378 1812 ueluti
403 1743 544 1823 consule,
567 1764 607 1811 an
628 1745 661 1811 id
688 1746 831 1830 optinere
856 1754 1029 1831 oporteret,
1050 1747 1185 1832 populns
1205 1749 1260 1816 atl-

141 1867 271 1934 nnabat
298 1866 391 1932 Plebs
406 1871 456 1933 est
469 1865 591 1946 reliqua
612 1867 713 1932 omnis
733 1866 912 1949 multitudo,
932 1869 1131 1937 senatoribus
1152 1886 1261 1952 excep

141 1991 195 2054 tis.
243 1987 293 2054 ius
314 1991 420 2053 autern
441 1986 482 2053 eb
503 2005 542 2052 ea
562 1985 720 2053 conditum
746 1987 853 2070 plebi
881 1985 1027 2056 selturn
1055 1993 1104 2056 est
1124 1987 1262 2073 appello·

139 2117 220 2186 tum,
242 2107 275 2173 ld
297 2113 346 2174 est
367 2105 451 2189 qnod
472 2105 561 2188 plebs
583 2107 696 2172 statuit
709 2112 875 2190 ratumque
894 2105 1013 2174 habuit
1042 2108 1165 2191 plebeio
1179 2109 1260 2176 enlm

140 2227 344 2312 magistratu,
365 2224 465 2293 ueluti
479 2225 614 2303 tribuno,
629 2224 852 2309 interrogante,
872 2225 961 2310 plebs
976 2228 1187 2297 constituebat
1200 2229 1260 2296 ius
1281 2221 1312 2275 ¹⁶

137 2347 235 2414 Plebs
256 2352 364 2414 ouoern
384 2364 405 2412 a
424 2345 539 2428 populo
560 2365 598 2413 eo
620 2345 733 2424 differt,
753 2363 817 2427 quo
838 2306 1084 2429 species'diffcrt
1103 2367 1260 2432 agenore

137 2467 251 2552 populi
274 2467 355 2533 enim
376 2466 584 2550 appellatione
607 2465 747 2532 uniuersi
767 2465 854 2533 ciues
867 2466 1084 2550 significantur
1097 2487 1262 2538 connume·

137 2588 223 2654 ratis
244 2586 387 2668 patriciis
407 2603 445 2652 ue
466 2584 679 2662 senatoribus,
708 2582 809 2667 plebis
834 2592 941 2653 anoern
966 2587 1174 2672 appellatione
1194 2589 1263 2658 sine

82 2733 111 2783 5.
136 2709 284 2792 patriciis
315 2725 353 2774 ac
384 2705 580 2773 senatoribus
610 2707 706 2772 ceteri
738 2707 823 2774 ciues
857 2705 1045 2774 indicantur.
1093 2710 1124 2774 b.
1156 2706 1262 2775 Tertio

133 2831 211 2896 loco
232 2829 305 2895 iura
326 2826 432 2896 condit
453 2827 536 2910 apud
563 2827 720 2894 hmanas
746 2834 885 2893 senatus.
934 2835 1062 2895 senatus
1091 2832 1140 2896 est
1172 2829 1264 2897 colle·
1279 2835 1315 2888 2⁰

131 2951 232 3034 glum
254 2949 394 3014 uirorum
415 2949 618 3024 selectorum,
646 2948 731 3014 omni
754 2949 890 3015 discreto
918 2947 1049 3032 plebeio.
1099 2949 1150 3016 ius
1179 2949 1263 3034 quod

131 3073 185 3138 ab
215 3089 252 3137 eo
275 3069 432 3137 conditum
461 3075 511 3135 est
536 3068 664 3153 proprio
689 3068 814 3137 nomine
839 3070 954 3136 dieitur
978 3077 1143 3137 senatus
1173 3087 1265 3136 con·

128 3189 303 3258 sultam.
361 3195 410 3256 set
442 3192 503 3256 erit
531 3192 585 3274 qul
614 3188 712 3258 dicat:
744 3209 896 3256 curcum
925 3195 1054 3273 possent
1086 3189 1263 3268 conuenire,

127 3313 307 3392 legemque
328 3309 534 3389 constituere,
556 3311 606 3376 ius
627 3311 659 3377 in
686 3318 750 3376 mm
778 3311 883 3377 uarias
911 3311 990 3377 abiit
1017 3307 1264 3394 appellationes?
