2920 4750
569 351 808 417 -493-

130 527 230 607 iubet,
266 536 300 592 ut
333 548 403 593 cum
439 529 593 594 eiusmodi
627 529 703 593 feris
737 529 769 593 in
801 529 955 611 augustiis
982 527 1243 612 comprehensus,

130 652 301 717 secuudum
326 654 408 735 quod
431 655 571 736 regionis
595 654 731 734 qualitas
757 654 877 735 tulerit,
906 654 939 718 in
967 674 1029 734 qua
1057 653 1244 720 maleficium

129 778 299 843 admissum
324 789 379 862 est,
403 780 455 844 uel
478 781 510 844 in
534 779 670 845 uicinum
687 799 774 844 mare
798 779 849 843 uel
872 779 904 843 in
925 799 1048 843 amnem
1064 779 1244 863 proiciatur,

128 904 155 966 si
179 925 265 968 mare
290 905 416 988 longius
440 906 537 970 absit:
567 911 600 970 ut
628 906 712 969 omui
740 905 893 969 elemento
921 905 1013 969 uiuus
1041 911 1243 986 mortuusque

128 1037 245 1094 careat.
292 1031 383 1095 uiuus
407 1032 500 1112 enim,
525 1050 595 1095 cum
618 1031 719 1096 culleo
744 1030 904 1114 operiatur
928 1036 958 1095 et
974 1030 1007 1094 iu
1023 1050 1138 1112 aquam
1162 1031 1244 1114 proi·
1281 1041 1297 1091 5

127 1153 244 1236 oiatur,
293 1157 376 1220 aeris
426 1157 508 1222 idest
550 1155 631 1220 caeli
675 1177 733 1221 usu
781 1155 935 1239 priuatur,
986 1162 1109 1220 mortuo
1159 1161 1245 1220 terra

126 1280 282 1360 aufertur,
312 1302 381 1346 cum
412 1283 532 1346 culleus
556 1283 596 1346 ab
621 1282 712 1346 undis
735 1283 863 1346 feratur.
909 1284 996 1346 ierac
1020 1287 1139 1362 autem,
1164 1301 1244 1363 quas

125 1403 271 1488 diximus,
300 1405 371 1471 ideo
396 1426 465 1470 cum
487 1427 524 1470 eo
546 1407 718 1487 insuantur,
744 1407 819 1487 quia
839 1411 953 1471 natura
969 1405 1087 1470 similes
1111 1406 1140 1470 ei
1161 1412 1242 1486 suut,

124 1549 259 1611 quarum
292 1552 353 1595 una
380 1539 528 1615 parentes
557 1552 630 1596 suos
659 1532 807 1614 deuoret,
836 1539 961 1597 ceterae
990 1553 1009 1596 a
1037 1552 1144 1614 pugna
1174 1551 1243 1596 cum

124 1655 238 1720 iisdem
261 1677 324 1720 non
349 1657 525 1722 abhorrent.
550 1658 588 1722 .si
613 1658 781 1740 quisalius
805 1658 994 1740 cognatione
1010 1659 1062 1722 uel
1081 1657 1243 1722 adfinitate
1263 1668 1298 1719 10

124 1781 250 1845 iunctas
266 1801 418 1865 personas
436 1782 595 1862 occiderit,
620 1783 690 1864 lege
709 1781 856 1847 nomena
879 1783 918 1848 de
940 1782 1062 1847 sicariis
1079 1782 1243 1847 tenebitur.

89 1909 154 1971 ui.
180 1906 237 1970 Est
264 1906 316 1970 lex
344 1926 468 1987 quoque
503 1905 651 1971 Cornelia
679 1907 724 1971 de
751 1907 878 1990 falsis,
913 1927 1008 1988 quam
1035 1913 1242 1973 testamen-

122 2030 262 2096 tariam
286 2050 447 2112 nocemus,
476 2051 558 2113 quae
583 2053 653 2096 eum
677 2032 767 2116 punit
790 2033 844 2113 qui
871 2038 1092 2098 testamentum
1116 2033 1243 2098 aliudue

122 2155 363 2222 instrumentum
387 2159 502 2222 falsum
525 2157 688 2242 scripserit
710 2158 762 2222 uel
786 2159 961 2241 signauerit
987 2159 1039 2223 uel
1062 2159 1243 2224 recitauerit

122 2283 177 2346 uel
216 2282 398 2364 subiecerit,
438 2285 532 2364 quiue
572 2283 694 2366 siguum
730 2283 938 2349 adulterinum
973 2284 1157 2368 imposuerit
1192 2284 1242 2349 uei
1264 2297 1295 2348 15

122 2408 294 2491 sculpserit
326 2408 399 2472 dolo
433 2408 526 2472 malo.
577 2408 645 2473 eius
679 2409 760 2492 legis
787 2429 892 2492 poena
919 2409 952 2472 in
980 2429 1088 2474 seruos
1116 2409 1242 2490 quidem

122 2532 240 2616 eapitis
264 2540 326 2612 est,
356 2533 448 2598 sicuti
472 2534 606 2616 exlege
631 2533 778 2599 Cornelia
808 2533 852 2598 de
880 2533 1037 2598 sicariis
1066 2541 1101 2598 et
1129 2553 1242 2598 uene-

85 2664 108 2715 8.
121 2658 229 2722 ficis:
258 2659 290 2722 iu
317 2665 441 2724 ceteros
471 2658 647 2743 deportatio
676 2667 732 2724 est.
784 2663 812 2726 8.
837 2661 915 2724 Sunt
941 2660 1016 2724 item
1045 2660 1127 2725 duae
1155 2661 1243 2743 leges

120 2783 226 2847 Iuliae
250 2783 294 2848 de
318 2784 353 2847 ui
377 2765 532 2868 publica
556 2784 654 2849 etde
678 2784 715 2849 ui
743 2785 895 2869 priuata
923 2785 1076 2850 aduersus
1099 2805 1164 2868 eos,
1189 2787 1242 2865 qui

122 2909 189 2972 uim
218 2913 371 2974 armatam
401 2909 452 2974 uel
481 2910 549 2974 sine
579 2910 675 2974 armis
708 2909 928 2976 commiserint.
984 2917 1033 2975 set
1062 2910 1089 2974 si
1117 2910 1241 2992 quidem
1261 2920 1296 2971 20

120 3040 249 3099 armata
272 3035 321 3099 uis
344 3034 439 3099 fuerit
461 3035 571 3114 inlata,
596 3035 773 3119 deportatio
796 3055 851 3100 reo
868 3036 1046 3118 inrogatum
1071 3035 1120 3100 sin
1136 3043 1241 3101 autem

120 3159 192 3224 sine
217 3159 320 3242 armis,
344 3159 377 3224 in
400 3161 524 3224 tertiam
548 3161 699 3226 bonorum
723 3167 845 3244 partem
868 3161 1040 3245 publicatio
1061 3162 1240 3244 imponitur.

119 3284 148 3348 si
180 3284 250 3366 quis
280 3304 338 3368 per
365 3285 428 3349 uim
456 3284 611 3368 uirginem
639 3293 693 3350 aut
722 3286 850 3351 uiduam
879 3293 935 3351 aut
963 3287 1241 3368 sanctimonialem,

119 3408 207 3473 idest
230 3410 396 3474 ascetriam
421 3410 473 3474 uel
496 3410 720 3487 diaconissam,
746 3412 899 3495 rapuerit,
924 3431 988 3476 uua
1011 3432 1081 3476 cum
1104 3411 1162 3494 his,
1187 3412 1241 3492 qui

120 3553 216 3617 opem
241 3532 393 3616 dederint,
419 3535 523 3619 capite
547 3537 693 3619 punietur
716 3536 887 3601 secundum
904 3536 1134 3601 constitutionis
1158 3537 1241 3621 prin-
1260 3547 1294 3599 25

119 3659 201 3742 cipis
225 3660 326 3724 nostri
349 3659 571 3742 definitionem,
596 3661 677 3725 unde
702 3661 781 3726 haec
804 3661 917 3726 melius
940 3669 1108 3746 perspecta
1129 3661 1241 3726 haberi
