3092 4702
571 341 782 408 ..32-

139 527 188 592 hoo
207 527 294 592 motio
314 534 479 610 pmentum
502 547 631 596 snorum
654 549 724 598 oum
747 530 862 598 ceteris
888 532 984 600 rebus
1014 533 1158 600 dominus
1179 532 1243 600 iao·

137 653 179 710 tns
198 651 251 710 eat
293 647 406 712 deinde
428 627 503 714 uero
524 649 635 714 nolens
656 647 740 715 filins
761 658 908 732 parentes
935 668 1009 717 snos
1031 651 1065 717 in
1087 651 1241 718 seruitute

135 765 323 845 ignominiosa
345 769 532 849 conspicare,
556 787 610 834 eos
631 770 662 833 in
686 769 815 836 consilio
838 788 932 836 manu
955 770 1048 836 misit.
1086 771 1171 836 iusta
1192 777 1242 837 est

133 901 215 950 cansa
235 901 359 965 qnoque
380 885 407 950 si
428 885 500 966 quis
523 887 608 953 dieat
636 886 733 953 lilium
763 905 854 953 snum
881 907 950 955 esse
977 887 1153 957 naturalem
1185 899 1242 986 aut

132 1003 212 1069 filiam
233 1006 417 1072 naturalem.
461 1005 544 1088 linge
574 1007 656 1072 enim
683 1008 839 1088 quendam
868 1027 944 1075 suae
972 1007 1103 1076 ancillae
1132 1028 1238 1076 amore
1273 1018 1291 1071 o

130 1129 242 1206 captum
267 1123 365 1191 lilium
390 1123 528 1193 filiamne
557 1146 596 1193 ox
628 1146 667 1212 aa
697 1128 858 1210 genuisse
893 1146 1006 1194 seruus
1036 1135 1105 1194 erat
1134 1137 1238 1204 natus.

130 1249 225 1326 utpote
246 1246 301 1325 qui
323 1263 362 1310 ex
383 1264 476 1312 sento
498 1253 611 1313 nentm
633 1247 736 1314 editus
757 1253 850 1315 esset.
900 1255 933 1314 et
954 1247 1096 1315 similiter
1117 1249 1144 1315 ai
1165 1249 1237 1333 quis

128 1363 202 1430 dieat
220 1381 311 1431 ouum
334 1381 403 1431 esse
424 1363 552 1433 tamem
575 1365 761 1447 naturalem,
784 1385 873 1434 suam
895 1385 965 1434 osse
985 1385 1124 1434 sororem
1147 1375 1237 1434 natu·

126 1483 220 1552 ratem
241 1505 313 1552 oum
329 1489 410 1554 enim
426 1494 518 1570 pater
531 1505 621 1554 mena
636 1507 675 1554 ex
688 1486 802 1554 aneilla
817 1505 875 1553 sna
888 1485 970 1554 tilios
984 1487 1140 1567 habuerit
1156 1505 1235 1572 quoe

125 1624 177 1670 non
197 1607 427 1680 manumiserit‚
455 1627 493 1674 eo
514 1615 647 1687 mortuo,
669 1607 740 1674 iure
762 1627 821 1692 ego
843 1625 950 1674 eorum
966 1606 1112 1674 dominns
1133 1607 1289 1674 laotns1⁰

124 1747 195 1806 sum,
214 1745 293 1808 quos
316 1747 376 1811 ego
389 1736 516 1813 propter
530 1727 704 1796 naturalem
720 1729 933 1812 cognationem
948 1729 1168 1795 manumittere
1189 1729 1235 1796 in·

123 1847 209 1914 stitoi.
230 1849 404 1931 probabilis
425 1869 521 1916 musa
542 1856 591 1916 ast
613 1856 646 1916 et
667 1850 694 1915 ei
716 1851 787 1931 quis
809 1849 894 1916 dicat
912 1849 1126 1932 paedagogum
1142 1865 1234 1915 suurn

123 1985 181 2034 esse
200 1971 250 2036 nel
275 1971 443 2049 nutricem,
465 1967 517 2036 nel
537 1969 745 2050 educatorem,
760 1969 812 2036 nel
826 1971 984 2036 alumnum
998 1967 1166 2047 alumnam,
1180 1967 1233 2036 nel

122 2089 355 2167 nummorum,
377 2109 468 2171 qnam
483 2069 619 2168 'noeant3
642 2089 695 2155 nel
716 2107 844 2156 sernum
860 2089 1080 2154 manumittere
1095 2105 1129 2152 se
1151 2086 1232 2154 nelle

120 2210 321 2290 procuratoris
335 2208 471 2275 habendi
486 2208 598 2291 gratia,
621 2215 659 2274 nt
672 2227 742 2275 oum
757 2209 838 2274 enim
861 2209 940 2275 liber
961 2208 1012 2286 sit,
1034 2208 1153 2289 absque
1174 2206 1233 2272 im·
1251 2201 1283 2252 ¹⁵

120 2325 285 2408 pedimento
317 2329 482 2398 lacfflmtes
508 2347 594 2395 meas
623 2329 723 2412 possit
749 2327 977 2394 administrare.
1023 2325 1099 2394 item
1127 2325 1154 2391 si
1177 2343 1232 2393 an·

119 2444 208 2514 oillam
229 2449 444 2516 manumisero
466 2449 655 2514 matrimonii
678 2466 783 2515 caasa.
835 2467 904 2514 oum
927 2450 1009 2514 euim
1031 2447 1114 2514 iuter
1136 2445 1231 2514 ancil·

120 2561 172 2630 lam
190 2572 221 2633 et
241 2568 379 2635 liberum
401 2567 556 2634 hominem
578 2568 709 2650 nuptiae
724 2567 894 2634 consistere
909 2573 1076 2650 nequeant,
1099 2585 1167 2634 eam
1189 2567 1230 2632 ad

118 2682 167 2751 hoc
185 2686 365 2752 manumisi.
408 2687 463 2770 qui
485 2706 563 2754 uero
585 2687 729 2754 ancillam
752 2686 941 2754 matrimonii
964 2704 1059 2752 causa
1080 2685 1230 2752 manumi-

116 2804 191 2884 serit,
211 2807 297 2872 intra
320 2823 375 2871 sex
397 2823 520 2873 menses
541 2804 626 2872 illam
653 2823 781 2872 uxorem
804 2805 919 2872 dueare
941 2805 1043 2882 debet,
1065 2806 1124 2871 nisi
1146 2805 1232 2871 insta
1247 2812 1282 2864 ao

116 2939 200 2990 musa
235 2925 410 3008 impediat,
450 2926 551 2992 ueluti
590 2927 617 2991 si
651 2931 778 2992 senator
812 2925 912 2992 lactus
945 2931 1016 3004 est,
1053 2943 1115 2992 non
1148 2925 1229 2990 enim

115 3041 179 3109 licet
208 3045 351 3110 senatori
384 3044 528 3111 libertam
566 3063 694 3112 uxorem
728 3045 852 3112 (lucere.
908 3051 941 3110 et
976 3045 1030 3126 qui
1065 3045 1230 3110 manumit-

115 3162 182 3227 titur
212 3164 430 3245 procuratoris
462 3163 598 3231 habentli
630 3165 749 3244 gratia,
784 3165 882 3230 maior
914 3161 1007 3229 XVII
1038 3164 1128 3229 annia
1160 3181 1229 3229 esse

85 3280 206 3348 tdebet.
250 3285 282 3348 6.
319 3282 472 3362 Quotiens
494 3289 601 3351 autem
623 3283 719 3349 semei
747 3283 834 3350 insta
856 3301 951 3348 causa
977 3283 1010 3348 in
1033 3280 1161 3348 consilio
1187 3282 1230 3348 ait

115 3400 259 3485 allegata,
281 3403 354 3470 sine
375 3422 452 3471 nera
474 3404 524 3484 sit,
548 3403 617 3470 sine
638 3403 719 3469 laisa
740 3422 802 3470 non
825 3403 1033 3481 retractatur,
1061 3401 1228 3468 manente
1244 3416 1280 3468 as

116 3519 191 3589 sione
212 3531 332 3590 secuto,
377 3532 453 3589 tunc
475 3523 557 3589 enim
580 3521 794 3590 contradicere
816 3520 897 3601 lieet,
921 3540 991 3588 cum
1011 3539 1049 3587 ea
1063 3525 1226 3600 tractator,
