2960 4704
121 556 346 636 uindicandam,
370 559 453 642 quod
476 575 551 625 sane
573 559 682 641 negari
704 577 764 625 non
794 565 908 642 potest.
962 563 988 624 A
1017 560 1139 624 nemine
1166 575 1242 624 uero

120 684 191 744 ante
214 679 303 744 XImn
324 678 375 744 uel
397 677 504 744 ΧΠΙιΙΙῃ
526 681 686 746 saeculum
713 678 920 762 Paraphrasis
948 677 1161 762 Theophili
1189 696 1241 744 no·

120 798 200 862 mine
222 797 407 882 insignitum
426 808 475 864 set
498 817 567 865 cum
584 800 651 865 eius
668 800 799 866 nerbas
814 801 1040 866 uetustioribus
1056 799 1241 874 referantur,

119 913 404 983 institutiones
420 917 602 999 simpiiciter
615 919 795 984 laudantur.
819 919 861 984 Et
877 919 1069 1001 probabilius
1084 919 1152 984 eius
1167 919 1242 984 titu-

120 1034 167 1100 lus
183 1034 257 1101 dlim
273 1035 377 1102 iuerat
394 1061 408 1092 ι
425 1035 712 1122 Τριβουνιανοῦ
732 1037 924 1121 θεοφίλου
945 1040 1007 1103 καὶ
1028 1037 1240 1124 Δωροθέου

116 1155 358 1235 Iustitiam
380 1158 427 1222 ita
448 1155 561 1222 saltem
583 1155 692 1222 notula
718 1160 749 1222 in
779 1159 913 1240 quodam
943 1157 1107 1240 parisiensi
1134 1159 1240 1225 codice

116 1283 245 1342 seruata
266 1275 398 1342 innuere
419 1275 496 1342 mihi
523 1278 690 1361 uidetur1).
743 1287 776 1344 et
803 1297 917 1345 reuera
945 1299 1014 1345 cnm
1038 1279 1239 1361 Digestorum

115 1393 213 1460 Index
235 1414 257 1460 a
277 1393 447 1478 Theophila
469 1395 630 1462 coniectus
651 1399 711 1463 sub
734 1397 801 1462 eim
828 1399 953 1464 nomiae
979 1417 1102 1480 semper
1123 1400 1238 1477 ueniat,

114 1516 227 1580 mirum
249 1513 333 1582 foret
353 1513 592 1612 institutionum
608 1517 830 1598 Parapbrasin‚
854 1519 880 1582 ei
903 1519 944 1582 ab
966 1538 1003 1584 eo
1026 1519 1136 1583 inisset
1158 1537 1239 1584 com-

114 1635 226 1714 posita,
249 1652 408 1716 nunquam
431 1637 471 1701 ab
494 1637 726 1717 antiquioribus
748 1637 794 1702 ita
816 1637 949 1703 laudari.
993 1637 1102 1720 Neque
1124 1639 1239 1704 desunt

112 1762 301 1834 argumenta
331 1753 520 1820 intrinsecus
548 1757 662 1836 petita,
686 1773 767 1836 quae
803 1776 822 1821 a
849 1755 1040 1839 Paraphrssi
1068 1756 1238 1839 Theophilo

112 1873 281 1939 tribuenda
303 1891 433 1955 prorsus
456 1875 645 1939 deterreant
679 1895 718 1940 ne
740 1875 772 1940 in
795 1877 955 1941 erroribus
977 1874 1009 1941 in
1032 1897 1067 1940 re
1089 1876 1239 1944 historica

113 1999 143 2058 et
163 1994 346 2075 antiquaria
368 1993 512 2058 admissis
534 1995 734 2060 recensendis
756 1996 965 2060 subsistamus
988 1996 1032 2078 (in
1055 1995 1169 2078 quibus
1192 2015 1239 2061 re

112 2113 169 2178 bns
202 2121 330 2180 ueteres
362 2113 601 2181 iurisconsultus
634 2135 764 2198 peccare
797 2116 992 2199 frequentius
1029 2126 1136 2182 notum
1166 2117 1238 2197 est),

113 2251 172 2298 nou
197 2233 278 2298 adeo
300 2235 392 2315 pauci
413 2235 445 2298 in
468 2235 536 2316 ipsa
559 2234 698 2316 legitima
718 2235 849 2302 scientia
877 2255 999 2301 errores
1022 2236 1053 2300 in
1077 2237 1134 2302 boc
1157 2235 1238 2300 libro

112 2352 327 2430 inueniuntur,
350 2354 403 2434 qui
426 2363 489 2418 tem
512 2355 598 2420 claro
614 2355 822 2432 Antecessori
845 2355 899 2438 qui
922 2355 1105 2437 praesertim
1126 2357 1157 2420 in
1184 2353 1237 2420 Di·

113 2475 211 2554 gestis
235 2473 456 2556 componendis
479 2474 574 2539 fuerit
597 2481 753 2554 uersatus,
777 2474 844 2540 sine
866 2493 979 2554 marna
1001 2475 1116 2540 iniuria
1139 2475 1236 2541 tribui

113 2599 278 2676 nequeant.
329 2604 361 2659 et
389 2612 428 2658 ue
453 2594 484 2658 in
512 2613 547 2659 re
578 2594 743 2659 manifesta
777 2612 950 2670 moremur,
981 2611 1074 2674 quam
1103 2592 1236 2661 ridicule

113 2713 211 2779 locum
243 2713 284 2777 de
305 2713 471 2779 heredibus
501 2732 539 2778 ex
568 2714 746 2794 disparibus
775 2713 918 2794 partibus
945 2712 1070 2794 scriptis
1100 2713 1233 2778 inuicem

114 2909 315 2920 ψ-

178 3022 201 3085 ¹)
221 3018 285 3072 cod.
304 3033 343 3086 gr.
362 3017 422 3071 Par.
444 3017 510 3072 1367
527 3016 572 3072 iol.
596 3020 639 3072 ab.
664 3017 698 3072 cf.
723 3015 898 3071 Zacharia.
931 3017 957 3070 ‘0
983 3017 1133 3089 πρόχειρος
1152 3017 1235 3080 νόμος

112 3122 138 3172 p.
156 3105 210 3159 XII
229 3121 268 3160 u.:
293 3103 361 3157 haec
382 3111 471 3157 temen
494 3103 523 3156 in
545 3101 611 3158 (iod.
636 3111 764 3171 corrupta
786 3110 855 3157 sunt.
890 3101 922 3156 In
946 3102 1022 3157 libris
1045 3111 1134 3157 tamen
1152 3117 1234 3157 manu

112 3189 221 3260 scriptis
239 3192 365 3259 (quornm
389 3189 478 3244 nullus
503 3203 566 3244 saec
583 3187 641 3242 X1⁰
667 3187 803 3257 antiquior
825 3191 911 3253 extat)
929 3187 1106 3256 Parepbrssis
1123 3188 1234 3244 Thoo-

110 3276 196 3344 phili
215 3276 323 3330 nomine
341 3275 490 3344 insignitur.
528 3274 606 3340 Nam,
625 3281 655 3327 ut
673 3273 706 3328 de
725 3273 768 3329 his
785 3282 890 3327 taceam
911 3273 956 3342 qui
973 3273 1052 3327 initio
1066 3279 1158 3326 carent
1178 3274 1233 3343 [eo-

109 3377 169 3415 rnm
181 3367 273 3414 autem
286 3361 495 3428 subscriptiones
515 3358 578 3413 uide
590 3359 626 3412 sis
638 3358 666 3411 in
678 3358 796 3412 editione
809 3356 861 3412 hac
872 3359 988 3428 nostra]‚
1000 3357 1083 3412 Laur.
1095 3357 1204 3426 LXXX,
1219 3362 1231 3412 l

109 3448 150 3500 sic
165 3445 275 3514 incipit:
296 3447 369 3516 ἀρχὴ
392 3449 441 3515 τῆς
464 3445 577 3517 πρώτης
600 3445 827 3514 ΙνστιτουτίωῘνος
853 3441 999 3514 θεο]φίλου
1019 3444 1232 3515 ἀνταήνσωροςε

110 3533 221 3596 LXXX,
239 3536 270 3586 2:
288 3534 306 3602 ip
325 3531 446 3592 διάταξις
463 3531 608 3597 deflendos
630 3531 665 3583 τὰ
688 3531 852 3584 inmercum.
883 3531 955 3600 ἀρχὴ
980 3535 1030 3600 τῆς
1049 3547 1095 3597 πρ.
1115 3529 1182 3582 ivor.
1203 3527 1232 3584 θ.

109 3619 320 3690 ἀντιιήνσοροςε
338 3619 372 3686 Χ,
394 3623 436 3673 16:
457 3618 529 3689 ἀρχὴ
548 3619 599 3670 σὺν
616 3618 675 3688 θεῷ
694 3621 747 3670 τῶν
766 3616 941 3669 tamarcem
965 3615 1096 3683 θεοφίλου
1115 3615 1231 3668 abraaeo-

111 3723 212 3775 σωρος.
249 3707 324 3777 ἀρχὴ
346 3709 395 3775 τῆς
417 3706 531 3775 πρώτης
552 3705 767 3764 ῐνστιτουτίωνος
792 3703 923 3770 θεοφίλου
943 3703 1153 3771 ἀνταένσωροςε
1174 3699 1230 3755 Pal.

111 3807 150 3858 gr.
172 3796 202 3847 la
221 3793 266 3860 [=
284 3790 402 3844 Bruxeib
421 3794 472 3844 403
490 3797 518 3842 et
535 3789 617 3844 Laur.
638 3788 749 3857 LXXX,
765 3791 809 3857 cl:
828 3789 901 3859 ἀρχὴ
920 3789 970 3840 σὺν
989 3789 1049 3858 θεῷ
1067 3790 1124 3839 τῶν
1140 3783 1231 3839 'Isarc-

112 3877 216 3929 τούτων
239 3876 370 3943 θεοφίλου
390 3875 599 3946 ἀνταὴνσωρος.
636 3875 700 3929 item
719 3874 777 3929 cod.
796 3873 878 3929 Taur.
897 3871 931 3926 de
949 3871 1024 3926 libris
1042 3871 1231 3940 parisiensibus

111 3963 159 4015 cir.
184 3963 298 4016 alteram
321 3961 400 4014 buius
424 3962 514 4030 operis
537 3967 648 4029 partem.
690 3957 749 4028 Ego
773 3967 865 4013 eutem
887 3957 971 4029 ‘dm
996 3957 1045 4010 σὺν
1069 3958 1128 4029 θεῷ
1147 3961 1230 4026 ripen

111 4048 182 4104 lust’
201 4049 306 4118 scripsi,
324 4055 355 4102 ut
378 4047 521 4115 ἀναλογίαν
548 4045 648 4101 codicis
670 4046 862 4113 messanensis,
887 4059 967 4114 quem
989 4043 1017 4097 in
1041 4044 1138 4098 ceteris
1155 4042 1230 4098 libris

113 4141 219 4190 secutus
236 4150 304 4201 sum,
324 4148 467 4188 seruarem.
