<?xml version="1.0" encoding="UTF-8"?>
<!DOCTYPE html PUBLIC "-//W3C//DTD XHTML 1.0 Transitional//EN"
    "http://www.w3.org/TR/xhtml1/DTD/xhtml1-transitional.dtd">
<html xmlns="http://www.w3.org/1999/xhtml" xml:lang="en" lang="en">
 <head>
  <title>
</title>
<meta http-equiv="Content-Type" content="text/html;charset=utf-8" />
  <meta name='ocr-system' content='tesseract 3.04.00' />
  <meta name='ocr-capabilities' content='ocr_page ocr_carea ocr_par ocr_line ocrx_word'/>
</head>
<body>
  <div class='ocr_page' id='page_1' title='image "./institutionumgr02linggoog_0318.png"; bbox 0 0 2936 4704; ppageno 0'>
   <div class='ocr_carea' id='block_1_1' title="bbox 532 345 767 408">
    <p class='ocr_par' dir='ltr' id='par_1_1' title="bbox 532 345 767 408">
     <span class='ocr_line' id='line_1_1' title="bbox 532 345 767 408; baseline 0.004 -1"><span class='ocrx_word' id='word_1_1' title='bbox 532 345 767 408; x_wconf 73' lang='lat'>-142-</span> 
     </span>
    </p>
   </div>
   <div class='ocr_carea' id='block_1_2' title="bbox 103 526 1263 1560">
    <p class='ocr_par' dir='ltr' id='par_1_2' title="bbox 103 526 1212 728">
     <span class='ocr_line' id='line_1_2' title="bbox 103 526 1212 613; baseline 0.001 -20"><span class='ocrx_word' id='word_1_2' title='bbox 103 529 233 610; x_wconf 82' lang='lat' dir='ltr'><strong>princeps</strong></span> <span class='ocrx_word' id='word_1_3' title='bbox 256 532 363 594; x_wconf 87' lang='lat' dir='ltr'><strong>noster</strong></span> <span class='ocrx_word' id='word_1_4' title='bbox 385 526 523 594; x_wconf 90' lang='lat' dir='ltr'><strong>diuinam</strong></span> <span class='ocrx_word' id='word_1_5' title='bbox 546 529 704 613; x_wconf 85' lang='lat' dir='ltr'><strong>quandam</strong></span> <span class='ocrx_word' id='word_1_6' title='bbox 726 531 810 595; x_wconf 75' lang='lat' dir='ltr'><strong>amm</strong></span> <span class='ocrx_word' id='word_1_7' title='bbox 837 528 967 595; x_wconf 79' lang='lat' dir='ltr'><strong>remedii</strong></span> <span class='ocrx_word' id='word_1_8' title='bbox 993 529 1134 605; x_wconf 89' lang='lat' dir='ltr'><strong>inuenit,</strong></span> <span class='ocrx_word' id='word_1_9' title='bbox 1156 547 1212 612; x_wconf 90' lang='lat' dir='ltr'><strong>per</strong></span> 
     </span>
     <span class='ocr_line' id='line_1_3' title="bbox 104 645 1211 728; baseline 0.003 -18"><span class='ocrx_word' id='word_1_10' title='bbox 104 663 183 727; x_wconf 86' lang='lat' dir='ltr'><strong>quam</strong></span> <span class='ocrx_word' id='word_1_11' title='bbox 203 653 238 711; x_wconf 92' lang='lat' dir='ltr'><strong>et</strong></span> <span class='ocrx_word' id='word_1_12' title='bbox 260 645 385 712; x_wconf 79' lang='lat' dir='ltr'><strong>Primus</strong></span> <span class='ocrx_word' id='word_1_13' title='bbox 408 647 627 724; x_wconf 79' lang='lat' dir='ltr'><strong>manumissor,</strong></span> <span class='ocrx_word' id='word_1_14' title='bbox 656 653 688 712; x_wconf 90' lang='lat' dir='ltr'><strong>et</strong></span> <span class='ocrx_word' id='word_1_15' title='bbox 708 647 811 712; x_wconf 84' lang='lat' dir='ltr'><strong>Titius</strong></span> <span class='ocrx_word' id='word_1_16' title='bbox 837 647 892 728; x_wconf 86' lang='lat' dir='ltr'><strong>qui</strong></span> <span class='ocrx_word' id='word_1_17' title='bbox 918 665 980 713; x_wconf 92' lang='lat' dir='ltr'><strong>non</strong></span> <span class='ocrx_word' id='word_1_18' title='bbox 1008 647 1211 726; x_wconf 79' lang='lat' dir='ltr'><strong>consenserit,</strong></span> 
     </span>
    </p>

    <p class='ocr_par' dir='ltr' id='par_1_3' title="bbox 103 765 1263 1560">
     <span class='ocr_line' id='line_1_4' title="bbox 104 765 1212 849; baseline 0 -19"><span class='ocrx_word' id='word_1_19' title='bbox 104 771 130 830; x_wconf 87' lang='lat' dir='ltr'><strong>el</strong></span> <span class='ocrx_word' id='word_1_20' title='bbox 148 782 266 842; x_wconf 89' lang='lat' dir='ltr'><strong>seruus,</strong></span> <span class='ocrx_word' id='word_1_21' title='bbox 286 765 341 849; x_wconf 83' lang='lat' dir='ltr'><strong>qni</strong></span> <span class='ocrx_word' id='word_1_22' title='bbox 363 767 538 832; x_wconf 88' lang='lat' dir='ltr'><strong>libertatem</strong></span> <span class='ocrx_word' id='word_1_23' title='bbox 561 767 732 849; x_wconf 85' lang='lat' dir='ltr'><strong>acceperit,</strong></span> <span class='ocrx_word' id='word_1_24' title='bbox 760 767 828 832; x_wconf 88' lang='lat' dir='ltr'><strong>eius</strong></span> <span class='ocrx_word' id='word_1_25' title='bbox 851 765 1072 832; x_wconf 85' lang='lat' dir='ltr'><strong>constitutione</strong></span> <span class='ocrx_word' id='word_1_26' title='bbox 1094 765 1212 847; x_wconf 79' lang='lat' dir='ltr'><strong>gratias</strong></span> 
     </span>
     <span class='ocr_line' id='line_1_5' title="bbox 104 881 1212 966; baseline 0.001 -17"><span class='ocrx_word' id='word_1_27' title='bbox 104 901 182 966; x_wconf 66' lang='lat' dir='ltr'><strong>mere</strong></span> <span class='ocrx_word' id='word_1_28' title='bbox 202 884 334 964; x_wconf 84' lang='lat' dir='ltr'><strong>possint.</strong></span> <span class='ocrx_word' id='word_1_29' title='bbox 380 885 545 950; x_wconf 84' lang='lat' dir='ltr'><strong>constituit</strong></span> <span class='ocrx_word' id='word_1_30' title='bbox 566 887 649 950; x_wconf 91' lang='lat' dir='ltr'><strong>enim</strong></span> <span class='ocrx_word' id='word_1_31' title='bbox 672 903 799 951; x_wconf 87' lang='lat' dir='ltr'><strong>seruum</strong></span> <span class='ocrx_word' id='word_1_32' title='bbox 822 881 947 951; x_wconf 93' lang='lat' dir='ltr'><strong>omnino</strong></span> <span class='ocrx_word' id='word_1_33' title='bbox 976 902 1045 950; x_wconf 90' lang='lat' dir='ltr'><strong>esse</strong></span> <span class='ocrx_word' id='word_1_34' title='bbox 1068 884 1212 964; x_wconf 90' lang='lat' dir='ltr'><strong>liberum,</strong></span> 
     </span>
     <span class='ocr_line' id='line_1_6' title="bbox 104 1002 1263 1084; baseline 0 -17"><span class='ocrx_word' id='word_1_35' title='bbox 104 1019 163 1068; x_wconf 85' lang='lat' dir='ltr'><strong>oum</strong></span> <span class='ocrx_word' id='word_1_36' title='bbox 182 1010 212 1068; x_wconf 91' lang='lat' dir='ltr'><strong>et</strong></span> <span class='ocrx_word' id='word_1_37' title='bbox 236 1009 363 1070; x_wconf 89' lang='lat' dir='ltr'><strong>ueteres</strong></span> <span class='ocrx_word' id='word_1_38' title='bbox 383 1002 487 1084; x_wconf 83' lang='lat' dir='ltr'><strong>legum</strong></span> <span class='ocrx_word' id='word_1_39' title='bbox 508 1002 625 1068; x_wconf 89' lang='lat' dir='ltr'><strong>latores</strong></span> <span class='ocrx_word' id='word_1_40' title='bbox 647 1004 800 1069; x_wconf 77' lang='lat' dir='ltr'><strong>molinet</strong></span> <span class='ocrx_word' id='word_1_41' title='bbox 827 1009 938 1070; x_wconf 86' lang='lat' dir='ltr'><strong>contra</strong></span> <span class='ocrx_word' id='word_1_42' title='bbox 960 1021 1141 1070; x_wconf 83' lang='lat' dir='ltr'><strong>communes</strong></span> <span class='ocrx_word' id='word_1_43' title='bbox 1163 1021 1213 1068; x_wconf 88' lang='lat' dir='ltr'><strong>re-</strong></span> <span class='ocrx_word' id='word_1_44' title='bbox 1246 1010 1263 1059; x_wconf 78' lang='lat'><em>⁶</em></span> 
     </span>
     <span class='ocr_line' id='line_1_7' title="bbox 104 1119 1212 1204; baseline 0 -17"><span class='ocrx_word' id='word_1_45' title='bbox 104 1119 180 1201; x_wconf 74' lang='lat' dir='ltr'><strong>polus</strong></span> <span class='ocrx_word' id='word_1_46' title='bbox 200 1121 311 1188; x_wconf 85' lang='lat' dir='ltr'><strong>lauore</strong></span> <span class='ocrx_word' id='word_1_47' title='bbox 332 1122 486 1188; x_wconf 72' lang='lat' dir='ltr'><strong>libertatis</strong></span> <span class='ocrx_word' id='word_1_48' title='bbox 508 1122 747 1200; x_wconf 83' lang='lat' dir='ltr'><strong>introduxerint,</strong></span> <span class='ocrx_word' id='word_1_49' title='bbox 770 1127 803 1188; x_wconf 89' lang='lat' dir='ltr'><strong>et</strong></span> <span class='ocrx_word' id='word_1_50' title='bbox 817 1121 956 1188; x_wconf 89' lang='lat' dir='ltr'><strong>Primum</strong></span> <span class='ocrx_word' id='word_1_51' title='bbox 977 1121 1125 1204; x_wconf 80' lang='lat' dir='ltr'><strong>gaudere,</strong></span> <span class='ocrx_word' id='word_1_52' title='bbox 1142 1139 1212 1187; x_wconf 87' lang='lat' dir='ltr'><strong>num</strong></span> 
     </span>
     <span class='ocr_line' id='line_1_8' title="bbox 103 1239 1213 1323; baseline 0 -19"><span class='ocrx_word' id='word_1_53' title='bbox 103 1239 216 1306; x_wconf 88' lang='lat' dir='ltr'><strong>libertas</strong></span> <span class='ocrx_word' id='word_1_54' title='bbox 239 1241 343 1306; x_wconf 90' lang='lat' dir='ltr'><strong>abeo</strong></span> <span class='ocrx_word' id='word_1_55' title='bbox 365 1241 510 1323; x_wconf 85' lang='lat' dir='ltr'><strong>imposita</strong></span> <span class='ocrx_word' id='word_1_56' title='bbox 535 1247 606 1308; x_wconf 84' lang='lat' dir='ltr'><strong>rata</strong></span> <span class='ocrx_word' id='word_1_57' title='bbox 633 1241 804 1320; x_wconf 86' lang='lat' dir='ltr'><strong>habeatur,</strong></span> <span class='ocrx_word' id='word_1_58' title='bbox 833 1246 866 1308; x_wconf 93' lang='lat' dir='ltr'><strong>et</strong></span> <span class='ocrx_word' id='word_1_59' title='bbox 892 1240 1010 1307; x_wconf 88' lang='lat' dir='ltr'><strong>sooinm</strong></span> <span class='ocrx_word' id='word_1_60' title='bbox 1036 1239 1213 1305; x_wconf 85' lang='lat' dir='ltr'><strong>indemnem</strong></span> 
     </span>
     <span class='ocr_line' id='line_1_9' title="bbox 104 1355 1212 1441; baseline -0.003 -17"><span class='ocrx_word' id='word_1_61' title='bbox 104 1361 279 1436; x_wconf 82' lang='lat' dir='ltr'><strong>mnseruari,</strong></span> <span class='ocrx_word' id='word_1_62' title='bbox 302 1359 404 1441; x_wconf 92' lang='lat' dir='ltr'><strong>pretio</strong></span> <span class='ocrx_word' id='word_1_63' title='bbox 427 1359 512 1426; x_wconf 88' lang='lat' dir='ltr'><strong>serui</strong></span> <span class='ocrx_word' id='word_1_64' title='bbox 534 1359 563 1424; x_wconf 91' lang='lat' dir='ltr'><strong>ei</strong></span> <span class='ocrx_word' id='word_1_65' title='bbox 585 1377 605 1424; x_wconf 86' lang='lat' dir='ltr'><strong>a</strong></span> <span class='ocrx_word' id='word_1_66' title='bbox 626 1359 852 1425; x_wconf 78' lang='lat' dir='ltr'><strong>manumissore</strong></span> <span class='ocrx_word' id='word_1_67' title='bbox 874 1358 1022 1426; x_wconf 88' lang='lat' dir='ltr'><strong>restituto</strong></span> <span class='ocrx_word' id='word_1_68' title='bbox 1038 1355 1212 1424; x_wconf 90' lang='lat' dir='ltr'><strong>secundum</strong></span> 
     </span>
     <span class='ocr_line' id='line_1_10' title="bbox 104 1477 1016 1560; baseline -0.004 -16"><span class='ocrx_word' id='word_1_69' title='bbox 104 1482 210 1556; x_wconf 80' lang='lat' dir='ltr'><strong>partem</strong></span> <span class='ocrx_word' id='word_1_70' title='bbox 232 1479 372 1556; x_wconf 93' lang='lat' dir='ltr'><strong>dominii,</strong></span> <span class='ocrx_word' id='word_1_71' title='bbox 395 1480 476 1544; x_wconf 89' lang='lat' dir='ltr'><strong>siout</strong></span> <span class='ocrx_word' id='word_1_72' title='bbox 497 1479 565 1560; x_wconf 87' lang='lat' dir='ltr'><strong>ipsa</strong></span> <span class='ocrx_word' id='word_1_73' title='bbox 586 1477 810 1545; x_wconf 80' lang='lat' dir='ltr'><strong>constitutione</strong></span> <span class='ocrx_word' id='word_1_74' title='bbox 831 1477 1016 1543; x_wconf 82' lang='lat' dir='ltr'><strong>continetur.</strong></span> 
     </span>
    </p>
   </div>
   <div class='ocr_carea' id='block_1_3' title="bbox 266 2117 1030 2196">
    <p class='ocr_par' dir='ltr' id='par_1_4' title="bbox 266 2117 1030 2196">
     <span class='ocr_line' id='line_1_11' title="bbox 266 2117 1030 2196; baseline -0.005 -12"><span class='ocrx_word' id='word_1_75' title='bbox 266 2117 388 2196; x_wconf 86' lang='lat' dir='ltr'><strong>Quibus</strong></span> <span class='ocrx_word' id='word_1_76' title='bbox 413 2117 548 2183; x_wconf 84' lang='lat' dir='ltr'><strong>alienare</strong></span> <span class='ocrx_word' id='word_1_77' title='bbox 570 2117 644 2183; x_wconf 85' lang='lat' dir='ltr'><strong>licet</strong></span> <span class='ocrx_word' id='word_1_78' title='bbox 664 2118 715 2183; x_wconf 89' lang='lat' dir='ltr'><strong>uel</strong></span> <span class='ocrx_word' id='word_1_79' title='bbox 737 2136 809 2184; x_wconf 91' lang='lat' dir='ltr'><strong>non.</strong></span> <span class='ocrx_word' id='word_1_80' title='bbox 854 2117 977 2184; x_wconf 86' lang='lat' dir='ltr'><strong>Titulus</strong></span> <span class='ocrx_word' id='word_1_81' title='bbox 1000 2118 1030 2180; x_wconf 89' lang='lat'><strong>8.</strong></span> 
     </span>
    </p>
   </div>
   <div class='ocr_carea' id='block_1_4' title="bbox 179 2303 1265 2388">
    <p class='ocr_par' dir='ltr' id='par_1_5' title="bbox 179 2303 1265 2388">
     <span class='ocr_line' id='line_1_12' title="bbox 179 2303 1265 2388; baseline -0.005 -17"><span class='ocrx_word' id='word_1_82' title='bbox 179 2303 381 2371; x_wconf 82' lang='lat' dir='ltr'><strong>Recensenda</strong></span> <span class='ocrx_word' id='word_1_83' title='bbox 401 2309 475 2370; x_wconf 89' lang='lat' dir='ltr'><strong>sunt</strong></span> <span class='ocrx_word' id='word_1_84' title='bbox 496 2305 576 2370; x_wconf 89' lang='lat' dir='ltr'><strong>mira</strong></span> <span class='ocrx_word' id='word_1_85' title='bbox 589 2305 744 2387; x_wconf 84' lang='lat' dir='ltr'><strong>quaedam</strong></span> <span class='ocrx_word' id='word_1_86' title='bbox 765 2305 915 2386; x_wconf 83' lang='lat' dir='ltr'><strong>exempla,</strong></span> <span class='ocrx_word' id='word_1_87' title='bbox 939 2305 1052 2388; x_wconf 88' lang='lat' dir='ltr'><strong>quibus</strong></span> <span class='ocrx_word' id='word_1_88' title='bbox 1069 2303 1213 2370; x_wconf 88' lang='lat' dir='ltr'><strong>dominus</strong></span> <span class='ocrx_word' id='word_1_89' title='bbox 1233 2313 1265 2366; x_wconf 83' lang='grc' dir='ltr'><strong>ιο</strong></span> 
     </span>
    </p>
   </div>
   <div class='ocr_carea' id='block_1_5' title="bbox 106 2423 1264 3334">
    <p class='ocr_par' dir='ltr' id='par_1_6' title="bbox 106 2423 1264 3334">
     <span class='ocr_line' id='line_1_13' title="bbox 108 2423 1214 2506; baseline 0.002 -20"><span class='ocrx_word' id='word_1_90' title='bbox 108 2437 270 2487; x_wconf 81' lang='lat' dir='ltr'><strong>rensuum</strong></span> <span class='ocrx_word' id='word_1_91' title='bbox 290 2423 429 2490; x_wconf 84' lang='lat' dir='ltr'><strong>alienare</strong></span> <span class='ocrx_word' id='word_1_92' title='bbox 450 2442 512 2490; x_wconf 93' lang='lat' dir='ltr'><strong>non</strong></span> <span class='ocrx_word' id='word_1_93' title='bbox 533 2423 643 2505; x_wconf 85' lang='lat' dir='ltr'><strong>possit,</strong></span> <span class='ocrx_word' id='word_1_94' title='bbox 664 2423 717 2488; x_wconf 93' lang='lat' dir='ltr'><strong>nel</strong></span> <span class='ocrx_word' id='word_1_95' title='bbox 738 2424 791 2506; x_wconf 90' lang='lat' dir='ltr'><strong>qni</strong></span> <span class='ocrx_word' id='word_1_96' title='bbox 815 2423 959 2490; x_wconf 91' lang='lat' dir='ltr'><strong>dominus</strong></span> <span class='ocrx_word' id='word_1_97' title='bbox 980 2441 1043 2488; x_wconf 95' lang='lat' dir='ltr'><strong>non</strong></span> <span class='ocrx_word' id='word_1_98' title='bbox 1066 2423 1214 2488; x_wconf 81' lang='lat' dir='ltr'><strong>sitrecte</strong></span> 
     </span>
     <span class='ocr_line' id='line_1_14' title="bbox 107 2537 1213 2626; baseline 0.005 -24"><span class='ocrx_word' id='word_1_99' title='bbox 107 2537 209 2608; x_wconf 71' lang='lat' dir='ltr'><strong>menet</strong></span> <span class='ocrx_word' id='word_1_100' title='bbox 228 2543 311 2624; x_wconf 88' lang='lat' dir='ltr'><strong>quod</strong></span> <span class='ocrx_word' id='word_1_101' title='bbox 339 2559 431 2608; x_wconf 89' lang='lat' dir='ltr'><strong>sunm</strong></span> <span class='ocrx_word' id='word_1_102' title='bbox 460 2561 522 2608; x_wconf 94' lang='lat' dir='ltr'><strong>non</strong></span> <span class='ocrx_word' id='word_1_103' title='bbox 552 2548 609 2608; x_wconf 80' lang='lat' dir='ltr'><strong>est.</strong></span> <span class='ocrx_word' id='word_1_104' title='bbox 661 2547 694 2608; x_wconf 90' lang='lat' dir='ltr'><strong>et</strong></span> <span class='ocrx_word' id='word_1_105' title='bbox 723 2542 889 2626; x_wconf 79' lang='lat' dir='ltr'><strong>inprim1s</strong></span> <span class='ocrx_word' id='word_1_106' title='bbox 917 2542 1058 2608; x_wconf 89' lang='lat' dir='ltr'><strong>dicamus</strong></span> <span class='ocrx_word' id='word_1_107' title='bbox 1088 2541 1213 2626; x_wconf 88' lang='lat' dir='ltr'><strong>quando</strong></span> 
     </span>
     <span class='ocr_line' id='line_1_15' title="bbox 106 2657 1213 2742; baseline 0.002 -20"><span class='ocrx_word' id='word_1_108' title='bbox 106 2657 237 2724; x_wconf 91' lang='lat' dir='ltr'><strong>dominus</strong></span> <span class='ocrx_word' id='word_1_109' title='bbox 258 2660 396 2726; x_wconf 82' lang='lat' dir='ltr'><strong>alienare</strong></span> <span class='ocrx_word' id='word_1_110' title='bbox 416 2666 561 2742; x_wconf 80' lang='lat' dir='ltr'><strong>nequeat.</strong></span> <span class='ocrx_word' id='word_1_111' title='bbox 605 2665 642 2725; x_wconf 87' lang='lat' dir='ltr'><strong>nt</strong></span> <span class='ocrx_word' id='word_1_112' title='bbox 668 2678 740 2726; x_wconf 86' lang='lat' dir='ltr'><strong>enee</strong></span> <span class='ocrx_word' id='word_1_113' title='bbox 766 2659 878 2735; x_wconf 81' lang='lat' dir='ltr'><strong>mulier</strong></span> <span class='ocrx_word' id='word_1_114' title='bbox 905 2660 1061 2741; x_wconf 81' lang='lat' dir='ltr'><strong>quaedem</strong></span> <span class='ocrx_word' id='word_1_115' title='bbox 1090 2660 1159 2726; x_wconf 90' lang='lat' dir='ltr'><strong>uiro</strong></span> <span class='ocrx_word' id='word_1_116' title='bbox 1181 2659 1213 2724; x_wconf 94' lang='lat' dir='ltr'><strong>in</strong></span> 
     </span>
     <span class='ocr_line' id='line_1_16' title="bbox 106 2775 1214 2861; baseline 0.001 -20"><span class='ocrx_word' id='word_1_117' title='bbox 106 2775 322 2844; x_wconf 72' lang='lat' dir='ltr'><strong>matrimonium</strong></span> <span class='ocrx_word' id='word_1_118' title='bbox 344 2780 509 2846; x_wconf 82' lang='lat' dir='ltr'><strong>coniuncta</strong></span> <span class='ocrx_word' id='word_1_119' title='bbox 530 2795 582 2844; x_wconf 87' lang='lat' dir='ltr'><strong>res</strong></span> <span class='ocrx_word' id='word_1_120' title='bbox 602 2777 778 2861; x_wconf 79' lang='lat' dir='ltr'><strong>complures</strong></span> <span class='ocrx_word' id='word_1_121' title='bbox 801 2777 883 2844; x_wconf 89' lang='lat' dir='ltr'><strong>dotis</strong></span> <span class='ocrx_word' id='word_1_122' title='bbox 899 2779 1023 2844; x_wconf 90' lang='lat' dir='ltr'><strong>nomine</strong></span> <span class='ocrx_word' id='word_1_123' title='bbox 1038 2777 1139 2854; x_wconf 74' lang='lat' dir='ltr'><strong>dedit,</strong></span> <span class='ocrx_word' id='word_1_124' title='bbox 1162 2775 1214 2842; x_wconf 90' lang='lat' dir='ltr'><strong>de·</strong></span> 
     </span>
     <span class='ocr_line' id='line_1_17' title="bbox 107 2891 1264 2979; baseline 0.004 -24"><span class='ocrx_word' id='word_1_125' title='bbox 107 2891 146 2956; x_wconf 88' lang='lat' dir='ltr'><strong>dit</strong></span> <span class='ocrx_word' id='word_1_126' title='bbox 164 2895 256 2961; x_wconf 90' lang='lat' dir='ltr'><strong>etiam</strong></span> <span class='ocrx_word' id='word_1_127' title='bbox 277 2895 407 2962; x_wconf 84' lang='lat' dir='ltr'><strong>fundum</strong></span> <span class='ocrx_word' id='word_1_128' title='bbox 430 2901 462 2962; x_wconf 88' lang='lat' dir='ltr'><strong>et</strong></span> <span class='ocrx_word' id='word_1_129' title='bbox 482 2915 539 2979; x_wconf 90' lang='lat' dir='ltr'><strong>per</strong></span> <span class='ocrx_word' id='word_1_130' title='bbox 561 2895 761 2962; x_wconf 75' lang='lat' dir='ltr'><strong>traditionem</strong></span> <span class='ocrx_word' id='word_1_131' title='bbox 787 2895 888 2961; x_wconf 90' lang='lat' dir='ltr'><strong>omnis</strong></span> <span class='ocrx_word' id='word_1_132' title='bbox 914 2896 998 2962; x_wconf 91' lang='lat' dir='ltr'><strong>dotis</strong></span> <span class='ocrx_word' id='word_1_133' title='bbox 1025 2896 1130 2962; x_wconf 79' lang='lat' dir='ltr'><strong>ninom</strong></span> <span class='ocrx_word' id='word_1_134' title='bbox 1159 2895 1213 2960; x_wconf 92' lang='lat' dir='ltr'><strong>do·</strong></span> <span class='ocrx_word' id='word_1_135' title='bbox 1233 2921 1264 2973; x_wconf 75' lang='lat'><strong>15</strong></span> 
     </span>
     <span class='ocr_line' id='line_1_18' title="bbox 107 3013 1213 3098; baseline 0.001 -21"><span class='ocrx_word' id='word_1_136' title='bbox 107 3013 212 3078; x_wconf 89' lang='lat' dir='ltr'><strong>minum</strong></span> <span class='ocrx_word' id='word_1_137' title='bbox 234 3015 404 3082; x_wconf 80' lang='lat' dir='ltr'><strong>constituit</strong></span> <span class='ocrx_word' id='word_1_138' title='bbox 448 3015 556 3098; x_wconf 87' lang='lat' dir='ltr'><strong>itaque</strong></span> <span class='ocrx_word' id='word_1_139' title='bbox 577 3016 629 3081; x_wconf 88' lang='lat' dir='ltr'><strong>nir</strong></span> <span class='ocrx_word' id='word_1_140' title='bbox 650 3021 759 3098; x_wconf 86' lang='lat' dir='ltr'><strong>utpote</strong></span> <span class='ocrx_word' id='word_1_141' title='bbox 786 3013 931 3081; x_wconf 89' lang='lat' dir='ltr'><strong>dominas</strong></span> <span class='ocrx_word' id='word_1_142' title='bbox 958 3031 1102 3098; x_wconf 88' lang='lat' dir='ltr'><strong>quaeque</strong></span> <span class='ocrx_word' id='word_1_143' title='bbox 1130 3015 1159 3082; x_wconf 87' lang='lat' dir='ltr'><strong>ei</strong></span> <span class='ocrx_word' id='word_1_144' title='bbox 1180 3013 1213 3078; x_wconf 93' lang='lat' dir='ltr'><strong>in</strong></span> 
     </span>
     <span class='ocr_line' id='line_1_19' title="bbox 108 3129 1214 3216; baseline 0.005 -23"><span class='ocrx_word' id='word_1_145' title='bbox 108 3129 200 3197; x_wconf 81' lang='lat' dir='ltr'><strong>dotem</strong></span> <span class='ocrx_word' id='word_1_146' title='bbox 229 3133 303 3199; x_wconf 82' lang='lat' dir='ltr'><strong>duta</strong></span> <span class='ocrx_word' id='word_1_147' title='bbox 329 3140 404 3200; x_wconf 87' lang='lat' dir='ltr'><strong>sunt</strong></span> <span class='ocrx_word' id='word_1_148' title='bbox 431 3133 596 3202; x_wconf 84' lang='lat' dir='ltr'><strong>alienando</strong></span> <span class='ocrx_word' id='word_1_149' title='bbox 624 3134 774 3201; x_wconf 79' lang='lat' dir='ltr'><strong>transfert</strong></span> <span class='ocrx_word' id='word_1_150' title='bbox 802 3133 973 3201; x_wconf 90' lang='lat' dir='ltr'><strong>dominium</strong></span> <span class='ocrx_word' id='word_1_151' title='bbox 1000 3135 1033 3200; x_wconf 92' lang='lat' dir='ltr'><strong>in</strong></span> <span class='ocrx_word' id='word_1_152' title='bbox 1063 3134 1214 3216; x_wconf 83' lang='lat' dir='ltr'><strong>aecipien-</strong></span> 
     </span>
     <span class='ocr_line' id='line_1_20' title="bbox 108 3250 1216 3334; baseline 0.002 -20"><span class='ocrx_word' id='word_1_153' title='bbox 108 3253 175 3324; x_wconf 80' lang='lat' dir='ltr'><strong>tams</strong></span> <span class='ocrx_word' id='word_1_154' title='bbox 195 3250 325 3320; x_wconf 80' lang='lat' dir='ltr'><strong>fundum</strong></span> <span class='ocrx_word' id='word_1_155' title='bbox 346 3259 451 3320; x_wconf 80' lang='lat' dir='ltr'><strong>antem</strong></span> <span class='ocrx_word' id='word_1_156' title='bbox 473 3254 608 3322; x_wconf 88' lang='lat' dir='ltr'><strong>dotalem</strong></span> <span class='ocrx_word' id='word_1_157' title='bbox 630 3254 681 3322; x_wconf 79' lang='lat' dir='ltr'><strong>lex</strong></span> <span class='ocrx_word' id='word_1_158' title='bbox 695 3252 777 3320; x_wconf 85' lang='lat' dir='ltr'><strong>Iulia</strong></span> <span class='ocrx_word' id='word_1_159' title='bbox 791 3253 929 3321; x_wconf 84' lang='lat' dir='ltr'><strong>alienare</strong></span> <span class='ocrx_word' id='word_1_160' title='bbox 944 3253 973 3320; x_wconf 90' lang='lat' dir='ltr'><strong>ei</strong></span> <span class='ocrx_word' id='word_1_161' title='bbox 988 3257 1086 3328; x_wconf 86' lang='lat' dir='ltr'><strong>uetat,</strong></span> <span class='ocrx_word' id='word_1_162' title='bbox 1108 3268 1216 3334; x_wconf 87' lang='lat' dir='ltr'><strong>quam-</strong></span> 
     </span>
    </p>
   </div>
   <div class='ocr_carea' id='block_1_6' title="bbox 0 0 1478 4704">
    <p class='ocr_par' dir='ltr' id='par_1_7' title="bbox 0 0 1478 4704">
     <span class='ocr_line' id='line_1_21' title="bbox 0 0 1478 4704; baseline 0 0"><span class='ocrx_word' id='word_1_163' title='bbox 0 0 1478 4704; x_wconf 95' lang='lat' dir='ltr'><strong> </strong></span> 
     </span>
    </p>
   </div>
  </div>
 </body>
</html>
