2870 4716
527 399 568 410 -
616 365 678 430 357
727 401 768 410 --

87 541 186 607 locati
214 541 311 622 actio,
338 540 519 606 conductori
547 560 622 605 uero
650 539 809 621 conducti,
838 539 930 604 alteri
957 539 999 604 ad
1025 538 1204 604 mercedem

86 665 353 748 consequendam,
378 665 469 730 alteri
492 671 596 730 autem
613 664 654 729 ad
677 684 743 729 rem
760 663 821 728 sibi
836 663 973 728 locatam
990 662 1202 747 optinendam.

54 800 75 850 1.
89 795 115 856 1.
140 789 183 855 Et
211 809 292 870 quae
321 810 416 874 supra
440 789 573 854 diximus
596 789 628 854 in
655 788 845 870 conditione,
875 788 903 852 si
937 787 1041 853 alieno
1073 787 1203 852 arbitrio

84 915 184 998 pretii
208 915 365 996 quantitas
388 915 483 979 fucrit
504 914 659 998 permissa
683 914 807 1000 (uelutir
832 913 887 980 »sit
910 913 968 978 tibi
990 912 1050 978 hoc
1066 919 1203 996 emptum

86 1039 201 1120 quanti
215 1039 316 1104 Titius
332 1039 584 1124 aestimaueritcl,
604 1039 657 1104 ubi
673 1040 769 1104 etiam
784 1038 991 1104 sacratissimi
1005 1037 1204 1121 imperatoris
1242 1046 1258 1097 5

86 1164 342 1229 constitutionem
364 1163 550 1243 rettulimus,
582 1183 621 1228 ex
644 1183 707 1245 qua
737 1168 914 1228 contractus
937 1162 1115 1228 substantia
1144 1159 1206 1226 dis-

85 1289 233 1352 tinctioni
256 1288 379 1353 cuidam
403 1287 564 1369 subicitur,
588 1287 700 1352 eadem
724 1286 763 1351 dc
778 1286 936 1352 locatione
953 1292 985 1352 et
1000 1284 1206 1350 conductione

87 1411 245 1494 dicautur,
257 1413 401 1493 quotiens
409 1411 513 1476 alieno
525 1411 655 1477 arbitrio
666 1411 819 1476 mercedis
830 1411 988 1492 quantitas
996 1411 1205 1494 permittatur,

88 1536 184 1602 sicuti
207 1543 239 1600 et
261 1537 405 1620 superius
426 1536 656 1620 proposuimus.
702 1537 729 1600 si
745 1536 815 1617 quis
831 1535 941 1601 fulloni
957 1535 1136 1618 pellendam
1153 1540 1208 1597 aut

89 1661 279 1726 sarcinatori
302 1660 499 1726 sarciendam
515 1667 635 1726 uestem
652 1659 788 1742 tradidit,
813 1660 900 1724 nulla
916 1659 1021 1724 statim
1038 1657 1207 1723 constituta
1227 1666 1261 1717 10

88 1785 254 1868 mercede,
289 1791 338 1852 set
369 1791 489 1850 tantum
521 1785 597 1850 darc
631 1785 806 1869 pollicitus,
838 1784 948 1865 quanti
979 1789 1093 1868 postea
1127 1782 1207 1847 inter

89 1916 200 1994 partes
216 1910 407 1992 conuenerit,
431 1915 557 1974 nonest
579 1909 696 1976 locatio
720 1917 752 1974 et
767 1908 942 1990 conductio,
966 1914 1014 1973 set
1030 1907 1110 1972 alius
1134 1925 1207 1972 con·

89 2041 211 2101 mactus
233 2041 362 2118 practer
383 2034 582 2114 locationem,
612 2033 694 2100 undo
722 2033 817 2099 etiam
840 2033 1098 2118 praescriptis
1125 2050 1207 2095 uer-

91 2160 154 2224 bis
178 2159 262 2224 actio
286 2159 385 2224 datur.
431 2165 463 2224 et
484 2179 576 2224 nemo
599 2165 689 2242 putet
715 2158 796 2225 hunc
825 2177 932 2224 cesum
960 2157 1128 2241 principali
1156 2157 1208 2220 de-

93 2283 215 2349 cisione
239 2283 374 2365 deliniri;
398 2304 472 2348 nam
494 2284 621 2349 diversa
643 2282 727 2348 illius
751 2283 981 2349 constitutionis
1004 2284 1127 2366 species
1151 2290 1207 2350 est.
1229 2297 1261 2349 15

93 2429 167 2472 nam
203 2408 248 2472 ita
282 2414 345 2474 est:
374 2408 442 2472 »sit
475 2408 547 2473 tibi
577 2414 739 2492 emptum
767 2407 901 2489 quanti
934 2408 1060 2473 Titius
1091 2408 1206 2473 aesti-

94 2531 286 2614 macerit«,
320 2532 371 2598 hio
404 2539 522 2598 autem:
555 2533 618 2598 ‘sit
647 2533 718 2597 tibi
747 2533 910 2598 locatum
940 2533 1073 2615 quanti
1107 2533 1208 2598 inter

60 2661 292 2737 antrumque
328 2658 568 2723 conuenerit’.
623 2661 652 2724 2.
681 2657 768 2722 Adeo
803 2664 908 2722 autem
940 2657 1051 2721 eadem
1082 2677 1209 2740 prorsus

95 2781 127 2844 iu
141 2779 323 2846 uenditione
343 2788 374 2848 et
391 2781 547 2846 locatione
571 2790 771 2862 quaeruntur,
794 2788 839 2862 ut,
860 2781 953 2846 sicuti
976 2781 1145 2864 ambigitur
1168 2801 1210 2846 an

95 2925 199 2970 rerum
224 2905 413 2988 permutatio
438 2905 576 2972 uenditio
600 2907 653 2988 sit,
680 2905 725 2971 ita
750 2913 781 2971 et
808 2907 839 2970 in
854 2906 1012 2971 locatione
1036 2904 1207 2986 quaeritur,
1228 2917 1263 2968 20

95 3049 165 3093 cum
195 3048 262 3094 rem
290 3049 391 3094 meam
416 3029 554 3095 dederim
578 3031 636 3095 tibi
662 3031 810 3095 utendam
840 3030 907 3095 siue
934 3030 1113 3111 fruendam,
1145 3031 1210 3095 alia

97 3173 156 3234 que
180 3154 315 3219 inuicem
340 3176 361 3220 a
386 3161 418 3220 te
442 3155 519 3219 mihi
546 3155 662 3220 utenda
686 3154 858 3220 fruendaue
883 3154 958 3220 data
980 3155 1084 3236 tuerit,
1112 3173 1153 3218 an
1176 3154 1209 3218 id

96 3277 212 3343 locatio
247 3279 296 3344 sit.
357 3286 388 3345 et
422 3280 541 3363 placuit
577 3300 639 3346 nou
674 3299 759 3361 esse,
799 3286 848 3344 set
881 3279 1041 3362 proprium
1079 3278 1209 3360 aliquod

99 3421 195 3483 genus
219 3410 405 3469 contractus.
442 3404 541 3469 ueluti
563 3403 596 3468 in
618 3404 677 3468 hac
700 3404 815 3487 specie.
853 3402 915 3468 duc
939 3402 1066 3483 quidum
1089 3401 1209 3467 adfines

99 3534 198 3592 erant:
230 3535 361 3609 uterque
392 3549 486 3592 uuum
515 3529 626 3595 bouem
650 3528 801 3593 habebat:
829 3534 940 3592 neuter
966 3527 1062 3610 igitur
1085 3532 1210 3611 poterat
1228 3537 1262 3587 25
