2960 4704
695 349 908 410 ..1¹6-

244 536 264 623 ἢ
287 537 321 600 τδ
344 538 467 600 πάντων
489 533 735 622 ἀληδέστατονῑ)
759 535 792 597 ἐν
815 538 860 621 τῷ
880 537 983 620 καιρῷ
1013 539 1069 621 τῆς
1090 533 1287 610 διαστάσεως
1308 529 1361 610 ὥς·

245 660 304 720 περ
328 637 413 718 παρὰ
434 641 499 712 τοῖς
522 638 729 724 συγκλητικοῖς
751 637 788 723 ἦν
812 639 828 700 ύ
853 637 967 712 ὕπατος
991 637 1200 714 δικαιοδοτῶν,
1223 637 1271 698 καί
1292 636 1360 719 τέμ-

245 763 306 803 νων
328 741 383 816 τὰς
404 740 509 818 δίκας,
549 738 632 802 οὕτω
663 739 711 801 καί
740 739 825 824 παρὰ
855 743 919 815 τοῖς
947 741 1082 814 ἰδιώταις
1112 739 1295 824 προύβληδη
1319 759 1361 812 τις

244 842 279 905 δν
302 840 365 904 ἔδει
388 841 537 930 δέχεσδαι
563 841 618 916 τὰς
648 841 870 926 προσελεύσεις
902 846 962 904 τῶν
991 842 1149 922 δεομένων
1180 844 1258 916 τινδς
1285 841 1358 926 βοη·

210 943 347 1019 οδείας,
376 945 411 1018 tc
433 947 494 1008 ἀπὸ
523 947 577 1030 τῆς
598 944 865 1030 προσελεύσεωςῖ)
899 945 999 1010 ediles
1029 945 1199 1030 ὠνομάσδη
1224 945 1359 1006 ἀπὸτοῦ

244 1047 378 1130 adire³)·
394 1045 460 1110 ελτα
476 1047 525 1110 διὰ
542 1049 593 1133 τὴν
610 1044 765 1131 εὐφωνίαν
783 1047 961 1133 προσετέδη
977 1049 1011 1110 τὸ
1035 1071 1052 1112 ε
1075 1051 1223 1134 στοιχεῖον
1245 1047 1292 1107 καί
1313 1043 1358 1124 γέ-

243 1173 332 1230 γονεν
362 1149 490 1213 aedilee.
540 1148 665 1212 curules
695 1149 730 1210 δὲ
752 1149 809 1211 Ιδιὰ
839 1153 951 1224 τοῦτο,
990 1150 1095 1234 ἐπειδὴ
1125 1149 1288 1236 ἐκέχρηντο
1324 1151 1361 1232 τῇ

242 1249 353 1338 Βέλληέ)
378 1250 414 1337 τῇ
436 1251 607 1336 δπατικῇδ)
650 1250 690 1312 τὰ
717 1249 753 1312 δὲ
780 1249 898 1313 τούτων
929 1249 1068 1314 edictae)
1105 1251 1226 1334 ἐκράτει
1251 1253 1298 1314 καλ
1326 1249 1360 1312 ἐν

244 1359 309 1430 ταῖς
320 1354 486 1441 ἐπαρχίαις.
504 1353 627 1434 ἐλέγετο
640 1353 676 1416 δὲ
691 1355 710 1439 η
727 1353 850 1440 τοιαύτη
867 1353 1035 1438 νομοδεσία
1051 1352 1360 1434 iurishonortrion),

196 1471 227 1522 10
244 1456 349 1542 ἐπειδὴ
372 1457 480 1539 πρδςῖ)
505 1459 589 1542 τιμὴν
613 1461 674 1518 τῶν
698 1457 857 1544 ἀρχόντων
885 1457 1050 1537 τεδένταθ)
1082 1457 1203 1541 ἐκράτει
1233 1455 1359 1536 ταῦταθ)

243 1562 291 1623 καί
313 1559 515 1622 ἐπολιτεύετο.
568 1560 615 1620 καί
643 1560 671 1620 οί
699 1557 819 1623 aediles
849 1557 903 1622 οὖν
936 1559 1142 1643 ένομοδέτοαν
1171 1557 1243 1642 περί
1270 1581 1359 1620 τινων

243 1661 419 1748 κεφαλαίων
443 1663 490 1724 καί
512 1664 547 1723 τδ
571 1661 687 1724 τούτων
710 1659 835 1724 edicton
855 1660 955 1744 μέρος
976 1661 1101 1742 γέγονεν
1123 1659 1190 1748 ἢτοι
1213 1659 1360 1746 σννὴφδη

244 1764 424 1851 τῷεδίοίιρ
449 1769 509 1827 τῶν
533 1763 589 1826 δύο
612 1761 792 1844 praetentu
815 1763 938 1827 urbane
969 1765 1017 1826 καί
1038 1763 1216 1844 peregrine.
1256 1763 1284 1826 9.
1308 1759 1359 1823 Ἐν
1379 1773 1397 1824 9

243 1867 314 1953 ἕκτη
338 1869 423 1939 τιίξει
446 1867 667 1949 νομοδετοῦσιν
690 1869 718 1928 οί
740 1868 842 1950 σοφοί.
890 1867 1010 1950 σοφοὺς
1032 1866 1068 1929 δέ
1090 1867 1170 1947 λέγω
1194 1865 1239 1940 οἷς
1260 1866 1296 1927 τδ
1312 1887 1362 1925 νο-

196 1981 225 2030 15
241 1970 386 2052 μοδετεῖν
408 1969 475 2056 ηῐθ)
498 1968 597 2054 δῆμος
618 1969 637 2054 ἢ
660 1969 828 2054 σύγκλητος
849 1967 869 2054 ἢ
891 1969 1037 2050 βασιλεὺς
1064 1967 1231 2053 ἐπέτρεψε,
1260 1969 1294 2028 τὸ
1324 1966 1361 2030 δὲ

244 2075 323 2156 παρ’
336 2071 438 2146 αὐτοῖς
455 2071 720 2154 νομοδετούμεναν
735 2074 845 2156 γενικῷ
862 2072 988 2152 δνδματι
1002 2072 1143 2154 κέκληται
1158 2071 1359 2152 τθεροαεαΗ)

242 2173 454 2255 prudentium,
470 2173 625 2237 τουτέστιν
641 2175 672 2236 αί
687 2175 863 2258 ἀποκρίσεις
877 2178 940 2236 τῶν
964 2174 1071 2257 σοφῶν
1082 2171 1130 2254 ¹⁹),
1155 2171 1260 2256 ἐπειδὴ
1283 2171 1361 2233 κατὰ

244 2280 349 2339 πεῦσιν
379 2279 427 2338 καί
449 2276 609 2360 ἀπόκρισιν
632 2276 848 2358 ὲνομοδέτονν.
894 2277 927 2338 τδ
950 2273 1125 2355 τὲεροιιεοι]
1155 2273 1190 2336 δὲ
1218 2273 1361 2358 τέμνεται

244 2377 287 2450 εἰς
309 2378 375 2456 δύο,
400 2377 443 2452 εἰς
466 2377 644 2442 sententian
668 2379 716 2440 καὶ
738 2377 941 2459 opinione¹³).
979 2377 1028 2439 καί
1050 2375 1079 2438 τί
1100 2375 1162 2438 ἐστι
1183 2374 1360 2446 sententie;

192 2481 262 2567 207)
297 2477 463 2566 αὐτοτελὴς
496 2482 545 2543 καί
580 2481 792 2563 ἀναμφίβολος
826 2481 992 2564 ἀπόκρισις.
1053 2480 1116 2542 οἷον
1150 2477 1252 2550 ἔξεστι
1284 2478 1363 2541 τόδε

245 2584 400 2665 ποιεῖν’ί)Ι
424 2583 478 2645 οὐκ
500 2581 598 2655 ἔξεστι
619 2583 694 2644 τόδε
717 2585 820 2645 ποιεῖν.
849 2581 1028 2664 opinicnn¹⁵)
1053 2581 1088 2644 δὲ
1110 2581 1361 2667 ηύπεσταλμένη

244 2687 292 2748 καί
312 2685 392 2769 μετὰ
414 2684 645 2765 ἐνδοιασμοῦῑῦ)
670 2685 914 2770 προσφερομένη
943 2683 1122 2764 ἀπόκρισις·
1158 2683 1220 2744 οἷον
1245 2683 1362 2763 νομίζω

241 2788 330 2869 δτιΠ)
354 2785 455 2858 ἔξεστι
479 2787 551 2849 τδδε
581 2790 693 2848 ποιεῖν·
725 2787 836 2870 νομίζω
864 2789 909 2848 δτι
937 2787 992 2848 οὐκ
1021 2783 1123 2857 ἔξεστι
1151 2784 1222 2848 τόδε
1251 2790 1360 2848 ποιεῖν.

242 2889 456 2972 ἐπιτέτραπται
478 2888 514 2952 δέ
535 2889 655 2964 τούτοις
676 2888 811 2974 δημοσίᾳ
842 2889 1023 2970 νομοδετεῐν
1053 2886 1118 2974 ἤτοι
1146 2887 1221 2962 τοὺς
1243 2887 1361 2971 νόμους

190 3011 224 3066 25
242 2991 423 3078 ἑρμηνεύειν
446 2990 553 3064 οἵτινες
568 2991 616 3052 καί
625 2991 662 3071 ¹⁸)
677 2989 891 3054 iurisconsulti
908 2989 1215 3077 προσηγορεύθησαν
1224 2988 1272 3071 ¹⁹),
1289 3013 1359 3052 τοο-

242 3093 341 3158 τέστιν
364 3096 392 3155 οἳ
419 3095 489 3174 περί
517 3093 591 3166 τοὺς
619 3091 731 3176 νόμους
759 3091 1007 3176 ἐπερωτώμενοι.
1060 3091 1220 3156 οοαεύλθτθ
1250 3089 1360 3173 γάρ’ῠ)

306 3353 329 3420 1)
347 3351 537 3420 ἀληδέστερον
555 3349 584 3403 Ρ.
721 3348 744 3413 11)
761 3349 805 3400 διὰ
823 3349 871 3417 τὴν
891 3367 988 3418 πρ-ιν
1014 3347 1043 3402 P.
1068 3347 1110 3400 καί
1133 3346 1186 3399 ἀπὸ
1209 3353 1258 3416 τῆς
1275 3345 1308 3400 F.
1325 3345 1359 3400 R.

238 3435 330 3502 1)(λπδ
348 3426 517 3504 vectonia(
537 3433 554 3484 ὅ
574 3433 633 3486 ἑστι
656 3432 834 3502 πρασέλεοσις
858 3433 889 3486 R.
914 3435 959 3501 qni
987 3432 1020 3487 de
1046 3433 1169 3500 glossem.
1196 3432 1359 3500 suspicatur.

237 3524 261 3586 ⁴)
279 3522 337 3576 nelli
355 3521 404 3574 11².
424 3519 507 3590 σέλλη
527 3527 578 3574 cet.
692 3519 776 3584 ⁵)1al
795 3518 832 3572 ἐλ.
852 3518 882 3572 Ρ.
1000 3520 1023 3586 6)
1041 3519 1089 3571 Ll.
1108 3518 1156 3571 11².
1174 3517 1240 3570 iuris
1257 3520 1356 3585 δνορα-

237 3625 318 3678 ριονιι
336 3607 365 3660 Ρ.
383 3607 425 3660 ine
443 3606 466 3658 λ.
485 3605 515 3658 Ρ.
535 3605 568 3658 R.
671 3605 693 3670 7)
712 3601 751 3663 τίς
767 3603 800 3658 R
903 3605 926 3670 ⁸)
944 3607 1002 3657 τῶν
1020 3605 1156 3656 τεδέντων
1176 3603 1204 3656 Ρ.
1224 3603 1357 3654 τιδὲντων

237 3709 287 3747 em.
307 3691 338 3746 R.
441 3691 464 3759 11)
483 3707 515 3742 τε
533 3689 563 3742 Ρ.
665 3690 701 3753 1⁰)
717 3690 733 3740 δ
750 3687 779 3740 Ρ.
882 3690 917 3754 11)
934 3687 1090 3757 ῥεσπύνσον
1104 3688 1135 3744 F.
1152 3687 1356 3756 responsumR

236 3779 272 3848 ’11)
291 3777 321 3831 Ρ.
345 3785 408 3833 cett.
425 3779 442 3848 ἡ
461 3776 604 3846 ἀπόκρισις
683 3775 719 3840 11)
737 3775 895 3828 sententiam
913 3775 958 3826 καί
976 3776 1128 3843 opinionem
1146 3775 1177 3829 F.
1255 3777 1291 3843 11)
1310 3774 1357 3828 οὐκ

236 3861 297 3917 αδδ.
314 3862 344 3914 Ρ.
448 3863 482 3928 ¹⁵)
501 3858 752 3928 1ι1.1ι1.διιηνίων
773 3858 800 3911 Ρ.
819 3859 910 3927 opinio
929 3859 988 3912 edd.
1091 3860 1126 3925 1⁶)
1139 3860 1293 3924 ἐνδνασμαῦ
1305 3861 1355 3914 L1.

236 3947 283 4002 ht
402 3946 437 4012 l⁷)
455 3946 480 3999 d.
499 3944 546 3999 L1.
565 3944 615 3997 L2.
739 3943 775 4010 1⁸)
794 3943 827 3996 di.
847 3943 878 3996 R.
999 3944 1034 4011 19)
1053 3949 1299 4014 προσηγορεύοντο
1322 3946 1355 3999 F.

233 4033 269 4100 ²⁰)
286 4033 317 4084 δέ
334 4032 370 4086 R.

302 4124 329 4186 a)
348 4118 381 4173 cf.
400 4117 461 4172 Gai.
476 4123 498 4185 1,
516 4119 540 4170 6.
