2960 4704
589 337 801 404 ..10-

133 525 220 592 ratio
242 531 348 592 antem
370 526 447 594 haec
469 531 527 593 est
550 544 620 592 cnm
642 525 742 591 Muta
762 523 884 590 ciuibus
904 523 1089 606 abundaret,
1111 531 1181 594 ortu
1195 531 1254 607 est

134 651 174 711 nt
191 644 261 712 fieri
274 647 365 725 solet
380 647 495 713 seditio
509 646 663 730 quaedam
677 652 710 711 et
723 643 881 711 contentio
896 644 978 710 inter
996 643 1145 726 patricios
1158 651 1254 730 utque

132 766 284 848 plebeios,
306 767 387 833 lorte
409 784 480 833 cum
501 765 627 847 patricii
648 782 771 831 summa
789 781 894 830 rerum
913 763 1030 830 uellent
1043 763 1147 847 potiri.
1169 763 1255 833 ideo·

129 904 199 969 que
218 886 353 954 secessio
375 887 458 954 lactu
479 893 528 952 est
549 893 581 952 et
602 884 732 952 seorsim
754 883 880 966 utrique
900 883 1037 965 agebant
1056 891 1152 968 atqua
1167 904 1255 970 rege·

135 1008 263 1074 bantur.
311 1015 409 1092 atque
438 1027 508 1073 cum
537 1025 598 1074 non
625 1012 753 1090 possent
779 1005 811 1070 in
840 1003 1000 1086 republica
1027 1005 1150 1072 ueremi
1178 1007 1253 1088 quin
1286 1015 1304 1067 o

132 1127 263 1210 negotia
278 1128 505 1205 contraherent,
520 1126 560 1194 ad
575 1125 805 1194 controuersias
825 1124 957 1208 litesque
977 1124 1050 1192 inde
1071 1133 1158 1194 ortas
1179 1125 1252 1194 diri·

132 1249 265 1315 mendas
286 1248 461 1333 epatriciis
475 1250 545 1314 inra
559 1247 684 1312 condita
698 1253 781 1311 sont.
803 1243 933 1310 seorsim
954 1261 1031 1310 nero
1052 1245 1102 1310 ios
1123 1263 1143 1311 a
1162 1245 1254 1328 plebe

127 1387 261 1452 quoque
283 1370 442 1435 conditum
464 1370 526 1446 est,
550 1367 769 1448 diuersumque
789 1371 993 1444 utrorumque
1020 1363 1091 1430 iura
1117 1362 1251 1448 appello·

130 1489 252 1555 tionem
267 1491 377 1556 merito
394 1498 487 1555 nacta
501 1496 584 1554 sunt
607 1505 678 1552 nam
693 1485 777 1569 qnod
792 1505 811 1550 a
825 1490 936 1550 aenotu
958 1485 1161 1551 constitutum
1183 1490 1253 1551 erat
1475 1495 1476 1590 l

129 1605 187 1673 lex
209 1607 360 1690 appellari
383 1627 443 1675 non
466 1614 603 1692 poterat,
625 1604 816 1690 complebis
838 1603 989 1670 adsensus
1013 1623 1074 1670 non
1101 1603 1253 1671 adcessis·
1271 1629 1303 1680 10

128 1733 194 1804 set,
207 1735 239 1793 et
248 1727 320 1794 ideo
332 1729 507 1796 necamurio
519 1728 559 1794 ab
572 1729 619 1806 iis,
630 1726 685 1811 qni
699 1726 732 1792 id
746 1731 923 1802 sanxerant,
935 1731 1062 1792 senatus
1076 1723 1251 1792 consultum

128 1852 185 1916 est
205 1855 362 1928 uocatum,
384 1867 405 1913 a
425 1845 537 1914 sonitu
559 1865 669 1931 nempe
695 1852 728 1916 et
755 1866 788 1924 a,
804 1844 1004 1914 consulendo.
1054 1863 1124 1912 cnm
1152 1844 1252 1928 igitur

129 1974 264 2032 senatus
290 1967 360 2032 lites
383 1966 572 2034 dirimendas
593 1965 780 2050 susciperet,
809 1965 912 2048 iisque
936 1964 1035 2044 natis,
1062 1965 1112 2032 ins
1137 1965 1251 2030 consti·

126 2094 255 2161 tuerat,
285 2088 396 2154 merito
423 2093 587 2153 senatus
608 2086 834 2153 consultum
855 2086 914 2152 hoc
936 2083 1094 2150 audiebat
1120 2083 1195 2150 item
1218 2089 1250 2149 et

124 2205 217 2288 apud
251 2204 374 2286 plebem
408 2205 690 2274 controuersiarum
724 2208 902 2274 occasiones
930 2207 1111 2273 oriebantur
1138 2203 1250 2286 iusque
1269 2226 1300 2278 lo

125 2327 217 2410 apud
241 2345 310 2392 eam
338 2328 544 2406 condebatur,
576 2327 660 2410 quod
691 2328 839 2410 nequibat
865 2326 916 2394 lex
941 2325 1106 2410 appellari,
1140 2333 1249 2410 utpote

122 2445 216 2542 qnod
237 2445 441 2528 patriciorum
464 2465 616 2514 consensu
630 2447 780 2532 scriptum
803 2467 863 2514 non
886 2453 983 2530 aaset3
1004 2446 1248 2514 uocabatnritu·

124 2582 194 2647 qne
214 2564 298 2646 plebi
320 2566 441 2638 scitum.
464 2585 575 2650 nempe
595 2566 679 2649 quod
704 2568 793 2649 plebe
819 2569 964 2636 sciuisset
989 2575 1085 2650 utone
1114 2566 1246 2637 tulisset.

120 2702 201 2750 cum
230 2703 309 2752 nero
340 2685 519 2752 inimicitiae
547 2693 719 2768 perpetuae
750 2686 834 2770 apud
861 2705 915 2754 eos
937 2704 1007 2754 esse
1028 2704 1089 2753 non
1110 2693 1247 2770 possem,

124 2803 316 2871 Hortensius
330 2807 455 2889 quidam
476 2807 529 2873 uir
542 2809 663 2890 patriae
677 2808 910 2875 amantissimus
924 2808 1024 2875 sunsit
1039 2809 1084 2875 eis
1105 2813 1245 2874 mutuam
1264 2812 1299 2866 to

118 2922 256 3004 quidem
278 2925 519 2995 mulinolentiam
542 2929 707 3014 deponere,
728 2930 769 2997 ad
784 2931 980 2997 concordiam
999 2938 1104 3021 autem
1119 2929 1247 3008 reruni,

118 3045 322 3112 calamitates
343 3064 424 3129 quae
446 3067 501 3130 per
519 3048 691 3116 discordias
712 3049 855 3118 accidmo
876 3049 997 3117 soleant
1018 3047 1194 3130 ostendens,
1213 3052 1246 3114 et
