2960 4704
566 345 774 408 ,23-

114 535 198 600 aliam
222 532 398 615 quamlibet
418 534 561 599 nltimam
584 535 788 600 uoluntatem.
822 537 872 597 set
895 537 927 598 et
949 530 1019 596 aliis
1044 530 1152 597 multis
1175 549 1239 596 mo·

114 654 157 718 dis
177 653 311 733 libertas
334 652 403 718 dari
430 659 549 735 potest,
580 654 632 736 qui
660 653 774 734 partim
804 671 841 716 11
866 651 1037 727 ueteribus,
1061 651 1176 732 partim
1200 670 1238 716 cx

79 777 99 826 i·
112 772 262 854 principis
284 773 385 838 nostri
408 772 685 838 constitutionibus
708 777 783 836 sunt
809 770 993 836 introducti.
1038 770 1067 832 2.
1091 769 1236 835 Libertas

110 895 214 956 autem
237 889 341 956 seruis
363 891 446 956 omni
469 900 609 972 tempore
631 891 691 955 rite
719 891 830 967 datur,
859 905 919 952 non
949 889 1048 954 solum
1079 907 1149 953 cum
1173 907 1238 954 ma·

109 1010 260 1090 gistratus
272 1010 305 1074 in
321 1009 471 1075 tribunali
487 1009 546 1090 sit;
568 1010 642 1076 licet
657 1009 739 1075 enim
755 1027 825 1073 cum
841 1014 1056 1073 transeuntem
1071 1007 1238 1072 111111111-
1272 1003 1289 1052 ⁵

109 1129 295 1207 numissum,
317 1127 416 1194 ueluti
436 1147 507 1193 cum
529 1133 657 1208 praetor
679 1127 796 1192 Romae
819 1132 874 1192 ant
889 1123 1058 1208 proconsul
1080 1126 1132 1192 uel
1148 1145 1238 1208 prac-

109 1263 156 1312 scs
177 1247 363 1328 prouinciae
389 1248 420 1310 in
450 1246 618 1328 provinciis
645 1247 677 1310 in
710 1246 854 1311 balneum
886 1246 937 1310 uel
967 1245 1125 1310 theatrum
1153 1251 1237 1321 cant,

109 1366 157 1432 uel
178 1365 326 1448 publicas
349 1365 441 1432 aedes
463 1371 587 1448 petant,
611 1366 662 1430 uel
685 1364 810 1430 demum
841 1383 1038 1446 quacumque
1061 1364 1236 1429 rationein

73 1503 96 1552 a.
109 1485 234 1567 publico
257 1491 433 1551 uersentur.
479 1485 508 1548 3.
532 1484 766 1550 Libertinorum
790 1489 895 1586 autem
925 1489 1030 1548 status
1059 1483 1237 1563 tripertitus

110 1604 223 1670 iuerat
270 1609 364 1670 antea
385 1605 467 1670 enim
490 1607 543 1686 qui
567 1603 889 1681 manumittebantur,
913 1603 1004 1668 modo
1032 1604 1182 1667 maiorem
1205 1609 1238 1666 et
1258 1604 1289 1654 10

110 1724 224 1788 iustam
253 1723 432 1788 libertatem
466 1723 739 1802 consequebantur
777 1727 809 1786 et
841 1720 958 1787 fiebant
992 1721 1078 1786 ciues
1106 1721 1237 1796 romani,

109 1842 201 1908 modo
228 1841 383 1907 minorem
409 1845 442 1907 et
468 1841 559 1906 latini
586 1840 704 1906 iuniani
736 1839 953 1906 efficiebantur
981 1859 1018 1905 es
1046 1840 1115 1920 lege
1145 1839 1238 1904 Innio

110 1958 273 2032 Norbana,
303 1977 383 2040 quac
411 1958 566 2024 eiusmodi
594 1959 805 2024 condicionem
835 1958 1018 2023 introduxit.
1071 1956 1236 2023 dediticios

112 2085 214 2144 autem
240 2077 432 2158 mengitanit
453 2077 504 2142 lex
526 2077 616 2142 Aelia
639 2077 756 2143 Sentio.
798 2077 843 2142 ait
866 2079 965 2143 enim:
997 2077 1023 2142 si
1046 2078 1116 2158 quis
1138 2077 1238 2142 serni·

112 2197 186 2261 tutis
209 2202 353 2277 tempora
375 2196 406 2260 in
429 2197 564 2276 aliquam
587 2195 833 2278 turpitudinem,
857 2215 950 2279 qnam
981 2196 1051 2277 ipsa
1073 2197 1289 2262 recensus-1⁵

111 2316 159 2392 rit,
181 2315 342 2393 inciderit,
364 2316 464 2380 ueluti
492 2317 518 2380 si
546 2315 596 2380 cui
626 2316 773 2396 stigmata
802 2320 933 2398 propter
960 2315 1097 2397 aliquam
1125 2331 1237 2379 noxam

111 2433 202 2498 fronti
238 2434 392 2517 inscripta
421 2434 500 2510 sint,
535 2434 588 2499 uel
613 2435 643 2498 in
673 2433 829 2515 publicam
863 2434 1036 2499 custodiam
1064 2434 1135 2516 quis
1169 2451 1237 2500 con·

111 2552 209 2618 iectus
232 2553 285 2628 sit,
309 2552 360 2618 ael
383 2553 411 2616 si
426 2551 465 2617 de
480 2553 585 2631 aliquo
601 2553 745 2631 quaestio
768 2553 930 2618 tormentis
952 2550 1061 2617 habita
1074 2552 1124 2629 sit,
1148 2551 1238 2632 isque

111 2688 222 2735 nomm
246 2671 290 2734 sit
318 2669 494 2748 confessus,
525 2689 563 2736 ac
583 2677 694 2750 postea
720 2672 751 2736 in
781 2672 915 2752 gratiam
943 2671 1068 2738 domino
1096 2670 1237 2750 redierit,

111 2787 293 2854 dediticium
309 2787 391 2854 bunc
408 2786 477 2852 fieri
491 2788 684 2865 libertinum,
707 2789 747 2854 ad
764 2789 983 2856 dediticiorum
998 2790 1237 2873 peregrinorum
1255 2792 1290 2844 20

111 2907 355 2974 similitudinem.
386 2909 544 2989 qnondam
560 2909 641 2974 cuim
657 2907 785 3004 quidam
802 2909 1040 2990 peregrinorum
1055 2909 1110 2992 qui
1133 2909 1164 2973 in
1187 2927 1237 2975 ro·

112 3045 276 3092 manorum
298 3026 423 3092 dicione
445 3031 552 3103 erant,
582 3023 704 3091 infestis
735 3026 847 3092 animIs
876 3027 1030 3093 aduersus
1067 3047 1122 3093 eos
1150 3045 1238 3092 arma

112 3152 331 3227 susceperunt,
367 3164 445 3228 quos
478 3147 645 3226 pugnando
676 3119 799 3212 romani
826 3147 978 3211 uicerunt.
1029 3165 1100 3212 cum
1130 3163 1237 3211 eorum

111 3263 327 3332 fortitudinem
350 3265 509 3346 peregrini
532 3266 689 3332 sustinere
710 3284 773 3330 non
800 3272 946 3348 possent,
976 3266 1073 3330 armis
1095 3265 1237 3342 abiectis,

109 3383 189 3448 uicti
209 3402 278 3450 sese
306 3383 504 3450 dediderunt.
554 3384 668 3465 quibus
695 3385 826 3450 Romani
850 3385 1046 3452 clementiam
1075 3389 1234 3452 sectantes
1255 3391 1288 3448 25
