2876 4712
501 351 734 416 ..290-

790 455 805 498 b

61 557 147 613 uerso
169 538 277 604 fratris
298 540 474 622 sororisque
496 539 633 622 abnepos
655 538 808 622 abneptis,
831 545 864 605 ct
878 538 1098 607 conuenienter
1119 541 1173 609 ab·

61 665 187 740 patruos
217 661 369 738 abamita,
399 659 481 726 idest
508 659 599 725 abaci
628 658 726 725 frater
754 666 787 726 et
818 676 924 737 soror,
958 660 1172 726 abaunncolns

60 779 276 857 abmatertera,
300 778 382 844 idest
403 777 535 844 abaniae
556 777 655 844 irater
680 797 717 844 ac
742 795 844 844 soror:
874 777 1016 843 similiter
1043 784 1076 844 ct
1102 798 1172 846 con-

58 897 199 963 sobrinus
222 905 255 964 et
276 898 471 976 consobrina,
494 897 577 964 idest
597 899 667 981 quis
689 915 809 978 quaene
828 916 866 963 ex
884 895 1033 965 iratribus
1047 904 1172 980 patrue-

26 1027 45 1080 t.
59 1017 135 1082 libus
157 1017 212 1083 uel
235 1017 426 1084 consobrinis
448 1018 499 1085 uei
526 1017 663 1083 amitinis
690 1023 946 1101 progenerantur.
997 1019 1026 1081 7.
1059 1017 1171 1085 Hacte-
1204 1026 1222 1077 o

58 1155 111 1202 nus
136 1137 316 1204 ostendisse
337 1136 451 1203 sufficit
473 1137 732 1220 quemadmodum
759 1136 952 1219 cognationis
977 1137 1093 1219 gratim
1115 1157 1171 1204 nn·

57 1263 229 1321 merentur:
252 1257 332 1321 scire
354 1257 434 1321 enim
458 1254 553 1323 debes
575 1254 729 1337 quomodo
757 1261 907 1337 generata
935 1273 1077 1337 quaeque
1102 1275 1171 1338 pcr-

57 1393 125 1439 sona
161 1377 296 1456 gradum
325 1374 455 1440 adiciat:
482 1373 606 1441 facilius
638 1381 743 1439 eutem
775 1379 824 1440 est
855 1374 1043 1455 respondere
1074 1383 1170 1456 quoto

58 1496 186 1575 quisque
218 1494 318 1577 gradu
352 1495 409 1572 sit,
438 1512 530 1577 qnam
557 1495 699 1577 proprias
726 1494 917 1576 cognationis
946 1493 1169 1576 appellationes

23 1617 42 1667 8·
58 1613 239 1696 exprimere.
284 1614 312 1678 8.
346 1613 463 1680 Eodem
485 1613 794 1695 modoadgnationis
816 1632 853 1679 ac
881 1613 1073 1695 cognationis
1101 1616 1221 1696 gra-1⁰

21 1745 40 1796 e.
58 1734 110 1799 dus
132 1741 350 1800 numerantur.
395 1735 424 1798 9.
460 1733 516 1800 Set
538 1751 607 1800 cum
630 1733 749 1800 ueritas
776 1749 831 1814 per
858 1732 963 1798 oculos
992 1750 1086 1815 quam
1114 1750 1171 1813 per

55 1869 142 1918 aures
167 1851 264 1918 fidem
287 1854 437 1934 potiorem
466 1851 670 1930 nanciscitur,
699 1851 769 1916 ideo
797 1852 1004 1918 necessarium
1026 1857 1169 1934 potatum

56 1978 98 2036 cst
118 1979 193 2052 post
218 1971 371 2052 graduum
398 1972 608 2036 narrationem
635 1971 720 2052 ipsos
748 1971 839 2036 etiam
869 1970 987 2052 gradm
1014 1971 1169 2052 praesenti

51 2090 125 2157 libro
147 2090 290 2168 inscribi,
313 2095 467 2170 quatenus
489 2101 522 2156 et
542 2091 671 2157 auribus
691 2095 723 2158 et
743 2091 934 2174 inspectione
953 2088 1169 2155 adulescentes

52 2209 122 2275 baec
151 2211 361 2292 percipientes
388 2207 645 2291 perfectissimam
679 2208 832 2291 manuum
862 2207 1033 2273 doctrinam
1055 2208 1167 2291 adipis·
1188 2211 1218 2264 ¹⁶

51 2338 165 2396 cantur.
