3092 4702
590 337 797 404 ..54-

144 523 269 590 familias
289 542 348 606 per
368 524 596 607 imperatorem,
619 541 721 606 neone
740 522 971 592 filiumfamilias
985 524 1068 607 apnd
1086 523 1252 606 magistre-

144 651 211 710 tnn.
245 643 359 727 quibus
381 643 463 711 enim
484 650 599 710 natura
619 661 769 726 generare
795 661 856 710 non
878 643 1038 727 permisit,
1068 642 1117 710 his
1144 661 1184 710 ne
1203 644 1253 710 ins

142 763 272 846 quidem,
294 770 426 862 naturae
447 763 581 844 uestigia
602 769 754 830 secutum.
797 761 883 829 nulla
911 764 992 829 anim
1022 780 1094 845 spes
1124 769 1172 830 est
1200 782 1253 830 eos

141 883 251 950 liberos
271 883 442 964 genitores
485 881 583 966 spado
605 888 726 960 antem,
757 883 808 948 oni
834 899 908 964 spes
938 887 988 948 est
1013 883 1121 949 morbo
1149 881 1253 950 soluto

142 1021 290 1084 generare
310 1020 412 1084 posse,
433 1001 689 1085 patremfamilias
711 1009 743 1068 et
763 1001 995 1069 filiumfamilias
1016 1000 1190 1086 adoptabit
1226 1005 1253 1068 si
1287 1014 1305 1064 n

142 1129 243 1188 tamen
271 1122 370 1204 spado
391 1121 620 1190 filiumfamilias
642 1123 854 1204 adoptarent,
882 1141 953 1188 enm
979 1141 1040 1190 non
1067 1121 1198 1190 habebit
1218 1123 1252 1188 in

142 1247 303 1324 potestate,
325 1259 397 1308 enm
419 1242 586 1324 adoptatus
606 1242 731 1309 omnino
752 1248 919 1308 extranens
940 1259 1009 1308 ease
1031 1241 1153 1308 debeat
1179 1258 1254 1323 qno

142 1361 230 1428 nodo
253 1361 333 1428 enirn
355 1363 452 1443 spado
480 1380 560 1428 anns
588 1367 738 1445 paternus
766 1365 926 1428 maternos
953 1366 1156 1428 metemusne
1182 1377 1252 1428 esee

141 1481 275 1562 poterit?
303 1481 364 1547 nisi
394 1481 475 1549 forte
501 1483 543 1548 sit
564 1482 619 1566 qni
647 1482 731 1549 dieat
758 1483 929 1565 spadonem
954 1500 1017 1548 non
1046 1481 1134 1548 illam
1162 1481 1254 1547 modo

142 1619 215 1681 ease,
236 1603 291 1686 qni
312 1602 353 1668 ab
378 1602 468 1669 initio
489 1621 640 1683 generare
659 1621 720 1668 non
735 1601 881 1686 potnerit,
896 1608 1002 1685 speret
1016 1611 1121 1670 autem
1138 1603 1204 1668 iore
1218 1608 1255 1668 ut
1273 1618 1305 1670 ιο

141 1724 250 1804 poseit;
263 1730 312 1789 set
322 1724 416 1790 etiam
429 1742 499 1790 enm
509 1722 565 1804 qni
581 1741 652 1790 enm
666 1721 739 1788 olim
754 1741 904 1804 generare
915 1723 1053 1807 potnerit
1062 1727 1173 1805 postea
1183 1741 1254 1804 pro·

142 1847 208 1924 pter
229 1842 372 1908 morbum
392 1841 426 1907 in
454 1859 547 1923 qnam
572 1842 729 1920 inciderit,
757 1841 797 1908 ad
825 1843 1041 1926 impotentiam
1068 1841 1253 1908 deducatur.

102 1979 136 2032 lo.
145 1963 190 2026 10.
223 1962 363 2044 Septimo
383 1962 460 2028 illud
481 1979 606 2044 qnoque
626 1979 789 2030 commune
809 1968 867 2038 est,
888 1963 972 2046 qnod
994 1964 1025 2028 in
1047 1961 1163 2028 femina
1183 1981 1254 2030 oon·

142 2083 238 2165 tingit
280 2082 415 2149 feminae
436 2083 518 2148 enim
541 2100 641 2165 neone
662 2082 831 2164 adrogare,
860 2100 960 2164 neom
985 2082 1137 2165 adoptare
1158 2101 1254 2168 quen·

144 2204 209 2268 (lam
235 2209 376 2284 possunt.
422 2202 551 2287 adoptio
576 2203 658 2268 enim
684 2201 735 2268 ins
765 2203 930 2285 potestatis
959 2201 992 2267 in
1018 2201 1134 2268 liberos
1162 2202 1251 2268 nobis
1269 2207 1301 2259 15

143 2322 262 2404 tribuit3
283 2325 370 2406 ipsae
391 2328 496 2389 antem
519 2341 557 2387 ne
578 2321 738 2388 naturales
760 2321 885 2402 quidem
906 2322 1021 2388 liberos
1043 2321 1076 2387 in
1097 2327 1254 2404 potestate

142 2440 261 2508 habent
305 2443 418 2508 merito
439 2441 536 2523 igitur
557 2441 671 2508 mulier
692 2441 843 2525 adoptare
863 2461 925 2510 non
947 2447 1067 2526 potest,
1090 2441 1151 2508 nisi
1173 2443 1255 2509 forte

144 2579 178 2626 ax
207 2561 401 2645 indulgentia
431 2561 580 2645 prinoipis
612 2561 652 2628 orl
679 2561 825 2628 solatium
857 2561 1025 2628 liberorum
1059 2565 1252 2628 mortuorum

143 2680 288 2763 adoptare
309 2682 395 2747 uelit
427 2682 534 2764 itaque
556 2679 667 2748 mulier
687 2679 795 2748 liberis
816 2699 926 2748 carens
947 2700 986 2748 ne
1006 2699 1065 2764 per
1083 2681 1253 2765 principale

101 2800 322 2884 inreserlptnm
344 2800 469 2884 quidem
496 2801 647 2884 adoptare
673 2801 798 2884 poterit.
844 2803 893 2866 11.
926 2801 1057 2868 Praeter
1078 2819 1131 2868 eas
1160 2799 1249 2868 dille·
1265 2813 1300 2867 ao

143 2920 257 2986 rentisn
277 2921 354 2989 haee
374 2939 499 3006 quoqne
520 2921 665 2990 addenda
686 2929 743 2990 est
788 2922 815 2988 si
837 2939 930 3004 qnam
956 2921 989 2988 in
1018 2921 1254 3005 adrogationem

143 3057 314 3123 suscepero,
335 3043 389 3122 qni
407 3039 505 3108 filium
526 3043 558 3108 in
580 3049 737 3124 potestate
758 3042 882 3122 habeat,
903 3039 986 3108 filins
1009 3060 1079 3108 enm
1101 3043 1254 3125 seqnitur,

145 3163 179 3222 nt
199 3160 264 3241 ipse
284 3161 366 3244 epod
388 3180 439 3228 me
459 3162 527 3229 loeo
548 3159 605 3228 lilii
626 3165 682 3241 sit,
710 3160 793 3228 filins
819 3166 924 3228 antam
954 3161 1021 3228 loeo
1051 3164 1182 3245 nepotis.
1227 3161 1253 3224 si
