2936 4704
523 279 756 395 ..143-

102 508 139 574 uir
156 510 215 593 ipae
235 513 326 580 fundi
348 515 566 582 deminuerit
611 521 661 582 εει
689 515 738 582 lea
767 513 848 582 Iulia
874 531 926 580 rea
954 511 1030 588 eoli,
1058 529 1140 596 quae
1166 511 1201 580 in

103 627 175 694 ltalia
194 641 276 713 nunt,
299 633 439 702 alienare
460 621 563 702 ne'tuit
584 653 604 702 ε
625 637 695 702 uiro
717 639 827 700 contro
856 633 961 699 uxorin
989 631 1198 713 uoluntatem3

100 751 214 832 obligare
236 759 344 820 autem
367 771 431 831 cae,
454 772 494 820 ne
515 753 729 818 consentiente
750 752 876 834 quidem
899 769 1012 830 uxore,
1043 750 1093 815 uir
1114 755 1201 832 pote-

101 875 146 934 rat
183 875 229 934 eet
252 871 424 937 absurdum
447 872 550 937 uisum
574 877 624 936 est
645 875 731 936 recte
761 888 832 936 eum
863 870 1017 947 uendere,
1047 866 1201 933 consenti-

100 994 156 1053 ente
173 1005 276 1066 uxore,
299 1005 400 1070 poene,
424 989 476 1054 ubi
499 987 546 1054 rei
567 987 714 1054 alienatio
735 988 838 1054 locum
860 987 971 1063 hahet,
993 986 1200 1068 hypothecam
1235 986 1251 1037 ⁶

100 1113 191 1184 comm,
211 1123 278 1186 qua
300 1106 471 1172 dominium
492 1105 594 1171 adhuc
616 1106 700 1188 opud
723 1107 827 1172 uirum
855 1105 1058 1181 seruabatur,
1084 1122 1124 1169 ne
1147 1121 1201 1168 uo·

100 1227 198 1292 lmtate
218 1227 347 1308 quidem
369 1227 477 1293 uxoris
498 1227 689 1294 constituere
715 1243 816 1308 posse.
867 1229 916 1290 εει
937 1222 1124 1290 admonendi
1150 1240 1202 1288 au·

99 1362 154 1409 nna
170 1345 224 1412 hae
247 1345 370 1412 ratione
393 1346 519 1412 ductam
540 1346 641 1427 legem
665 1348 711 1411 ita
740 1344 940 1426 disposuisse.
992 1323 1091 1424 probe
1119 1343 1201 1408 enim

99 1471 209 1529 nouerat
228 1463 401 1546 legislator,
425 1465 451 1529 ai
474 1463 623 1530 defundi
645 1463 760 1530 dotalia
782 1463 969 1529 alienatione
991 1461 1097 1526 auiro
1111 1461 1202 1526 uxori

99 1600 182 1647 sumo
192 1581 290 1660 fieret,
305 1583 373 1649 iore
388 1589 432 1660 nt,
448 1584 516 1648 eius
531 1584 577 1650 rei
593 1584 751 1650 mentione
766 1581 866 1656 iacta,
881 1581 1122 1647 conturbaretur
1137 1597 1202 1645 mu·
1222 1584 1255 1636 1⁰

98 1701 143 1766 lier
162 1721 258 1784 neque
272 1703 448 1768 consentire
462 1708 638 1784 pateretur:
660 1701 710 1768 ein
725 1706 830 1767 autem
848 1700 888 1766 de
905 1699 1080 1781 hypotheca
1095 1699 1144 1764 uir
1158 1698 1203 1764 lo·

99 1825 234 1900 queretur,
246 1819 371 1885 lucilius
386 1819 548 1887 mulierem
563 1820 602 1884 iri
613 1837 808 1899 persuasum.
823 1821 894 1884 iure
904 1818 999 1900 igitur
1011 1817 1203 1899 hypothecae

100 1938 318 2017 prohihitionem
337 1938 406 2019 lege
421 1956 479 2003 aaa
493 1937 701 2016 confirmauit,
723 1938 808 2018 quod
824 1956 900 2004 uero
916 1936 958 2002 ad
973 1936 1202 2014 alienationem,

100 2054 126 2118 id
143 2056 232 2138 ipaina
261 2057 368 2122 aroris
397 2057 501 2122 animo
531 2055 699 2122 difficiliori
729 2055 868 2137 reliquit
897 2055 967 2121 lex
995 2054 1094 2136 igitur
1121 2053 1205 2119 Iulia

102 2172 298 2242 alienationem
331 2181 442 2240 contra
470 2173 576 2240 uxoris
609 2175 807 2242 uoluntatem
840 2174 960 2254 uetuit;
996 2173 1203 2258 hypothecam
1224 2189 1255 2242 ro

101 2297 189 2356 auum
202 2296 294 2359 etiam
309 2295 335 2358 ei
348 2311 386 2358 er
402 2293 468 2360 eine
483 2290 574 2358 fieret
588 2293 751 2358 uoluntate
766 2292 940 2376 prohibuit;
955 2293 1084 2373 ipsaque
1099 2292 1130 2356 in
1146 2292 1203 2356 ita·

100 2407 156 2475 licie
182 2416 301 2476 tanturn
328 2411 464 2494 praediis
492 2411 595 2478 locum
622 2412 767 2478 hahebat.
818 2419 926 2479 noster
955 2429 1031 2478 uero
1059 2413 1204 2493 princepe

100 2527 200 2608 optima
219 2547 295 2596 naua
318 2528 440 2594 ratione
462 2536 630 2612 utromque
657 2531 807 2597 mutauit:
836 2531 929 2596 iussit
956 2533 1040 2596 enim
1067 2549 1129 2598 non
1156 2547 1205 2596 eo

99 2643 153 2710 lum
171 2649 202 2712 in
222 2647 327 2715 italico
357 2648 424 2714 eolo
453 2655 502 2714 εει
531 2649 627 2715 etiarn
654 2650 685 2714 in
715 2649 900 2731 prouinciali
928 2649 1150 2715 alienationem
1171 2653 1205 2714 ει

99 2763 287 2846 hypothecam
323 2768 392 2832 uiro
429 2767 628 2847 praediorum
665 2768 816 2834 dotalium
852 2767 948 2832 etiam
989 2767 1204 2833 consentiente
1221 2789 1257 2841 ao

98 2900 181 2948 uxore
207 2903 269 2952 non
297 2903 367 2951 enee
389 2885 649 2967 permittendam,
679 2905 719 2951 ne
741 2885 900 2951 muliebria
929 2903 1022 2952 eexue
1050 2885 1205 2968 fragilitas

68 3005 84 3055 1-
97 3003 251 3082 perniciem
278 3005 345 3071 eiua
367 3023 472 3070 rerum
495 3003 643 3072 adferret
670 3007 697 3068 l.
721 3005 812 3071 Nune
835 3011 883 3070 εει
897 3002 1063 3071 dicendum
1077 3002 1204 3088 quando

98 3121 142 3198 qni
162 3141 220 3188 nnn
243 3122 286 3188 eit
314 3123 458 3189 dominus
487 3125 625 3190 alienare
654 3124 764 3207 possit
813 3122 847 3188 id
876 3123 1018 3210 procedit
1048 3123 1146 3188 ueluti
1173 3120 1205 3185 in

98 3239 236 3306 eiusmodi
259 3244 409 3326 exemplo,
431 3251 555 3310 mutuos
571 3263 591 3308 ε
605 3249 638 3308 ιε
659 3243 764 3324 accepi
787 3260 900 3308 aureos
923 3242 965 3322 G,
987 3241 1126 3323 obligari
1148 3240 1207 3305 tihi

97 3357 214 3424 landum
237 3378 340 3426 meum
362 3379 399 3427 eo
421 3367 514 3442 pacto
535 3368 572 3428 nt
594 3361 651 3428 tihi
673 3361 798 3438 liceret,
829 3360 856 3426 ei
885 3360 970 3426 intra
996 3375 1115 3425 annum
1143 3375 1206 3425 non
1223 3371 1258 3424 eo

97 3475 249 3552 soliarem,
274 3480 383 3563 pignua
404 3480 550 3546 uendere.
578 3480 637 3546 hoc
652 3481 733 3546 enim
748 3497 824 3546 casu
846 3479 991 3556 creditor,
1014 3477 1088 3544 licet
1109 3475 1207 3542 domi-

96 3613 147 3661 nua
160 3615 220 3663 non
243 3597 296 3674 eit,
317 3603 402 3664 recte
423 3597 548 3666 alienat.
592 3604 642 3664 act
663 3599 690 3666 ei
711 3598 783 3682 quie
805 3598 952 3680 ruptilius
974 3597 1121 3678 inquirat,
1143 3616 1206 3665 non
