<?xml version="1.0" encoding="UTF-8"?>
<!DOCTYPE html PUBLIC "-//W3C//DTD XHTML 1.0 Transitional//EN"
    "http://www.w3.org/TR/xhtml1/DTD/xhtml1-transitional.dtd">
<html xmlns="http://www.w3.org/1999/xhtml" xml:lang="en" lang="en">
 <head>
  <title>
</title>
<meta http-equiv="Content-Type" content="text/html;charset=utf-8" />
  <meta name='ocr-system' content='tesseract 3.04.00' />
  <meta name='ocr-capabilities' content='ocr_page ocr_carea ocr_par ocr_line ocrx_word'/>
</head>
<body>
  <div class='ocr_page' id='page_1' title='image "./institutionumgr02linggoog_0584.png"; bbox 0 0 2876 4712; ppageno 0'>
   <div class='ocr_carea' id='block_1_1' title="bbox 527 362 759 428">
    <p class='ocr_par' dir='ltr' id='par_1_1' title="bbox 527 362 759 428">
     <span class='ocr_line' id='line_1_1' title="bbox 527 362 759 428; baseline 0.009 -2"><span class='ocrx_word' id='word_1_1' title='bbox 527 362 759 428; x_wconf 77' lang='lat' dir='ltr'><strong>-att-</strong></span> 
     </span>
    </p>
   </div>
   <div class='ocr_carea' id='block_1_2' title="bbox 28 545 1257 3504">
    <p class='ocr_par' dir='ltr' id='par_1_2' title="bbox 28 545 1257 3504">
     <span class='ocr_line' id='line_1_2' title="bbox 78 545 1206 634; baseline 0 -20"><span class='ocrx_word' id='word_1_2' title='bbox 78 547 156 614; x_wconf 85' lang='lat' dir='ltr'><strong>haec</strong></span> <span class='ocrx_word' id='word_1_3' title='bbox 179 545 260 610; x_wconf 77' lang='grc' dir='ltr'><strong>ΙΙΙΙί</strong></span> <span class='ocrx_word' id='word_1_4' title='bbox 278 549 319 615; x_wconf 86' lang='lat' dir='ltr'><strong>sit</strong></span> <span class='ocrx_word' id='word_1_5' title='bbox 342 550 460 630; x_wconf 78' lang='lat' dir='ltr'><strong>gradus</strong></span> <span class='ocrx_word' id='word_1_6' title='bbox 482 548 614 634; x_wconf 89' lang='lat' dir='ltr'><strong>ideoque</strong></span> <span class='ocrx_word' id='word_1_7' title='bbox 641 549 710 616; x_wconf 87' lang='lat' dir='ltr'><strong>iura</strong></span> <span class='ocrx_word' id='word_1_8' title='bbox 739 549 1035 632; x_wconf 81' lang='lat' dir='ltr'><strong>consanguineitatis</strong></span> <span class='ocrx_word' id='word_1_9' title='bbox 1063 567 1124 616; x_wconf 89' lang='lat' dir='ltr'><strong>oon</strong></span> <span class='ocrx_word' id='word_1_10' title='bbox 1150 548 1206 614; x_wconf 89' lang='lat' dir='ltr'><strong>ha-</strong></span> 
     </span>
     <span class='ocr_line' id='line_1_3' title="bbox 79 667 1203 746; baseline 0 -14"><span class='ocrx_word' id='word_1_11' title='bbox 79 667 169 746; x_wconf 84' lang='lat' dir='ltr'><strong>heat,</strong></span> <span class='ocrx_word' id='word_1_12' title='bbox 198 685 359 734; x_wconf 82' lang='lat' dir='ltr'><strong>unacum</strong></span> <span class='ocrx_word' id='word_1_13' title='bbox 389 667 488 734; x_wconf 82' lang='lat' dir='ltr'><strong>fratre</strong></span> <span class='ocrx_word' id='word_1_14' title='bbox 515 686 573 734; x_wconf 88' lang='lat' dir='ltr'><strong>sno</strong></span> <span class='ocrx_word' id='word_1_15' title='bbox 601 668 799 734; x_wconf 89' lang='lat' dir='ltr'><strong>nihilominus</strong></span> <span class='ocrx_word' id='word_1_16' title='bbox 827 675 951 736; x_wconf 88' lang='lat' dir='ltr'><strong>mortno</strong></span> <span class='ocrx_word' id='word_1_17' title='bbox 981 668 1130 736; x_wconf 85' lang='lat' dir='ltr'><strong>succedit.</strong></span> <span class='ocrx_word' id='word_1_18' title='bbox 1173 669 1203 732; x_wconf 80' lang='lat'><strong>4.</strong></span> 
     </span>
     <span class='ocr_line' id='line_1_4' title="bbox 79 785 1207 871; baseline 0.001 -20"><span class='ocrx_word' id='word_1_19' title='bbox 79 785 166 851; x_wconf 87' lang='lat' dir='ltr'><strong>Haec</strong></span> <span class='ocrx_word' id='word_1_20' title='bbox 187 788 403 853; x_wconf 85' lang='lat' dir='ltr'><strong>sanctissimus</strong></span> <span class='ocrx_word' id='word_1_21' title='bbox 424 788 595 870; x_wconf 90' lang='lat' dir='ltr'><strong>imperator</strong></span> <span class='ocrx_word' id='word_1_22' title='bbox 610 794 718 854; x_wconf 89' lang='lat' dir='ltr'><strong>noster</strong></span> <span class='ocrx_word' id='word_1_23' title='bbox 732 789 762 854; x_wconf 92' lang='lat' dir='ltr'><strong>in</strong></span> <span class='ocrx_word' id='word_1_24' title='bbox 779 788 921 871; x_wconf 84' lang='lat' dir='ltr'><strong>praelata</strong></span> <span class='ocrx_word' id='word_1_25' title='bbox 936 791 1078 854; x_wconf 84' lang='lat' dir='ltr'>sanciens</span> <span class='ocrx_word' id='word_1_26' title='bbox 1094 787 1207 854; x_wconf 90' lang='lat' dir='ltr'><strong>consti·</strong></span> 
     </span>
     <span class='ocr_line' id='line_1_5' title="bbox 79 906 1205 990; baseline 0.002 -20"><span class='ocrx_word' id='word_1_27' title='bbox 79 906 211 980; x_wconf 77' lang='lat' dir='ltr'><strong>tutione,</strong></span> <span class='ocrx_word' id='word_1_28' title='bbox 225 906 343 986; x_wconf 89' lang='lat' dir='ltr'><strong>aliquid</strong></span> <span class='ocrx_word' id='word_1_29' title='bbox 359 923 483 989; x_wconf 90' lang='lat' dir='ltr'><strong>quoque</strong></span> <span class='ocrx_word' id='word_1_30' title='bbox 498 907 636 972; x_wconf 77' lang='lat' dir='ltr'>addidit:</span> <span class='ocrx_word' id='word_1_31' title='bbox 661 925 756 972; x_wconf 90' lang='lat' dir='ltr'><strong>unum</strong></span> <span class='ocrx_word' id='word_1_32' title='bbox 773 925 884 990; x_wconf 83' lang='lat' dir='ltr'><strong>nempe</strong></span> <span class='ocrx_word' id='word_1_33' title='bbox 900 909 1031 990; x_wconf 81' lang='lat' dir='ltr'><strong>gradum</strong></span> <span class='ocrx_word' id='word_1_34' title='bbox 1049 909 1069 972; x_wconf 89' lang='lat' dir='ltr'><strong>i.</strong></span> <span class='ocrx_word' id='word_1_35' title='bbox 1086 928 1112 974; x_wconf 87' lang='lat' dir='ltr'><strong>e.</strong></span> <span class='ocrx_word' id='word_1_36' title='bbox 1136 926 1205 990; x_wconf 89' lang='lat' dir='ltr'><strong>per·</strong></span> 
     </span>
     <span class='ocr_line' id='line_1_6' title="bbox 79 1025 1256 1108; baseline 0.002 -18"><span class='ocrx_word' id='word_1_37' title='bbox 79 1043 174 1090; x_wconf 88' lang='lat' dir='ltr'><strong>sonas</strong></span> <span class='ocrx_word' id='word_1_38' title='bbox 201 1044 220 1091; x_wconf 89' lang='lat' dir='ltr'><strong>a</strong></span> <span class='ocrx_word' id='word_1_39' title='bbox 246 1027 439 1107; x_wconf 79' lang='lat' dir='ltr'><strong>cognationis</strong></span> <span class='ocrx_word' id='word_1_40' title='bbox 467 1025 537 1093; x_wconf 91' lang='lat' dir='ltr'><strong>iure</strong></span> <span class='ocrx_word' id='word_1_41' title='bbox 569 1026 602 1091; x_wconf 93' lang='lat' dir='ltr'><strong>in</strong></span> <span class='ocrx_word' id='word_1_42' title='bbox 632 1027 831 1108; x_wconf 84' lang='lat' dir='ltr'><strong>adgnationis</strong></span> <span class='ocrx_word' id='word_1_43' title='bbox 860 1027 1000 1094; x_wconf 86' lang='lat' dir='ltr'><strong>ordinem</strong></span> <span class='ocrx_word' id='word_1_44' title='bbox 1027 1027 1204 1094; x_wconf 75' lang='lat' dir='ltr'><strong>transtulit:</strong></span> <span class='ocrx_word' id='word_1_45' title='bbox 1238 1041 1256 1092; x_wconf 82' lang='lat' dir='ltr'><strong>o</strong></span> 
     </span>
     <span class='ocr_line' id='line_1_7' title="bbox 79 1145 1205 1231; baseline 0.003 -22"><span class='ocrx_word' id='word_1_46' title='bbox 79 1146 171 1210; x_wconf 85' lang='lat' dir='ltr'><strong>iussit</strong></span> <span class='ocrx_word' id='word_1_47' title='bbox 194 1148 277 1213; x_wconf 91' lang='lat' dir='ltr'><strong>enim</strong></span> <span class='ocrx_word' id='word_1_48' title='bbox 300 1165 360 1212; x_wconf 91' lang='lat' dir='ltr'><strong>uon</strong></span> <span class='ocrx_word' id='word_1_49' title='bbox 384 1147 477 1214; x_wconf 92' lang='lat' dir='ltr'><strong>modo</strong></span> <span class='ocrx_word' id='word_1_50' title='bbox 496 1145 604 1214; x_wconf 84' lang='lat' dir='ltr'><strong>fratris</strong></span> <span class='ocrx_word' id='word_1_51' title='bbox 626 1148 689 1214; x_wconf 90' lang='lat' dir='ltr'><strong>mei</strong></span> <span class='ocrx_word' id='word_1_52' title='bbox 710 1145 808 1213; x_wconf 90' lang='lat' dir='ltr'><strong>filium</strong></span> <span class='ocrx_word' id='word_1_53' title='bbox 831 1145 1006 1231; x_wconf 80' lang='lat' dir='ltr'><strong>filiamque,</strong></span> <span class='ocrx_word' id='word_1_54' title='bbox 1035 1148 1205 1214; x_wconf 75' lang='lat' dir='ltr'><strong>meandum</strong></span> 
     </span>
     <span class='ocr_line' id='line_1_8' title="bbox 79 1265 1206 1350; baseline 0.005 -22"><span class='ocrx_word' id='word_1_55' title='bbox 79 1281 160 1345; x_wconf 85' lang='lat' dir='ltr'><strong>quae</strong></span> <span class='ocrx_word' id='word_1_56' title='bbox 182 1265 244 1332; x_wconf 88' lang='lat' dir='ltr'><strong>iam</strong></span> <span class='ocrx_word' id='word_1_57' title='bbox 266 1266 452 1349; x_wconf 88' lang='lat' dir='ltr'><strong>optinerent,</strong></span> <span class='ocrx_word' id='word_1_58' title='bbox 475 1267 516 1332; x_wconf 86' lang='lat' dir='ltr'><strong>ad</strong></span> <span class='ocrx_word' id='word_1_59' title='bbox 538 1285 638 1333; x_wconf 90' lang='lat' dir='ltr'><strong>meam</strong></span> <span class='ocrx_word' id='word_1_60' title='bbox 667 1273 777 1348; x_wconf 83' lang='lat' dir='ltr'><strong>utpote</strong></span> <span class='ocrx_word' id='word_1_61' title='bbox 799 1266 953 1350; x_wconf 80' lang='lat' dir='ltr'><strong>adgnatos</strong></span> <span class='ocrx_word' id='word_1_62' title='bbox 983 1267 1090 1334; x_wconf 87' lang='lat' dir='ltr'><strong>uocari</strong></span> <span class='ocrx_word' id='word_1_63' title='bbox 1118 1267 1206 1334; x_wconf 90' lang='lat' dir='ltr'><strong>here·</strong></span> 
     </span>
     <span class='ocr_line' id='line_1_9' title="bbox 80 1383 1206 1468; baseline 0.003 -19"><span class='ocrx_word' id='word_1_64' title='bbox 80 1385 223 1463; x_wconf 83' lang='lat' dir='ltr'><strong>ditatam,</strong></span> <span class='ocrx_word' id='word_1_65' title='bbox 245 1387 300 1450; x_wconf 90' lang='lat' dir='ltr'><strong>sed</strong></span> <span class='ocrx_word' id='word_1_66' title='bbox 324 1385 418 1452; x_wconf 87' lang='lat' dir='ltr'><strong>etiam</strong></span> <span class='ocrx_word' id='word_1_67' title='bbox 440 1385 558 1452; x_wconf 88' lang='lat' dir='ltr'><strong>sororis</strong></span> <span class='ocrx_word' id='word_1_68' title='bbox 574 1383 665 1464; x_wconf 84' lang='lat' dir='ltr'><strong>filios,</strong></span> <span class='ocrx_word' id='word_1_69' title='bbox 681 1387 750 1452; x_wconf 87' lang='lat' dir='ltr'><strong>siue</strong></span> <span class='ocrx_word' id='word_1_70' title='bbox 763 1386 834 1468; x_wconf 82' lang='lat' dir='ltr'><strong>ipsa</strong></span> <span class='ocrx_word' id='word_1_71' title='bbox 848 1388 1056 1467; x_wconf 78' lang='lat' dir='ltr'><strong>mnsagninea</strong></span> <span class='ocrx_word' id='word_1_72' title='bbox 1071 1385 1122 1464; x_wconf 81' lang='lat' dir='ltr'><strong>sit,</strong></span> <span class='ocrx_word' id='word_1_73' title='bbox 1138 1387 1206 1452; x_wconf 88' lang='lat' dir='ltr'><strong>sine</strong></span> 
     </span>
     <span class='ocr_line' id='line_1_10' title="bbox 80 1505 1206 1589; baseline 0.002 -19"><span class='ocrx_word' id='word_1_74' title='bbox 80 1505 297 1570; x_wconf 85' lang='lat' dir='ltr'><strong>tantummodo</strong></span> <span class='ocrx_word' id='word_1_75' title='bbox 319 1507 451 1571; x_wconf 90' lang='lat' dir='ltr'><strong>uterina.</strong></span> <span class='ocrx_word' id='word_1_76' title='bbox 485 1507 582 1589; x_wconf 81' lang='lat' dir='ltr'><strong>igitur</strong></span> <span class='ocrx_word' id='word_1_77' title='bbox 603 1507 630 1572; x_wconf 89' lang='lat' dir='ltr'><strong>si</strong></span> <span class='ocrx_word' id='word_1_78' title='bbox 652 1505 723 1589; x_wconf 88' lang='lat' dir='ltr'><strong>quis</strong></span> <span class='ocrx_word' id='word_1_79' title='bbox 746 1505 901 1572; x_wconf 87' lang='lat' dir='ltr'><strong>moriatur</strong></span> <span class='ocrx_word' id='word_1_80' title='bbox 921 1506 1027 1572; x_wconf 78' lang='lat' dir='ltr'><strong>fratris</strong></span> <span class='ocrx_word' id='word_1_81' title='bbox 1049 1525 1206 1588; x_wconf 85' lang='lat' dir='ltr'><strong>praemor-</strong></span> 
     </span>
     <span class='ocr_line' id='line_1_11' title="bbox 80 1605 1257 1708; baseline 0 -18"><span class='ocrx_word' id='word_1_82' title='bbox 80 1626 123 1690; x_wconf 90' lang='lat' dir='ltr'><strong>tui</strong></span> <span class='ocrx_word' id='word_1_83' title='bbox 146 1623 246 1690; x_wconf 88' lang='lat' dir='ltr'><strong>filinm</strong></span> <span class='ocrx_word' id='word_1_84' title='bbox 261 1623 408 1704; x_wconf 84' lang='lat' dir='ltr'><strong>filiamue,</strong></span> <span class='ocrx_word' id='word_1_85' title='bbox 430 1627 610 1708; x_wconf 86' lang='lat' dir='ltr'><strong>sororisque</strong></span> <span class='ocrx_word' id='word_1_86' title='bbox 626 1605 844 1708; x_wconf 77' lang='lat' dir='ltr'><strong>praemortuae</strong></span> <span class='ocrx_word' id='word_1_87' title='bbox 866 1628 934 1692; x_wconf 85' lang='lat' dir='ltr'><strong>siue</strong></span> <span class='ocrx_word' id='word_1_88' title='bbox 957 1624 1205 1708; x_wconf 80' lang='lat' dir='ltr'><strong>consanguineae</strong></span> <span class='ocrx_word' id='word_1_89' title='bbox 1226 1647 1257 1700; x_wconf 83' lang='grc' dir='ltr'><strong>ιο</strong></span> 
     </span>
     <span class='ocr_line' id='line_1_12' title="bbox 81 1743 1204 1829; baseline -0.001 -19"><span class='ocrx_word' id='word_1_90' title='bbox 81 1747 146 1811; x_wconf 87' lang='lat' dir='ltr'><strong>siue</strong></span> <span class='ocrx_word' id='word_1_91' title='bbox 162 1745 307 1812; x_wconf 90' lang='lat' dir='ltr'><strong>uterinae</strong></span> <span class='ocrx_word' id='word_1_92' title='bbox 322 1744 417 1812; x_wconf 87' lang='lat' dir='ltr'><strong>lilium</strong></span> <span class='ocrx_word' id='word_1_93' title='bbox 433 1743 570 1812; x_wconf 88' lang='lat' dir='ltr'><strong>liliamue</strong></span> <span class='ocrx_word' id='word_1_94' title='bbox 586 1747 775 1829; x_wconf 73' lang='lat' dir='ltr'><strong>relinquens</strong></span> <span class='ocrx_word' id='word_1_95' title='bbox 791 1748 988 1812; x_wconf 81' lang='lat' dir='ltr'><strong>uocabantur</strong></span> <span class='ocrx_word' id='word_1_96' title='bbox 1004 1763 1103 1826; x_wconf 83' lang='lat' dir='ltr'><strong>aeque</strong></span> <span class='ocrx_word' id='word_1_97' title='bbox 1125 1745 1204 1812; x_wconf 91' lang='lat' dir='ltr'><strong>eius-</strong></span> 
     </span>
     <span class='ocr_line' id='line_1_13' title="bbox 80 1862 1205 1960; baseline -0.002 -29"><span class='ocrx_word' id='word_1_98' title='bbox 80 1885 138 1949; x_wconf 89' lang='lat' dir='ltr'><strong>que</strong></span> <span class='ocrx_word' id='word_1_99' title='bbox 160 1867 288 1949; x_wconf 90' lang='lat' dir='ltr'><strong>capient</strong></span> <span class='ocrx_word' id='word_1_100' title='bbox 309 1867 527 1944; x_wconf 70' lang='lat' dir='ltr'><strong>hereditatem,</strong></span> <span class='ocrx_word' id='word_1_101' title='bbox 551 1867 595 1931; x_wconf 92' lang='lat' dir='ltr'><strong>illi</strong></span> <span class='ocrx_word' id='word_1_102' title='bbox 618 1873 656 1933; x_wconf 90' lang='lat' dir='ltr'><strong>ut</strong></span> <span class='ocrx_word' id='word_1_103' title='bbox 677 1867 792 1948; x_wconf 87' lang='lat' dir='ltr'><strong>patrui,</strong></span> <span class='ocrx_word' id='word_1_104' title='bbox 814 1865 848 1933; x_wconf 89' lang='lat' dir='ltr'><strong>hi</strong></span> <span class='ocrx_word' id='word_1_105' title='bbox 870 1871 973 1932; x_wconf 87' lang='lat' dir='ltr'><strong>autem</strong></span> <span class='ocrx_word' id='word_1_106' title='bbox 998 1873 1033 1932; x_wconf 89' lang='lat' dir='ltr'><strong>ut</strong></span> <span class='ocrx_word' id='word_1_107' title='bbox 1048 1862 1205 1960; x_wconf 60' lang='lat' dir='ltr'><strong>auunculi,</strong></span> 
     </span>
     <span class='ocr_line' id='line_1_14' title="bbox 82 1965 1205 2070; baseline -0.004 -18"><span class='ocrx_word' id='word_1_108' title='bbox 82 1995 238 2070; x_wconf 69' lang='lat' dir='ltr'><strong>umquam</strong></span> <span class='ocrx_word' id='word_1_109' title='bbox 262 1987 290 2053; x_wconf 92' lang='lat' dir='ltr'><strong>si</strong></span> <span class='ocrx_word' id='word_1_110' title='bbox 310 2004 417 2052; x_wconf 87' lang='lat' dir='ltr'><strong>omnes</strong></span> <span class='ocrx_word' id='word_1_111' title='bbox 447 2007 484 2052; x_wconf 87' lang='lat' dir='ltr'><strong>ex</strong></span> <span class='ocrx_word' id='word_1_112' title='bbox 507 1987 657 2053; x_wconf 87' lang='lat' dir='ltr'><strong>masculis</strong></span> <span class='ocrx_word' id='word_1_113' title='bbox 685 1965 885 2054; x_wconf 86' lang='lat' dir='ltr'><strong>descendant.</strong></span> <span class='ocrx_word' id='word_1_114' title='bbox 936 1985 1022 2052; x_wconf 87' lang='lat' dir='ltr'><strong>Haec</strong></span> <span class='ocrx_word' id='word_1_115' title='bbox 1051 2004 1142 2062; x_wconf 88' lang='lat' dir='ltr'><strong>nero,</strong></span> <span class='ocrx_word' id='word_1_116' title='bbox 1170 1989 1205 2049; x_wconf 89' lang='lat' dir='ltr'><strong>ut</strong></span> 
     </span>
     <span class='ocr_line' id='line_1_15' title="bbox 83 2105 1205 2188; baseline 0 -18"><span class='ocrx_word' id='word_1_117' title='bbox 83 2107 141 2171; x_wconf 87' lang='lat' dir='ltr'><strong>iarn</strong></span> <span class='ocrx_word' id='word_1_118' title='bbox 164 2105 361 2188; x_wconf 87' lang='lat' dir='ltr'><strong>propositum</strong></span> <span class='ocrx_word' id='word_1_119' title='bbox 385 2111 443 2184; x_wconf 81' lang='lat' dir='ltr'><strong>est,</strong></span> <span class='ocrx_word' id='word_1_120' title='bbox 464 2105 511 2171; x_wconf 85' lang='lat' dir='ltr'><strong>ita</strong></span> <span class='ocrx_word' id='word_1_121' title='bbox 533 2106 716 2188; x_wconf 78' lang='lat' dir='ltr'><strong>intellegere</strong></span> <span class='ocrx_word' id='word_1_122' title='bbox 738 2113 862 2188; x_wconf 83' lang='lat' dir='ltr'><strong>oportet</strong></span> <span class='ocrx_word' id='word_1_123' title='bbox 883 2107 911 2170; x_wconf 88' lang='lat' dir='ltr'><strong>si</strong></span> <span class='ocrx_word' id='word_1_124' title='bbox 933 2105 1047 2170; x_wconf 85' lang='lat' dir='ltr'><strong>iratres</strong></span> <span class='ocrx_word' id='word_1_125' title='bbox 1068 2121 1205 2170; x_wconf 90' lang='lat' dir='ltr'><strong>sorores·</strong></span> 
     </span>
     <span class='ocr_line' id='line_1_16' title="bbox 84 2223 1256 2306; baseline -0.003 -15"><span class='ocrx_word' id='word_1_126' title='bbox 84 2243 150 2306; x_wconf 86' lang='lat' dir='ltr'><strong>que,</strong></span> <span class='ocrx_word' id='word_1_127' title='bbox 173 2243 211 2291; x_wconf 85' lang='lat' dir='ltr'><strong>ex</strong></span> <span class='ocrx_word' id='word_1_128' title='bbox 234 2228 348 2305; x_wconf 86' lang='lat' dir='ltr'><strong>quibus</strong></span> <span class='ocrx_word' id='word_1_129' title='bbox 370 2225 393 2289; x_wconf 95' lang='lat' dir='ltr'><strong>ii</strong></span> <span class='ocrx_word' id='word_1_130' title='bbox 416 2225 617 2303; x_wconf 78' lang='lat' dir='ltr'><strong>descendant,</strong></span> <span class='ocrx_word' id='word_1_131' title='bbox 642 2245 701 2291; x_wconf 91' lang='lat' dir='ltr'><strong>non</strong></span> <span class='ocrx_word' id='word_1_132' title='bbox 725 2225 852 2304; x_wconf 81' lang='lat' dir='ltr'><strong>uiuant3</strong></span> <span class='ocrx_word' id='word_1_133' title='bbox 881 2243 951 2290; x_wconf 86' lang='lat' dir='ltr'><strong>nam</strong></span> <span class='ocrx_word' id='word_1_134' title='bbox 980 2224 1006 2290; x_wconf 91' lang='lat' dir='ltr'><strong>si</strong></span> <span class='ocrx_word' id='word_1_135' title='bbox 1036 2223 1203 2306; x_wconf 80' lang='lat' dir='ltr'><strong>supersint,</strong></span> <span class='ocrx_word' id='word_1_136' title='bbox 1225 2249 1256 2302; x_wconf 57' lang='grc' dir='ltr'><strong>ιι</strong></span> 
     </span>
     <span class='ocr_line' id='line_1_17' title="bbox 85 2342 1204 2427; baseline -0.001 -18"><span class='ocrx_word' id='word_1_137' title='bbox 85 2345 348 2425; x_wconf 77' lang='lat' dir='ltr'><strong>hereditatemque</strong></span> <span class='ocrx_word' id='word_1_138' title='bbox 380 2346 494 2410; x_wconf 85' lang='lat' dir='ltr'><strong>mortui</strong></span> <span class='ocrx_word' id='word_1_139' title='bbox 523 2344 630 2410; x_wconf 78' lang='lat' dir='ltr'><strong>fratris</strong></span> <span class='ocrx_word' id='word_1_140' title='bbox 660 2344 905 2427; x_wconf 85' lang='lat' dir='ltr'><strong>amplectantur,</strong></span> <span class='ocrx_word' id='word_1_141' title='bbox 943 2345 996 2426; x_wconf 87' lang='lat' dir='ltr'><strong>qui</strong></span> <span class='ocrx_word' id='word_1_142' title='bbox 1026 2363 1064 2409; x_wconf 81' lang='lat' dir='ltr'><strong>ex</strong></span> <span class='ocrx_word' id='word_1_143' title='bbox 1092 2342 1204 2408; x_wconf 78' lang='lat' dir='ltr'><strong>ceteris</strong></span> 
     </span>
     <span class='ocr_line' id='line_1_18' title="bbox 86 2463 1204 2546; baseline -0.002 -19"><span class='ocrx_word' id='word_1_144' title='bbox 86 2471 157 2528; x_wconf 89' lang='lat' dir='ltr'><strong>sunt</strong></span> <span class='ocrx_word' id='word_1_145' title='bbox 182 2464 333 2546; x_wconf 86' lang='lat' dir='ltr'><strong>gradihus</strong></span> <span class='ocrx_word' id='word_1_146' title='bbox 360 2465 471 2529; x_wconf 86' lang='lat' dir='ltr'><strong>semoti</strong></span> <span class='ocrx_word' id='word_1_147' title='bbox 495 2471 665 2528; x_wconf 77' lang='lat' dir='ltr'><strong>remanent.</strong></span> <span class='ocrx_word' id='word_1_148' title='bbox 710 2463 749 2527; x_wconf 93' lang='lat' dir='ltr'><strong>ad</strong></span> <span class='ocrx_word' id='word_1_149' title='bbox 772 2463 928 2544; x_wconf 81' lang='lat' dir='ltr'><strong>praelatas</strong></span> <span class='ocrx_word' id='word_1_150' title='bbox 952 2481 1027 2528; x_wconf 90' lang='lat' dir='ltr'><strong>uero</strong></span> <span class='ocrx_word' id='word_1_151' title='bbox 1055 2481 1204 2544; x_wconf 80' lang='lat' dir='ltr'><strong>personas</strong></span> 
     </span>
     <span class='ocr_line' id='line_1_19' title="bbox 88 2582 1204 2666; baseline -0.002 -18"><span class='ocrx_word' id='word_1_152' title='bbox 88 2585 257 2664; x_wconf 85' lang='lat' dir='ltr'><strong>dequibus</strong></span> <span class='ocrx_word' id='word_1_153' title='bbox 280 2585 345 2666; x_wconf 81' lang='lat' dir='ltr'><strong>agit</strong></span> <span class='ocrx_word' id='word_1_154' title='bbox 367 2583 550 2648; x_wconf 88' lang='lat' dir='ltr'><strong>constitutio</strong></span> <span class='ocrx_word' id='word_1_155' title='bbox 580 2584 696 2648; x_wconf 88' lang='lat' dir='ltr'><strong>mortui</strong></span> <span class='ocrx_word' id='word_1_156' title='bbox 724 2584 869 2665; x_wconf 90' lang='lat' dir='ltr'><strong>peruenit</strong></span> <span class='ocrx_word' id='word_1_157' title='bbox 896 2583 927 2646; x_wconf 91' lang='lat' dir='ltr'><strong>in</strong></span> <span class='ocrx_word' id='word_1_158' title='bbox 958 2583 1062 2664; x_wconf 88' lang='lat' dir='ltr'><strong>capita</strong></span> <span class='ocrx_word' id='word_1_159' title='bbox 1087 2601 1149 2646; x_wconf 92' lang='lat' dir='ltr'><strong>non</strong></span> <span class='ocrx_word' id='word_1_160' title='bbox 1172 2582 1204 2646; x_wconf 91' lang='lat' dir='ltr'><strong>in</strong></span> 
     </span>
     <span class='ocr_line' id='line_1_20' title="bbox 88 2701 1205 2786; baseline 0 -20"><span class='ocrx_word' id='word_1_161' title='bbox 88 2703 196 2784; x_wconf 90' lang='lat' dir='ltr'><strong>stirpes</strong></span> <span class='ocrx_word' id='word_1_162' title='bbox 218 2702 378 2770; x_wconf 81' lang='lat' dir='ltr'><strong>hereditas</strong></span> <span class='ocrx_word' id='word_1_163' title='bbox 402 2701 514 2768; x_wconf 89' lang='lat' dir='ltr'><strong>diuisa.</strong></span> <span class='ocrx_word' id='word_1_164' title='bbox 547 2706 673 2786; x_wconf 85' lang='lat' dir='ltr'><strong>oportet</strong></span> <span class='ocrx_word' id='word_1_165' title='bbox 694 2721 770 2767; x_wconf 89' lang='lat' dir='ltr'><strong>nero</strong></span> <span class='ocrx_word' id='word_1_166' title='bbox 792 2709 825 2768; x_wconf 92' lang='lat' dir='ltr'><strong>et</strong></span> <span class='ocrx_word' id='word_1_167' title='bbox 846 2719 928 2784; x_wconf 87' lang='lat' dir='ltr'><strong>quae</strong></span> <span class='ocrx_word' id='word_1_168' title='bbox 950 2708 1042 2766; x_wconf 91' lang='lat' dir='ltr'><strong>antea</strong></span> <span class='ocrx_word' id='word_1_169' title='bbox 1065 2701 1205 2782; x_wconf 85' lang='lat' dir='ltr'><strong>exposui·</strong></span> 
     </span>
     <span class='ocr_line' id='line_1_21' title="bbox 28 2813 1256 2906; baseline 0.004 -20"><span class='ocrx_word' id='word_1_170' title='bbox 28 2813 35 2828; x_wconf 79' lang='grc'><strong>’</strong></span> <span class='ocrx_word' id='word_1_171' title='bbox 89 2839 155 2887; x_wconf 87' lang='lat' dir='ltr'><strong>mus</strong></span> <span class='ocrx_word' id='word_1_172' title='bbox 176 2830 309 2906; x_wconf 84' lang='lat' dir='ltr'><strong>atquae</strong></span> <span class='ocrx_word' id='word_1_173' title='bbox 331 2841 413 2888; x_wconf 90' lang='lat' dir='ltr'><strong>nunc</strong></span> <span class='ocrx_word' id='word_1_174' title='bbox 436 2823 569 2888; x_wconf 88' lang='lat' dir='ltr'><strong>diximus</strong></span> <span class='ocrx_word' id='word_1_175' title='bbox 597 2823 737 2902; x_wconf 84' lang='lat' dir='ltr'><strong>exemplo</strong></span> <span class='ocrx_word' id='word_1_176' title='bbox 764 2821 948 2888; x_wconf 85' lang='lat' dir='ltr'><strong>illustrare..</strong></span> <span class='ocrx_word' id='word_1_177' title='bbox 985 2828 1127 2886; x_wconf 89' lang='lat' dir='ltr'><strong>mortuus</strong></span> <span class='ocrx_word' id='word_1_178' title='bbox 1156 2827 1205 2887; x_wconf 89' lang='lat' dir='ltr'><strong>est</strong></span> <span class='ocrx_word' id='word_1_179' title='bbox 1222 2839 1256 2891; x_wconf 78' lang='lat' dir='ltr'><strong>ao</strong></span> 
     </span>
     <span class='ocr_line' id='line_1_22' title="bbox 90 2938 1205 3024; baseline 0 -19"><span class='ocrx_word' id='word_1_180' title='bbox 90 2941 209 3022; x_wconf 87' lang='lat' dir='ltr'><strong>quidam</strong></span> <span class='ocrx_word' id='word_1_181' title='bbox 231 2959 370 3007; x_wconf 87' lang='lat' dir='ltr'><strong>sororem</strong></span> <span class='ocrx_word' id='word_1_182' title='bbox 393 2941 548 3008; x_wconf 89' lang='lat' dir='ltr'><strong>uterinam</strong></span> <span class='ocrx_word' id='word_1_183' title='bbox 573 2942 751 3022; x_wconf 90' lang='lat' dir='ltr'><strong>relinquens</strong></span> <span class='ocrx_word' id='word_1_184' title='bbox 774 2949 806 3006; x_wconf 89' lang='lat' dir='ltr'><strong>et</strong></span> <span class='ocrx_word' id='word_1_185' title='bbox 827 2939 1020 3024; x_wconf 89' lang='lat' dir='ltr'><strong>praemortui</strong></span> <span class='ocrx_word' id='word_1_186' title='bbox 1041 2939 1149 3007; x_wconf 80' lang='lat' dir='ltr'><strong>fratris</strong></span> <span class='ocrx_word' id='word_1_187' title='bbox 1170 2938 1205 3005; x_wconf 87' lang='lat' dir='ltr'><strong>fi·</strong></span> 
     </span>
     <span class='ocr_line' id='line_1_23' title="bbox 91 3059 1204 3145; baseline 0.001 -23"><span class='ocrx_word' id='word_1_188' title='bbox 91 3059 169 3123; x_wconf 89' lang='lat' dir='ltr'><strong>lium.</strong></span> <span class='ocrx_word' id='word_1_189' title='bbox 211 3061 283 3126; x_wconf 89' lang='lat' dir='ltr'><strong>olim</strong></span> <span class='ocrx_word' id='word_1_190' title='bbox 307 3061 432 3142; x_wconf 90' lang='lat' dir='ltr'><strong>quidem</strong></span> <span class='ocrx_word' id='word_1_191' title='bbox 461 3060 652 3145; x_wconf 87' lang='lat' dir='ltr'><strong>praemortui</strong></span> <span class='ocrx_word' id='word_1_192' title='bbox 676 3061 782 3125; x_wconf 79' lang='lat' dir='ltr'><strong>fratris</strong></span> <span class='ocrx_word' id='word_1_193' title='bbox 804 3059 886 3126; x_wconf 84' lang='lat' dir='ltr'><strong>filius</strong></span> <span class='ocrx_word' id='word_1_194' title='bbox 910 3068 1018 3143; x_wconf 92' lang='lat' dir='ltr'><strong>utpote</strong></span> <span class='ocrx_word' id='word_1_195' title='bbox 1048 3063 1204 3141; x_wconf 84' lang='lat' dir='ltr'><strong>adgnatos</strong></span> 
     </span>
     <span class='ocr_line' id='line_1_24' title="bbox 92 3177 1204 3263; baseline 0.005 -23"><span class='ocrx_word' id='word_1_196' title='bbox 92 3177 288 3245; x_wconf 87' lang='lat' dir='ltr'><strong>hereditatem</strong></span> <span class='ocrx_word' id='word_1_197' title='bbox 311 3181 464 3262; x_wconf 87' lang='lat' dir='ltr'><strong>capiebat,</strong></span> <span class='ocrx_word' id='word_1_198' title='bbox 487 3198 555 3247; x_wconf 88' lang='lat' dir='ltr'><strong>cum</strong></span> <span class='ocrx_word' id='word_1_199' title='bbox 579 3200 616 3246; x_wconf 85' lang='lat' dir='ltr'><strong>ex</strong></span> <span class='ocrx_word' id='word_1_200' title='bbox 640 3181 752 3261; x_wconf 90' lang='lat' dir='ltr'><strong>potiori</strong></span> <span class='ocrx_word' id='word_1_201' title='bbox 773 3179 896 3245; x_wconf 91' lang='lat' dir='ltr'><strong>ueniret</strong></span> <span class='ocrx_word' id='word_1_202' title='bbox 918 3180 1037 3258; x_wconf 89' lang='lat' dir='ltr'><strong>ordine,</strong></span> <span class='ocrx_word' id='word_1_203' title='bbox 1060 3182 1204 3263; x_wconf 88' lang='lat' dir='ltr'><strong>quamuis</strong></span> 
     </span>
     <span class='ocr_line' id='line_1_25' title="bbox 94 3298 1202 3381; baseline 0.001 -18"><span class='ocrx_word' id='word_1_204' title='bbox 94 3299 184 3376; x_wconf 58' lang='lat' dir='ltr'><strong>made</strong></span> <span class='ocrx_word' id='word_1_205' title='bbox 207 3299 338 3366; x_wconf 86' lang='lat' dir='ltr'><strong>ulterior</strong></span> <span class='ocrx_word' id='word_1_206' title='bbox 356 3310 455 3381; x_wconf 86' lang='lat' dir='ltr'><strong>esset;</strong></span> <span class='ocrx_word' id='word_1_207' title='bbox 478 3307 546 3366; x_wconf 87' lang='lat' dir='ltr'><strong>erat</strong></span> <span class='ocrx_word' id='word_1_208' title='bbox 568 3301 651 3365; x_wconf 91' lang='lat' dir='ltr'><strong>enim</strong></span> <span class='ocrx_word' id='word_1_209' title='bbox 674 3299 758 3375; x_wconf 83' lang='lat'>111¹,</span> <span class='ocrx_word' id='word_1_210' title='bbox 780 3311 991 3367; x_wconf 78' lang='lat' dir='ltr'><strong>coronantem</strong></span> <span class='ocrx_word' id='word_1_211' title='bbox 1007 3298 1056 3364; x_wconf 89' lang='lat'><strong>11¹</strong></span> <span class='ocrx_word' id='word_1_212' title='bbox 1076 3301 1202 3381; x_wconf 83' lang='lat' dir='ltr'><strong>gradus.</strong></span> 
     </span>
     <span class='ocr_line' id='line_1_26' title="bbox 95 3391 1254 3504; baseline 0.002 -24"><span class='ocrx_word' id='word_1_213' title='bbox 95 3416 180 3482; x_wconf 92' lang='lat' dir='ltr'><strong>hodie</strong></span> <span class='ocrx_word' id='word_1_214' title='bbox 201 3439 274 3486; x_wconf 88' lang='lat' dir='ltr'><strong>uero</strong></span> <span class='ocrx_word' id='word_1_215' title='bbox 297 3423 467 3486; x_wconf 87' lang='lat' dir='ltr'><strong>secundum</strong></span> <span class='ocrx_word' id='word_1_216' title='bbox 491 3441 528 3487; x_wconf 92' lang='lat' dir='ltr'><strong>ea</strong></span> <span class='ocrx_word' id='word_1_217' title='bbox 550 3439 632 3504; x_wconf 87' lang='lat' dir='ltr'><strong>quae</strong></span> <span class='ocrx_word' id='word_1_218' title='bbox 655 3423 798 3504; x_wconf 85' lang='lat' dir='ltr'><strong>princeps</strong></span> <span class='ocrx_word' id='word_1_219' title='bbox 820 3429 926 3486; x_wconf 90' lang='lat' dir='ltr'><strong>noster</strong></span> <span class='ocrx_word' id='word_1_220' title='bbox 954 3419 1058 3486; x_wconf 83' lang='lat' dir='ltr'><strong>sanxit</strong></span> <span class='ocrx_word' id='word_1_221' title='bbox 1080 3421 1148 3501; x_wconf 89' lang='lat' dir='ltr'><strong>ipsa</strong></span> <span class='ocrx_word' id='word_1_222' title='bbox 1170 3391 1254 3495; x_wconf 59' lang='lat' dir='ltr'><strong>hp,</strong></span> 
     </span>
    </p>
   </div>
   <div class='ocr_carea' id='block_1_3' title="bbox 0 0 1467 4712">
    <p class='ocr_par' dir='ltr' id='par_1_3' title="bbox 0 0 1467 4712">
     <span class='ocr_line' id='line_1_27' title="bbox 0 0 1467 4712; baseline 0 0"><span class='ocrx_word' id='word_1_223' title='bbox 0 0 1467 4712; x_wconf 95' lang='lat' dir='ltr'><strong> </strong></span> 
     </span>
    </p>
   </div>
  </div>
 </body>
</html>
