3092 4702
572 301 780 366 ..62-

121 487 242 555 tuncin
265 506 363 554 auum
385 488 435 554 ins
462 487 629 570 potestatis
655 487 855 554 transfertur.
903 487 935 553 in
962 488 1022 555 hoc
1050 487 1132 553 enim
1162 503 1239 554 casu

120 606 329 690 plenissimum
363 605 461 673 robur
495 606 694 687 adoptionem
738 605 856 673 habere
895 605 1030 672 diximus
1069 609 1166 688 atque
1205 606 1238 672 in

91 725 107 775 i·
119 725 293 808 adoptantis
308 730 495 807 potestatem
510 725 695 806 adoptatum
718 724 873 807 redigere.
918 725 948 789 9.
965 725 1044 790 Erat
1058 723 1183 792 cuidam
1203 721 1238 789 fi-

119 843 175 909 lius
197 843 229 908 in
254 847 430 925 potestate,
460 843 514 923 qui
545 860 674 908 uxorem
707 849 910 924 praegnatem
942 841 1082 910 haberet.
1139 841 1236 908 tilium

120 960 325 1042 emanciparit
346 967 403 1026 aut
424 979 484 1026 auo
506 960 719 1042 adoptandum
745 960 850 1042 dedit;
877 953 991 1027 deinde
1020 979 1117 1044 nepos
1143 967 1237 1028 natus
1272 962 1289 1012 ὅ

120 1085 177 1147 cst:
199 1079 367 1162 quaedtur
388 1079 478 1145 cuins
500 1079 562 1146 erit
582 1097 663 1162 puer
683 1079 715 1144 in
737 1084 905 1162 potestate,
926 1085 1033 1146 utrum
1055 1078 1107 1144 ani
1128 1095 1169 1144 an
1184 1097 1238 1162 pa·

121 1200 181 1264 tris
226 1204 261 1264 et
281 1201 382 1280 magis
404 1205 454 1264 est
475 1203 512 1264 nt
533 1199 564 1264 in
586 1202 743 1280 potestate
764 1197 895 1276 euicit,
922 1197 954 1262 in
982 1197 1129 1280 legitimis
1152 1195 1237 1264 enim

120 1317 233 1398 nuptiis
270 1316 481 1399 conceptionis
517 1323 643 1398 tempus
674 1321 873 1397 spectamus:
914 1333 985 1382 oum
1018 1319 1125 1382 autem
1159 1331 1239 1380 uror

120 1452 269 1516 praegnas
291 1433 375 1500 iacta
396 1439 461 1514 cst,
486 1435 518 1499 in
540 1439 697 1516 potestate
726 1440 795 1499 erat
824 1432 922 1512 filius,
950 1433 1004 1514 qui
1026 1451 1098 1498 eum
1118 1434 1237 1515 genuit,

121 1553 240 1620 ntideo
261 1553 375 1620 merito
396 1554 430 1618 in
459 1555 512 1620 aui
533 1553 688 1620 naturalis
709 1559 868 1636 potestate
890 1553 958 1620 erit.
1008 1555 1035 1619 si
1061 1571 1139 1619 uero
1166 1558 1289 1634 pastro

121 1671 394 1754 emancipationem
417 1677 474 1737 aut
502 1671 702 1754 adoptionem
727 1690 825 1755 nepos
853 1677 1023 1754 conceptus
1054 1673 1112 1752 sit,
1137 1671 1238 1753 patris

83 1771 166 1856 insui
194 1796 256 1856 aut
289 1791 341 1855 aui
371 1791 511 1871 adoptini
543 1790 695 1873 potestati
726 1789 907 1856 subicietur.
959 1789 1008 1854 10.
1042 1789 1237 1857 Admonendi

121 1913 220 1976 autem
242 1926 352 1975 snmus
373 1907 482 1987 tilium,
505 1910 559 1992 qui
588 1908 622 1975 in
644 1927 714 1975 mea
742 1915 792 1976 est
816 1915 989 1990 potestate,
1017 1909 1085 1976 siue
1110 1915 1238 1974 natura·

121 2026 175 2094 lem
202 2029 274 2094 siue
300 2027 485 2110 adoptiuum
514 2026 719 2094 nullomodo
748 2046 799 2094 me
827 2045 940 2110 cogare
971 2043 1065 2110 posse
1098 2033 1134 2092 ut
1165 2045 1237 2093 sum

123 2147 317 2228 emmupem.
1256 2157 1288 2208 tn

459 2752 506 2818 De
527 2752 645 2819 tutelis.
689 2751 813 2817 Titulus
838 2751 887 2816 13.

204 2939 344 3004 Diximus
366 2937 529 3006 hominum
551 2939 704 3022 quosdam
725 2956 835 3006 seruos
863 2957 953 3017 esse,
982 2936 1133 3022 quosdam
1163 2938 1237 3004 libe·

122 3071 176 3120 ros
195 3061 226 3122 et
244 3056 416 3124 liberorum
437 3057 589 3140 quosdam
611 3059 763 3139 ingenuos
785 3057 939 3139 quosdam
962 3057 1139 3136 libertinam
1162 3055 1238 3121 dixi·

124 3190 192 3238 mus
212 3181 243 3242 et
262 3176 393 3242 aiteram
416 3174 614 3255 diuisionem,
637 3175 788 3259 quosdam
810 3194 881 3242 esse
902 3175 952 3241 sni
973 3175 1063 3254 iuris,
1086 3173 1237 3257 quosdam

125 3291 216 3358 alieni
234 3295 320 3360 iuris.
348 3314 419 3362 oum
440 3295 538 3378 igitur
559 3295 598 3362 de
619 3299 777 3376 potestate
799 3293 979 3374 dixerimus,
1002 3311 1097 3377 quam
1118 3294 1151 3357 in
1174 3310 1238 3358 ser·

125 3428 185 3476 uos
202 3411 349 3480 habemus
371 3415 424 3480 nel
445 3430 540 3494 quam
562 3415 593 3480 in
616 3411 697 3480 filice
712 3420 769 3480 aut
782 3412 885 3480 iustae
900 3411 1028 3495 nuptiae
1042 3409 1134 3478 nobis
1149 3429 1237 3493 prae
1255 3417 1295 3470 tt

128 3533 211 3595 stant
235 3538 289 3596 aut
314 3530 514 3614 adoptiones,
544 3539 576 3598 et
605 3550 675 3598 oum
705 3531 968 3615 quemadmodum
994 3531 1159 3598 uoluuntur
1187 3548 1239 3596 ex·

127 3650 333 3728 posuerimus,
360 3657 559 3718 uanseamus
584 3653 625 3718 ad
654 3651 749 3718 aliam
777 3651 974 3718 diuisionem.
1025 3667 1096 3717 nam
1120 3667 1159 3716 ex
1187 3648 1238 3715 his
