2898 4712
527 364 759 430 ..m-

98 548 249 615 testatoris
270 552 379 618 mortis
401 557 525 635 tempus
546 550 741 633 inquirimus,
763 537 1022 642 seteoudieieuis
1040 561 1199 628 suentem

97 676 140 734 set
158 670 192 747 si,
214 687 285 737 eum
308 670 449 738 eondieio
471 670 626 751 extiterit,
652 670 777 738 Stichus
803 679 858 742 eut
883 671 963 739 liber
987 679 1044 739 sut
1070 672 1200 739 ulterius

98 807 237 868 personae
253 809 363 856 seruus
379 791 447 868 erit,
463 789 581 856 uulebit
595 790 748 874 legatum:
770 792 818 856 sin
833 797 937 858 eutem
951 791 1026 857 miri
1041 789 1200 861 subiectus

96 910 158 988 erit,
190 910 302 978 inutile
334 909 395 977 erit
429 911 576 994 legatum.
638 919 687 976 set
717 911 794 977 haee
822 911 1017 994 quorundum
1044 909 1201 978 sententie

97 1036 153 1098 eet:
173 1027 225 1096 ius
248 1049 324 1106 uero
345 1048 407 1112 quo
429 1031 547 1098 utimur
567 1030 719 1104 eiusmodi
741 1036 799 1098 est
847 1030 879 1102 in
907 1031 1019 1113 legetis
1047 1030 1106 1099 sub
1128 1049 1201 1098 con·
1233 1041 1250 1094 u

97 1151 205 1218 ditiore
236 1149 353 1219 relictis
379 1167 489 1218 uerum
519 1151 677 1232 estquod
704 1150 852 1228 diximus,
880 1149 1103 1232 inspiciendum
1131 1168 1200 1222 esse

97 1268 277 1334 condicionis
298 1275 458 1349 euentum
480 1269 512 1334 in
534 1269 622 1351 puris
645 1287 720 1334 sero
744 1269 785 1334 ub
813 1268 902 1335 initio
931 1269 1068 1350 legatum
1090 1267 1201 1344 inutile

98 1395 138 1452 est
155 1395 285 1470 propter
299 1387 427 1456 Catonis
442 1389 591 1471 refflrlam,
606 1405 687 1470 quse
701 1389 758 1454 eit:
772 1389 876 1470 legem
897 1390 1008 1468 omniu,
1031 1407 1112 1472 quse
1132 1386 1199 1454 inu·

97 1507 156 1572 tilis
175 1507 279 1574 iurent
293 1509 319 1573 si
334 1513 468 1573 testator
484 1507 591 1598 stetim
607 1515 678 1590 post
692 1512 911 1574 testamentum
933 1508 1089 1575 eonditum
1113 1507 1199 1573 deee-

99 1627 184 1706 deret,
207 1646 270 1693 non
293 1628 363 1693 ideo
392 1625 577 1704 confirmari,
603 1629 676 1709 quie
697 1632 770 1714 post
791 1633 1011 1694 testamentum
1040 1627 1199 1694 conditum
1219 1645 1251 1698 10

98 1751 209 1828 ternpus
232 1747 358 1830 aliquod
379 1747 572 1836 superuiuut,
594 1749 639 1814 im
661 1745 825 1817 etheredi
851 1747 941 1838 copie
969 1751 1116 1830 suppetat
1137 1742 1197 1816 Sti·

98 1867 179 1937 chum
200 1867 438 1939 manumittendi
462 1864 512 1934 nel
534 1864 700 1938 alienandi.
744 1866 877 1940 sienim
904 1865 1010 1936 stetim
1039 1871 1111 1946 pest
1131 1884 1199 1948 ρει,

98 1986 200 2050 tectum
233 1991 453 2050 testamentum
475 1985 659 2052 decessisset
693 1991 842 2062 testetur,
873 2003 984 2056 seruus
1016 1985 1048 2050 iu
1076 1983 1199 2050 heredis

59 2117 92 2170 eu.
100 2111 244 2187 potestate
267 2112 350 2172 esset
371 2105 527 2174 iuuentus.
570 2105 620 2170 33.
643 2103 724 2184 Quid
747 2112 852 2172 sutem
873 2104 901 2170 si
923 2123 960 2171 ex
981 2105 1107 2171 diuerso
1128 2103 1199 2185 quis

100 2225 222 2291 moriens
244 2242 369 2292 seruum
392 2243 494 2290 meum
517 2224 660 2290 heredem
683 2221 830 2302 instituit,
856 2223 930 2288 mihi
958 2230 1063 2291 eutem
1092 2224 1132 2288 sb
1162 2241 1198 2290 eo
1219 2251 1249 2303 ω

100 2345 225 2426 legatum
253 2343 400 2426 reliquit?
430 2344 489 2411 hoc
517 2361 591 2410 cusu
620 2363 681 2410 non
711 2350 760 2414 est
789 2343 1005 2424 ambigendum
1033 2343 1198 2430 quominus

100 2463 226 2546 legatum
254 2465 367 2535 usleut
416 2483 487 2533 nem
514 2462 542 2532 si
569 2458 641 2546 post·
674 2467 895 2538 testamentum
923 2461 1038 2528 iustum
1066 2467 1199 2538 testetur

99 2584 265 2664 decederet,
298 2603 358 2652 non
393 2585 518 2658 eederet
552 2584 636 2667 apud
668 2582 814 2656 heredem
850 2581 916 2654 dies
952 2581 1057 2663 mauu.
1108 2599 1199 2664 suus

99 2705 171 2770 riute
199 2723 290 2783 essu,
319 2721 380 2786 quo
408 2705 499 2772 heres
526 2711 595 2770 ersi
621 2704 780 2783 dominus,
806 2702 976 2784 legatarius
1002 2707 1106 2768 sutem
1134 2717 1199 2767 ser·

99 2842 159 2898 uus,
179 2824 315 2905 legatum
337 2841 430 2890 seruo
457 2821 594 2890 deletum
624 2823 730 2889 stetim
760 2820 886 2886 domino
913 2820 1136 2902 quaerebatur:
1164 2819 1196 2884 in
1215 2835 1250 2888 ud

99 2943 148 3008 hoe
173 2952 275 3010 eutem
301 2963 376 3010 essu
402 2945 510 3026 nequit
536 2944 595 3010 diei
624 2943 760 3021 legatum
788 2941 913 3009 domino
941 2937 1078 3006 deletum
1104 2955 1197 3004 seruo

98 3059 195 3128 heredi
218 3064 361 3130 institute
382 3063 556 3147 quaesitum
583 3063 631 3128 iri.
679 3061 730 3127 hic
756 3060 838 3130 enim
865 3058 1022 3126 heredites
1050 3076 1070 3128 u
1095 3057 1198 3149 legato

100 3181 299 3266 distinguitur,
322 3201 391 3250 cum
413 3181 493 3253 alius
514 3183 613 3268 possit
638 3199 695 3269 pes
723 3180 806 3256 huus
831 3178 972 3256 Stichum
1001 3180 1092 3256 teres
1120 3175 1197 3254 deu·

99 3298 236 3382 eiigitur
255 3308 422 3385 antequem
443 3301 568 3376 trusum
593 3319 665 3370 eum
695 3299 782 3369 edire
809 3298 946 3382 metune
974 3315 1125 3382 quaerere
1145 3295 1198 3365 he·

99 3417 262 3501 ruditmsm,
283 3423 314 3487 in
336 3419 466 3488 ulterius
487 3426 672 3504 potestatem
695 3417 738 3484 sit
763 3416 948 3500 transimus,
968 3437 1051 3484 noue
1073 3415 1197 3490 domiuo
1214 3437 1249 3490 ud

100 3547 235 3622 quierem
254 3541 280 3608 si
303 3559 378 3608 uero
393 3541 599 3610 manumissus
621 3539 726 3619 tuerit,
750 3539 874 3608 sibimet
894 3538 964 3620 ipse
984 3538 1091 3605 edisne
1110 3535 1198 3604 here·
