2864 4736
515 359 758 428 -4254

86 544 295 623 praegnatem.
318 546 383 604 tres
395 539 491 622 igitur
500 540 635 604 diximus
651 559 721 604 esso
733 537 1036 622 praeiudiciales
1048 537 1198 621 actiones,

86 683 211 744 quarum
240 663 318 727 duas
346 671 475 746 praetor
503 664 680 747 proposuit,
716 683 778 726 una
813 669 918 726 autem
948 681 988 726 ex
1015 661 1082 726 iure
1111 661 1198 726 oiuiii

85 788 258 868 descendit,
288 789 319 851 in
347 807 410 868 qua
438 788 582 852 nimirum
611 788 680 869 quis
708 786 854 852 intendit:
887 807 951 851 »an
979 793 1116 870 pareat
1141 806 1196 851 me

42 913 241 977 laiiberum
277 931 389 978 esse«.
444 915 492 978 14.
516 913 661 978 Diximus
690 913 848 977 actionum
876 910 1030 992 quasdam
1058 911 1095 975 in
1121 931 1197 976 rem

85 1057 165 1119 asse,
191 1037 344 1117 quasdam
368 1037 404 1102 in
427 1057 639 1120 personam,
687 1037 800 1119 quibus
823 1037 869 1101 ita
892 1036 1050 1118 diseretis,
1079 1043 1195 1101 eertum
1234 1049 1250 1100 5

83 1169 128 1226 est
157 1181 223 1226 non
254 1181 349 1246 posse
383 1168 522 1227 aotorem
553 1182 634 1242 rem,
670 1162 758 1226 ouius
791 1161 962 1227 dominium
993 1161 1108 1242 habet,
1140 1181 1197 1244 per

83 1286 234 1350 ortionem
264 1286 297 1349 in
326 1305 495 1370 personam
525 1295 647 1370 petere,
683 1293 778 1368 atque
810 1285 988 1352 intendere:
1018 1285 1060 1350 ‘si
1089 1291 1199 1370 paret

83 1410 340 1475 aduersarium
374 1430 450 1475 rem
485 1431 603 1476 meam
638 1411 726 1475 mihi
760 1411 849 1476 dare
885 1411 1084 1493 oportere’.
1139 1429 1197 1474 neo

82 1535 160 1599 enim
191 1534 275 1617 quod
309 1535 442 1600 alieuius
478 1542 526 1600 est
549 1535 581 1599 id
609 1536 639 1601 ei
667 1536 736 1600 dari
770 1541 888 1619 potest3
925 1535 1072 1615 quoniam
1107 1535 1196 1598 dare

82 1659 236 1742 signifieat
259 1660 415 1740 quendam
440 1659 599 1724 dominum
614 1660 736 1726 faeere:
761 1668 850 1725 aotor
873 1667 977 1724 autem
993 1657 1095 1740 magis
1120 1678 1196 1723 suae
1216 1670 1251 1722 10

81 1784 124 1848 rei
156 1783 301 1849 dominus
332 1784 402 1850 fieri
428 1785 546 1866 nequit.
592 1786 702 1869 exoipe
730 1784 806 1850 mihi
834 1793 940 1849 tamen
967 1783 1196 1849 condiationem

80 1907 236 1990 fmtiuam‚
259 1928 322 1989 qua
344 1909 377 1974 iu
393 1909 493 1974 iurem
510 1910 688 1992 experimur
703 1910 771 1974 eius
786 1909 833 1974 rai
848 1909 984 1990 nomine,
1009 1928 1091 1989 quae
1113 1907 1196 1972 furto

80 2039 125 2096 est
148 2032 267 2096 ablata.
306 2031 378 2098 odio
403 2034 485 2097 enim
508 2033 620 2116 furum,
644 2054 705 2115 quo
728 2034 831 2116 magis
854 2033 996 2117 pluribus
1020 2033 1196 2098 notionibus

79 2163 254 2238 teneantur,
278 2157 355 2221 iuris
378 2158 506 2240 regulas
530 2159 643 2223 missas
666 2159 807 2223 faoimus.
852 2158 1090 2242 peractionem
1113 2158 1196 2222 enim

79 2281 150 2344 furti
174 2281 304 2364 duplum
332 2281 581 2366 quadruplnmue
608 2282 838 2366 persequimur3
869 2283 970 2366 ipsam
998 2287 1102 2346 autem
1129 2301 1195 2346 rem
1216 2293 1248 2346 15

80 2406 219 2469 ablatam
244 2411 298 2470 aut
320 2426 360 2471 ex
383 2406 459 2471 iuris
483 2408 595 2490 regula
616 2407 821 2490 uindioamus‚
846 2413 900 2472 aut
922 2413 1033 2472 eontra
1054 2379 1196 2488 regulam

78 2549 133 2613 per
147 2531 295 2594 furtiuam
314 2531 543 2596 oondiotiouem
558 2531 703 2616 petimus,
728 2531 773 2596 sio
792 2531 1005 2596 intendentes:
1031 2531 1073 2596 ‘si
1088 2535 1197 2614 paret

34 2653 182 2719 millum
206 2654 298 2720 dare
322 2659 519 2739 oportere'.
568 2660 616 2724 15.
641 2655 757 2722 Omnes
781 2663 886 2720 autern
909 2657 1031 2721 iurem
1054 2655 1196 2720 aotiones

77 2778 363 2845 uindioationes
392 2785 559 2862 nodantur,
591 2780 682 2846 siouti
710 2786 742 2846 et
765 2799 873 2846 omnes
902 2781 1043 2845 actiones
1071 2780 1104 2844 in
1126 2799 1197 2863 per·

77 2923 187 2967 sonam
234 2904 496 2970 ooudiotiones
540 2904 692 2969 diountur.
758 2906 979 2971 ‘ooudioere’
1023 2904 1105 2970 euim
1149 2910 1251 2969 osteo

77 3027 303 3093 denuntiare
327 3029 433 3111 prisea
455 3028 573 3112 lingua.
613 3029 686 3095 olim
707 3030 789 3095 enim
806 3031 860 3114 qui
883 3030 1075 3126 oumvaliquo
1100 3047 1196 3112 agere

77 3153 217 3235 uolebat,
240 3152 273 3216 id
290 3153 319 3216 ei
339 3153 385 3217 ita
400 3153 619 3218 denuntiabat:
646 3155 792 3220 ‘adesto
812 3155 882 3219 illa
898 3155 958 3220 die
974 3154 1020 3218 ad
1034 3153 1195 3219 iudieem

76 3295 217 3342 meoum
241 3277 516 3364 rapiendum’1).
555 3277 647 3345 hodie
671 3299 747 3343 uero
771 3279 902 3344 abusiue
928 3277 1138 3344 ‘eondiotio’
1157 3297 1196 3342 ea

77 3401 159 3465 aetio
184 3407 325 3482 uocatur,
360 3421 422 3483 qua
449 3409 539 3468 aotor
568 3403 714 3468 intendit:
751 3403 794 3468 ‘si
824 3410 934 3486 paret
966 3403 1072 3467 ilium
1105 3401 1195 3465 dare

78 3525 280 3607 oportere’3
305 3526 393 3591 nulla
416 3527 499 3591 enim
523 3546 562 3591 en
586 3527 662 3609 iure,
688 3546 749 3608 quo
765 3547 846 3592 nuno
862 3527 986 3610 utimur,
1011 3523 1248 3591 aduersariam

76 3669 291 3680 ———

167 3737 431 3806 pomam
