<?xml version="1.0" encoding="UTF-8"?>
<!DOCTYPE html PUBLIC "-//W3C//DTD XHTML 1.0 Transitional//EN"
    "http://www.w3.org/TR/xhtml1/DTD/xhtml1-transitional.dtd">
<html xmlns="http://www.w3.org/1999/xhtml" xml:lang="en" lang="en">
 <head>
  <title>
</title>
<meta http-equiv="Content-Type" content="text/html;charset=utf-8" />
  <meta name='ocr-system' content='tesseract 3.04.00' />
  <meta name='ocr-capabilities' content='ocr_page ocr_carea ocr_par ocr_line ocrx_word'/>
</head>
<body>
  <div class='ocr_page' id='page_1' title='image "./institutionumgr02linggoog_0156.png"; bbox 0 0 3092 4702; ppageno 0'>
   <div class='ocr_carea' id='block_1_1' title="bbox 582 315 793 376">
    <p class='ocr_par' dir='ltr' id='par_1_1' title="bbox 582 315 793 376">
     <span class='ocr_line' id='line_1_1' title="bbox 582 315 793 376; baseline 0 -14"><span class='ocrx_word' id='word_1_1' title='bbox 582 315 793 376; x_wconf 74' lang='lat' dir='ltr'><strong>...fil-.-</strong></span> 
     </span>
    </p>
   </div>
   <div class='ocr_carea' id='block_1_2' title="bbox 93 497 1300 3550">
    <p class='ocr_par' dir='ltr' id='par_1_2' title="bbox 124 497 1299 1767">
     <span class='ocr_line' id='line_1_2' title="bbox 125 497 1248 580; baseline 0.001 -20"><span class='ocrx_word' id='word_1_2' title='bbox 125 497 315 576; x_wconf 79' lang='lat' dir='ltr'><strong>imaginariis</strong></span> <span class='ocrx_word' id='word_1_3' title='bbox 349 497 582 564; x_wconf 88' lang='lat' dir='ltr'><strong>uenditionibus</strong></span> <span class='ocrx_word' id='word_1_4' title='bbox 616 497 769 579; x_wconf 78' lang='lat' dir='ltr'><strong>explosis,</strong></span> <span class='ocrx_word' id='word_1_5' title='bbox 796 499 881 580; x_wconf 84' lang='lat' dir='ltr'><strong>apud</strong></span> <span class='ocrx_word' id='word_1_6' title='bbox 909 504 1136 579; x_wconf 71' lang='lat' dir='ltr'>competentem</span> <span class='ocrx_word' id='word_1_7' title='bbox 1168 497 1248 562; x_wconf 90' lang='lat' dir='ltr'><strong>iudi·</strong></span> 
     </span>
     <span class='ocr_line' id='line_1_3' title="bbox 125 613 1247 696; baseline 0.001 -16"><span class='ocrx_word' id='word_1_8' title='bbox 125 633 180 680; x_wconf 89' lang='lat' dir='ltr'><strong>cem</strong></span> <span class='ocrx_word' id='word_1_9' title='bbox 204 633 264 680; x_wconf 88' lang='lat' dir='ltr'><strong>seu</strong></span> <span class='ocrx_word' id='word_1_10' title='bbox 288 615 493 696; x_wconf 72' lang='lat' dir='ltr'><strong>magistratus</strong></span> <span class='ocrx_word' id='word_1_11' title='bbox 514 613 609 680; x_wconf 86' lang='lat' dir='ltr'><strong>liceat</strong></span> <span class='ocrx_word' id='word_1_12' title='bbox 629 615 813 696; x_wconf 85' lang='lat' dir='ltr'><strong>perentibus</strong></span> <span class='ocrx_word' id='word_1_13' title='bbox 842 617 975 696; x_wconf 89' lang='lat' dir='ltr'><strong>intrare,</strong></span> <span class='ocrx_word' id='word_1_14' title='bbox 1005 633 1142 696; x_wconf 82' lang='lat' dir='ltr'><strong>suosque</strong></span> <span class='ocrx_word' id='word_1_15' title='bbox 1165 614 1247 681; x_wconf 85' lang='lat' dir='ltr'><strong>tilios</strong></span> 
     </span>
     <span class='ocr_line' id='line_1_4' title="bbox 125 733 1247 815; baseline 0 -17"><span class='ocrx_word' id='word_1_16' title='bbox 125 733 240 800; x_wconf 84' lang='lat' dir='ltr'><strong>diesne</strong></span> <span class='ocrx_word' id='word_1_17' title='bbox 263 733 317 799; x_wconf 91' lang='lat' dir='ltr'><strong>nel</strong></span> <span class='ocrx_word' id='word_1_18' title='bbox 339 739 470 814; x_wconf 80' lang='lat' dir='ltr'><strong>nepotes</strong></span> <span class='ocrx_word' id='word_1_19' title='bbox 492 739 643 814; x_wconf 88' lang='lat' dir='ltr'><strong>neptesue</strong></span> <span class='ocrx_word' id='word_1_20' title='bbox 665 739 698 799; x_wconf 90' lang='lat' dir='ltr'><strong>et</strong></span> <span class='ocrx_word' id='word_1_21' title='bbox 720 734 866 815; x_wconf 81' lang='lat' dir='ltr'><strong>deinceps</strong></span> <span class='ocrx_word' id='word_1_22' title='bbox 888 754 947 800; x_wconf 92' lang='lat' dir='ltr'><strong>sna</strong></span> <span class='ocrx_word' id='word_1_23' title='bbox 968 752 1063 800; x_wconf 89' lang='lat' dir='ltr'><strong>mann</strong></span> <span class='ocrx_word' id='word_1_24' title='bbox 1079 734 1247 812; x_wconf 84' lang='lat' dir='ltr'><strong>dimittere,</strong></span> 
     </span>
     <span class='ocr_line' id='line_1_5' title="bbox 124 852 1248 937; baseline 0 -20"><span class='ocrx_word' id='word_1_25' title='bbox 124 853 150 917; x_wconf 92' lang='lat' dir='ltr'><strong>id</strong></span> <span class='ocrx_word' id='word_1_26' title='bbox 168 858 298 918; x_wconf 84' lang='lat' dir='ltr'><strong>tentum</strong></span> <span class='ocrx_word' id='word_1_27' title='bbox 321 853 476 918; x_wconf 90' lang='lat' dir='ltr'><strong>dicentes:</strong></span> <span class='ocrx_word' id='word_1_28' title='bbox 505 852 608 918; x_wconf 89' lang='lat' dir='ltr'><strong>hunc</strong></span> <span class='ocrx_word' id='word_1_29' title='bbox 636 855 836 937; x_wconf 87' lang='lat' dir='ltr'><strong>emancipe</strong></span> <span class='ocrx_word' id='word_1_30' title='bbox 863 872 1027 936; x_wconf 84' lang='lat' dir='ltr'><strong>meaque</strong></span> <span class='ocrx_word' id='word_1_31' title='bbox 1049 872 1164 918; x_wconf 88' lang='lat' dir='ltr'><strong>mann</strong></span> <span class='ocrx_word' id='word_1_32' title='bbox 1187 853 1248 917; x_wconf 91' lang='lat' dir='ltr'><strong>di·</strong></span> 
     </span>
     <span class='ocr_line' id='line_1_6' title="bbox 125 971 1299 1054; baseline 0.003 -19"><span class='ocrx_word' id='word_1_33' title='bbox 125 973 244 1036; x_wconf 90' lang='lat' dir='ltr'><strong>mitto.</strong></span> <span class='ocrx_word' id='word_1_34' title='bbox 287 979 321 1036; x_wconf 93' lang='lat' dir='ltr'><strong>et</strong></span> <span class='ocrx_word' id='word_1_35' title='bbox 342 971 368 1035; x_wconf 91' lang='lat' dir='ltr'><strong>si</strong></span> <span class='ocrx_word' id='word_1_36' title='bbox 391 977 463 1052; x_wconf 91' lang='lat' dir='ltr'><strong>post</strong></span> <span class='ocrx_word' id='word_1_37' title='bbox 484 971 635 1037; x_wconf 91' lang='lat' dir='ltr'><strong>eiusmodi</strong></span> <span class='ocrx_word' id='word_1_38' title='bbox 658 974 935 1054; x_wconf 78' lang='lat' dir='ltr'><strong>emancipationem</strong></span> <span class='ocrx_word' id='word_1_39' title='bbox 958 991 1029 1038; x_wconf 91' lang='lat' dir='ltr'><strong>eum</strong></span> <span class='ocrx_word' id='word_1_40' title='bbox 1052 991 1171 1050; x_wconf 70' lang='lat' dir='ltr'><strong>mutue,</strong></span> <span class='ocrx_word' id='word_1_41' title='bbox 1194 973 1247 1054; x_wconf 88' lang='lat' dir='ltr'><strong>qni</strong></span> <span class='ocrx_word' id='word_1_42' title='bbox 1282 989 1299 1038; x_wconf 86' lang='lat' dir='ltr'><strong>o</strong></span> 
     </span>
     <span class='ocr_line' id='line_1_7' title="bbox 126 1090 1245 1174; baseline 0.002 -20"><span class='ocrx_word' id='word_1_43' title='bbox 126 1109 243 1172; x_wconf 84' lang='lat' dir='ltr'><strong>qusene</strong></span> <span class='ocrx_word' id='word_1_44' title='bbox 272 1090 368 1156; x_wconf 85' lang='lat' dir='ltr'><strong>inerit</strong></span> <span class='ocrx_word' id='word_1_45' title='bbox 396 1090 608 1172; x_wconf 87' lang='lat' dir='ltr'><strong>emancipatus</strong></span> <span class='ocrx_word' id='word_1_46' title='bbox 638 1091 875 1174; x_wconf 84' lang='lat' dir='ltr'><strong>emancipatene</strong></span> <span class='ocrx_word' id='word_1_47' title='bbox 906 1093 973 1156; x_wconf 90' lang='lat' dir='ltr'><strong>sine</strong></span> <span class='ocrx_word' id='word_1_48' title='bbox 1008 1091 1116 1157; x_wconf 91' lang='lat' dir='ltr'><strong>liberis</strong></span> <span class='ocrx_word' id='word_1_49' title='bbox 1150 1097 1245 1156; x_wconf 88' lang='lat' dir='ltr'><strong>testa·</strong></span> 
     </span>
     <span class='ocr_line' id='line_1_8' title="bbox 126 1207 1248 1290; baseline 0.002 -18"><span class='ocrx_word' id='word_1_50' title='bbox 126 1214 224 1274; x_wconf 89' lang='lat' dir='ltr'><strong>mento</strong></span> <span class='ocrx_word' id='word_1_51' title='bbox 248 1207 333 1276; x_wconf 87' lang='lat' dir='ltr'><strong>iacto</strong></span> <span class='ocrx_word' id='word_1_52' title='bbox 354 1207 435 1273; x_wconf 92' lang='lat' dir='ltr'><strong>mori</strong></span> <span class='ocrx_word' id='word_1_53' title='bbox 456 1209 632 1290; x_wconf 79' lang='lat' dir='ltr'><strong>contigerit,</strong></span> <span class='ocrx_word' id='word_1_54' title='bbox 655 1210 763 1274; x_wconf 88' lang='lat' dir='ltr'><strong>eadem</strong></span> <span class='ocrx_word' id='word_1_55' title='bbox 786 1211 856 1274; x_wconf 84' lang='lat' dir='ltr'><strong>iure</strong></span> <span class='ocrx_word' id='word_1_56' title='bbox 877 1229 914 1276; x_wconf 84' lang='lat' dir='ltr'><strong>ex</strong></span> <span class='ocrx_word' id='word_1_57' title='bbox 942 1210 1064 1275; x_wconf 89' lang='lat' dir='ltr'><strong>aedicto</strong></span> <span class='ocrx_word' id='word_1_58' title='bbox 1093 1210 1248 1289; x_wconf 86' lang='lat' dir='ltr'><strong>praetoris</strong></span> 
     </span>
     <span class='ocr_line' id='line_1_9' title="bbox 125 1325 1248 1408; baseline -0.002 -15"><span class='ocrx_word' id='word_1_59' title='bbox 125 1329 369 1408; x_wconf 84' lang='lat' dir='ltr'><strong>praestabuntur</strong></span> <span class='ocrx_word' id='word_1_60' title='bbox 391 1328 513 1408; x_wconf 90' lang='lat' dir='ltr'><strong>parenti</strong></span> <span class='ocrx_word' id='word_1_61' title='bbox 535 1328 754 1393; x_wconf 89' lang='lat' dir='ltr'><strong>manumissori</strong></span> <span class='ocrx_word' id='word_1_62' title='bbox 769 1328 801 1391; x_wconf 88' lang='lat' dir='ltr'><strong>in</strong></span> <span class='ocrx_word' id='word_1_63' title='bbox 816 1328 1014 1394; x_wconf 82' lang='lat' dir='ltr'><strong>successione</strong></span> <span class='ocrx_word' id='word_1_64' title='bbox 1028 1325 1085 1391; x_wconf 83' lang='lat' dir='ltr'><strong>iiiii</strong></span> <span class='ocrx_word' id='word_1_65' title='bbox 1101 1327 1248 1402; x_wconf 76' lang='lat' dir='ltr'><strong>defuncti,</strong></span> 
     </span>
     <span class='ocr_line' id='line_1_10' title="bbox 125 1444 1248 1527; baseline 0 -17"><span class='ocrx_word' id='word_1_66' title='bbox 125 1463 200 1525; x_wconf 85' lang='lat' dir='ltr'><strong>qnae</strong></span> <span class='ocrx_word' id='word_1_67' title='bbox 223 1450 359 1527; x_wconf 84' lang='lat' dir='ltr'><strong>patrono</strong></span> <span class='ocrx_word' id='word_1_68' title='bbox 381 1446 565 1511; x_wconf 89' lang='lat' dir='ltr'><strong>tribuuntur</strong></span> <span class='ocrx_word' id='word_1_69' title='bbox 586 1444 619 1509; x_wconf 93' lang='lat' dir='ltr'><strong>in</strong></span> <span class='ocrx_word' id='word_1_70' title='bbox 642 1446 732 1511; x_wconf 88' lang='lat' dir='ltr'><strong>bonis</strong></span> <span class='ocrx_word' id='word_1_71' title='bbox 747 1445 861 1524; x_wconf 87' lang='lat' dir='ltr'><strong>liberti,</strong></span> <span class='ocrx_word' id='word_1_72' title='bbox 878 1449 930 1526; x_wconf 86' lang='lat' dir='ltr'><strong>qui</strong></span> <span class='ocrx_word' id='word_1_73' title='bbox 946 1447 1013 1512; x_wconf 88' lang='lat' dir='ltr'><strong>sine</strong></span> <span class='ocrx_word' id='word_1_74' title='bbox 1028 1445 1136 1511; x_wconf 90' lang='lat' dir='ltr'><strong>liberis</strong></span> <span class='ocrx_word' id='word_1_75' title='bbox 1151 1450 1248 1510; x_wconf 87' lang='lat' dir='ltr'><strong>testa·</strong></span> 
     </span>
     <span class='ocr_line' id='line_1_11' title="bbox 127 1565 1297 1648; baseline 0.004 -20"><span class='ocrx_word' id='word_1_76' title='bbox 127 1571 226 1631; x_wconf 89' lang='lat' dir='ltr'><strong>mento</strong></span> <span class='ocrx_word' id='word_1_77' title='bbox 249 1565 335 1629; x_wconf 87' lang='lat' dir='ltr'><strong>iacto</strong></span> <span class='ocrx_word' id='word_1_78' title='bbox 364 1565 542 1631; x_wconf 86' lang='lat' dir='ltr'><strong>decesserit.</strong></span> <span class='ocrx_word' id='word_1_79' title='bbox 593 1566 619 1630; x_wconf 92' lang='lat' dir='ltr'><strong>si</strong></span> <span class='ocrx_word' id='word_1_80' title='bbox 649 1583 725 1629; x_wconf 91' lang='lat' dir='ltr'><strong>uero</strong></span> <span class='ocrx_word' id='word_1_81' title='bbox 755 1565 941 1648; x_wconf 89' lang='lat' dir='ltr'><strong>emancipati</strong></span> <span class='ocrx_word' id='word_1_82' title='bbox 967 1565 1147 1645; x_wconf 90' lang='lat' dir='ltr'><strong>impuberes</strong></span> <span class='ocrx_word' id='word_1_83' title='bbox 1173 1565 1244 1644; x_wconf 83' lang='lat' dir='ltr'><strong>sint,</strong></span> <span class='ocrx_word' id='word_1_84' title='bbox 1266 1583 1297 1633; x_wconf 91' lang='lat'><strong>10</strong></span> 
     </span>
     <span class='ocr_line' id='line_1_12' title="bbox 127 1683 1246 1767; baseline -0.002 -17"><span class='ocrx_word' id='word_1_85' title='bbox 127 1703 229 1750; x_wconf 91' lang='lat' dir='ltr'><strong>eorum</strong></span> <span class='ocrx_word' id='word_1_86' title='bbox 253 1683 385 1748; x_wconf 85' lang='lat' dir='ltr'><strong>tutelam</strong></span> <span class='ocrx_word' id='word_1_87' title='bbox 409 1702 521 1764; x_wconf 88' lang='lat' dir='ltr'><strong>parens</strong></span> <span class='ocrx_word' id='word_1_88' title='bbox 551 1685 761 1749; x_wconf 87' lang='lat' dir='ltr'><strong>manumissor</strong></span> <span class='ocrx_word' id='word_1_89' title='bbox 782 1685 879 1766; x_wconf 85' lang='lat' dir='ltr'><strong>gerit,</strong></span> <span class='ocrx_word' id='word_1_90' title='bbox 909 1685 1052 1767; x_wconf 83' lang='lat' dir='ltr'><strong>seqnitur</strong></span> <span class='ocrx_word' id='word_1_91' title='bbox 1077 1684 1158 1750; x_wconf 91' lang='lat' dir='ltr'><strong>enim</strong></span> <span class='ocrx_word' id='word_1_92' title='bbox 1181 1703 1246 1749; x_wconf 88' lang='lat' dir='ltr'><strong>ms·</strong></span> 
     </span>
    </p>

    <p class='ocr_par' dir='ltr' id='par_1_3' title="bbox 94 1802 1297 2479">
     <span class='ocr_line' id='line_1_13' title="bbox 94 1802 1247 1884; baseline 0.002 -18"><span class='ocrx_word' id='word_1_93' title='bbox 94 1815 111 1866; x_wconf 81' lang='lat' dir='ltr'><strong>t.</strong></span> <span class='ocrx_word' id='word_1_94' title='bbox 128 1802 307 1870; x_wconf 87' lang='lat' dir='ltr'><strong>numissioni</strong></span> <span class='ocrx_word' id='word_1_95' title='bbox 329 1822 409 1868; x_wconf 90' lang='lat' dir='ltr'><strong>onus</strong></span> <span class='ocrx_word' id='word_1_96' title='bbox 432 1805 559 1869; x_wconf 88' lang='lat' dir='ltr'><strong>tutelae.</strong></span> <span class='ocrx_word' id='word_1_97' title='bbox 605 1805 634 1868; x_wconf 87' lang='grc'><strong>7.</strong></span> <span class='ocrx_word' id='word_1_98' title='bbox 668 1803 746 1870; x_wconf 72' lang='lat' dir='ltr'><strong>(inm</strong></span> <span class='ocrx_word' id='word_1_99' title='bbox 770 1805 841 1884; x_wconf 87' lang='lat' dir='ltr'><strong>quis</strong></span> <span class='ocrx_word' id='word_1_100' title='bbox 865 1802 963 1870; x_wconf 86' lang='lat' dir='ltr'><strong>filium</strong></span> <span class='ocrx_word' id='word_1_101' title='bbox 989 1802 1121 1880; x_wconf 88' lang='lat' dir='ltr'><strong>habeat,</strong></span> <span class='ocrx_word' id='word_1_102' title='bbox 1150 1809 1183 1867; x_wconf 90' lang='lat' dir='ltr'><strong>et</strong></span> <span class='ocrx_word' id='word_1_103' title='bbox 1210 1822 1247 1868; x_wconf 84' lang='lat' dir='ltr'><strong>ex</strong></span> 
     </span>
     <span class='ocr_line' id='line_1_14' title="bbox 129 1919 1246 2005; baseline -0.002 -19"><span class='ocrx_word' id='word_1_104' title='bbox 129 1939 162 1986; x_wconf 91' lang='lat' dir='ltr'><strong>eo</strong></span> <span class='ocrx_word' id='word_1_105' title='bbox 193 1928 340 2004; x_wconf 87' lang='lat' dir='ltr'><strong>nepotem</strong></span> <span class='ocrx_word' id='word_1_106' title='bbox 374 1929 540 2003; x_wconf 86' lang='lat' dir='ltr'><strong>neptemue</strong></span> <span class='ocrx_word' id='word_1_107' title='bbox 574 1925 606 1988; x_wconf 92' lang='lat' dir='ltr'><strong>in</strong></span> <span class='ocrx_word' id='word_1_108' title='bbox 639 1929 816 2005; x_wconf 86' lang='lat' dir='ltr'><strong>potestate,</strong></span> <span class='ocrx_word' id='word_1_109' title='bbox 852 1927 958 2004; x_wconf 85' lang='lat' dir='ltr'><strong>potest</strong></span> <span class='ocrx_word' id='word_1_110' title='bbox 989 1921 1115 2003; x_wconf 85' lang='lat' dir='ltr'><strong>quidem</strong></span> <span class='ocrx_word' id='word_1_111' title='bbox 1149 1919 1246 1986; x_wconf 85' lang='lat' dir='ltr'><strong>filium</strong></span> 
     </span>
     <span class='ocr_line' id='line_1_15' title="bbox 128 2039 1249 2124; baseline -0.004 -18"><span class='ocrx_word' id='word_1_112' title='bbox 128 2044 329 2123; x_wconf 86' lang='lat' dir='ltr'><strong>emancipare,</strong></span> <span class='ocrx_word' id='word_1_113' title='bbox 351 2049 495 2124; x_wconf 89' lang='lat' dir='ltr'><strong>nepotem</strong></span> <span class='ocrx_word' id='word_1_114' title='bbox 524 2061 600 2108; x_wconf 90' lang='lat' dir='ltr'><strong>nero</strong></span> <span class='ocrx_word' id='word_1_115' title='bbox 629 2044 661 2107; x_wconf 94' lang='lat' dir='ltr'><strong>in</strong></span> <span class='ocrx_word' id='word_1_116' title='bbox 690 2047 846 2123; x_wconf 87' lang='lat' dir='ltr'><strong>potestate</strong></span> <span class='ocrx_word' id='word_1_117' title='bbox 875 2043 1026 2115; x_wconf 86' lang='lat' dir='ltr'><strong>retinere,</strong></span> <span class='ocrx_word' id='word_1_118' title='bbox 1056 2039 1106 2105; x_wconf 87' lang='lat' dir='ltr'><strong>nel</strong></span> <span class='ocrx_word' id='word_1_119' title='bbox 1136 2059 1174 2106; x_wconf 85' lang='lat' dir='ltr'><strong>ex</strong></span> <span class='ocrx_word' id='word_1_120' title='bbox 1202 2040 1249 2102; x_wconf 92' lang='lat' dir='ltr'><strong>di·</strong></span> 
     </span>
     <span class='ocr_line' id='line_1_16' title="bbox 130 2157 1297 2244; baseline -0.001 -22"><span class='ocrx_word' id='word_1_121' title='bbox 130 2178 226 2238; x_wconf 86' lang='lat' dir='ltr'><strong>uerso,</strong></span> <span class='ocrx_word' id='word_1_122' title='bbox 248 2166 379 2242; x_wconf 89' lang='lat' dir='ltr'><strong>nepotes</strong></span> <span class='ocrx_word' id='word_1_123' title='bbox 402 2163 607 2244; x_wconf 81' lang='lat' dir='ltr'><strong>emancipare,</strong></span> <span class='ocrx_word' id='word_1_124' title='bbox 630 2157 727 2224; x_wconf 89' lang='lat' dir='ltr'><strong>fiiinm</strong></span> <span class='ocrx_word' id='word_1_125' title='bbox 750 2167 855 2225; x_wconf 89' lang='lat' dir='ltr'><strong>autem</strong></span> <span class='ocrx_word' id='word_1_126' title='bbox 877 2158 911 2224; x_wconf 90' lang='lat' dir='ltr'><strong>in</strong></span> <span class='ocrx_word' id='word_1_127' title='bbox 927 2165 1082 2241; x_wconf 86' lang='lat' dir='ltr'><strong>potestate</strong></span> <span class='ocrx_word' id='word_1_128' title='bbox 1098 2159 1244 2223; x_wconf 90' lang='lat' dir='ltr'><strong>retinere.</strong></span> <span class='ocrx_word' id='word_1_129' title='bbox 1267 2159 1297 2208; x_wconf 80' lang='lat'><strong>15</strong></span> 
     </span>
     <span class='ocr_line' id='line_1_17' title="bbox 129 2277 1249 2362; baseline 0 -22"><span class='ocrx_word' id='word_1_130' title='bbox 129 2278 155 2340; x_wconf 90' lang='lat' dir='ltr'><strong>si</strong></span> <span class='ocrx_word' id='word_1_131' title='bbox 176 2297 250 2344; x_wconf 91' lang='lat' dir='ltr'><strong>nero</strong></span> <span class='ocrx_word' id='word_1_132' title='bbox 273 2287 475 2360; x_wconf 91' lang='lat' dir='ltr'><strong>pronepotem</strong></span> <span class='ocrx_word' id='word_1_133' title='bbox 497 2279 614 2345; x_wconf 85' lang='lat' dir='ltr'><strong>habeat</strong></span> <span class='ocrx_word' id='word_1_134' title='bbox 642 2287 866 2362; x_wconf 89' lang='lat' dir='ltr'><strong>proneptemue</strong></span> <span class='ocrx_word' id='word_1_135' title='bbox 893 2279 1001 2345; x_wconf 92' lang='lat' dir='ltr'><strong>eadem</strong></span> <span class='ocrx_word' id='word_1_136' title='bbox 1034 2279 1183 2360; x_wconf 79' lang='lat' dir='ltr'><strong>dicimns3</strong></span> <span class='ocrx_word' id='word_1_137' title='bbox 1213 2277 1249 2340; x_wconf 87' lang='lat' dir='ltr'><strong>ti·</strong></span> 
     </span>
     <span class='ocr_line' id='line_1_18' title="bbox 130 2396 1248 2479; baseline 0.003 -19"><span class='ocrx_word' id='word_1_138' title='bbox 130 2413 198 2461; x_wconf 88' lang='lat' dir='ltr'><strong>cere</strong></span> <span class='ocrx_word' id='word_1_139' title='bbox 218 2397 245 2462; x_wconf 91' lang='lat' dir='ltr'><strong>ei</strong></span> <span class='ocrx_word' id='word_1_140' title='bbox 269 2415 380 2478; x_wconf 88' lang='lat' dir='ltr'><strong>nempe</strong></span> <span class='ocrx_word' id='word_1_141' title='bbox 401 2403 604 2478; x_wconf 88' lang='lat' dir='ltr'><strong>pronepotem</strong></span> <span class='ocrx_word' id='word_1_142' title='bbox 626 2399 831 2479; x_wconf 88' lang='lat' dir='ltr'><strong>emancipare,</strong></span> <span class='ocrx_word' id='word_1_143' title='bbox 853 2396 950 2462; x_wconf 88' lang='lat' dir='ltr'><strong>filium</strong></span> <span class='ocrx_word' id='word_1_144' title='bbox 973 2403 1079 2462; x_wconf 88' lang='lat' dir='ltr'><strong>autem</strong></span> <span class='ocrx_word' id='word_1_145' title='bbox 1102 2403 1135 2460; x_wconf 93' lang='lat' dir='ltr'><strong>et</strong></span> <span class='ocrx_word' id='word_1_146' title='bbox 1155 2416 1248 2479; x_wconf 92' lang='lat' dir='ltr'><strong>nepo·</strong></span> 
     </span>
    </p>

    <p class='ocr_par' dir='ltr' id='par_1_4' title="bbox 93 2515 1300 3550">
     <span class='ocr_line' id='line_1_19' title="bbox 93 2515 1247 2600; baseline 0 -22"><span class='ocrx_word' id='word_1_147' title='bbox 93 2515 114 2566; x_wconf 77' lang='lat'><strong>8-</strong></span> <span class='ocrx_word' id='word_1_148' title='bbox 131 2517 176 2578; x_wconf 89' lang='lat' dir='ltr'><strong>tes</strong></span> <span class='ocrx_word' id='word_1_149' title='bbox 197 2516 342 2594; x_wconf 89' lang='lat' dir='ltr'><strong>retinere,</strong></span> <span class='ocrx_word' id='word_1_150' title='bbox 365 2515 418 2581; x_wconf 89' lang='lat' dir='ltr'><strong>nel</strong></span> <span class='ocrx_word' id='word_1_151' title='bbox 440 2536 477 2582; x_wconf 85' lang='lat' dir='ltr'><strong>ex</strong></span> <span class='ocrx_word' id='word_1_152' title='bbox 500 2517 644 2600; x_wconf 91' lang='lat' dir='ltr'><strong>dinerso;</strong></span> <span class='ocrx_word' id='word_1_153' title='bbox 667 2517 717 2581; x_wconf 91' lang='lat' dir='ltr'><strong>uel</strong></span> <span class='ocrx_word' id='word_1_154' title='bbox 740 2518 834 2582; x_wconf 87' lang='lat' dir='ltr'><strong>etiam</strong></span> <span class='ocrx_word' id='word_1_155' title='bbox 857 2535 964 2582; x_wconf 89' lang='lat' dir='ltr'><strong>omnes</strong></span> <span class='ocrx_word' id='word_1_156' title='bbox 987 2515 1194 2597; x_wconf 88' lang='lat' dir='ltr'><strong>emancipare.</strong></span> <span class='ocrx_word' id='word_1_157' title='bbox 1217 2517 1247 2580; x_wconf 84' lang='lat'><strong>8.</strong></span> 
     </span>
     <span class='ocr_line' id='line_1_20' title="bbox 130 2633 1247 2717; baseline 0 -21"><span class='ocrx_word' id='word_1_158' title='bbox 130 2633 187 2696; x_wconf 82' lang='lat' dir='ltr'><strong>Est</strong></span> <span class='ocrx_word' id='word_1_159' title='bbox 208 2633 286 2698; x_wconf 86' lang='lat' dir='ltr'><strong>atius</strong></span> <span class='ocrx_word' id='word_1_160' title='bbox 307 2652 432 2716; x_wconf 81' lang='lat' dir='ltr'><strong>quoque</strong></span> <span class='ocrx_word' id='word_1_161' title='bbox 454 2636 564 2700; x_wconf 88' lang='lat' dir='ltr'><strong>modus</strong></span> <span class='ocrx_word' id='word_1_162' title='bbox 586 2636 720 2717; x_wconf 86' lang='lat' dir='ltr'><strong>quoius</strong></span> <span class='ocrx_word' id='word_1_163' title='bbox 743 2635 909 2716; x_wconf 89' lang='lat' dir='ltr'><strong>potestatis</strong></span> <span class='ocrx_word' id='word_1_164' title='bbox 931 2634 1074 2700; x_wconf 89' lang='lat' dir='ltr'><strong>soluitur.</strong></span> <span class='ocrx_word' id='word_1_165' title='bbox 1101 2635 1127 2700; x_wconf 93' lang='lat' dir='ltr'><strong>si</strong></span> <span class='ocrx_word' id='word_1_166' title='bbox 1152 2635 1247 2700; x_wconf 86' lang='lat' dir='ltr'><strong>titium</strong></span> 
     </span>
     <span class='ocr_line' id='line_1_21' title="bbox 130 2752 1300 2835; baseline -0.004 -19"><span class='ocrx_word' id='word_1_167' title='bbox 130 2769 232 2816; x_wconf 87' lang='lat' dir='ltr'><strong>meum</strong></span> <span class='ocrx_word' id='word_1_168' title='bbox 253 2771 312 2819; x_wconf 82' lang='lat' dir='ltr'><strong>auo</strong></span> <span class='ocrx_word' id='word_1_169' title='bbox 334 2761 465 2834; x_wconf 83' lang='lat' dir='ltr'><strong>paterno</strong></span> <span class='ocrx_word' id='word_1_170' title='bbox 487 2754 537 2818; x_wconf 91' lang='lat' dir='ltr'><strong>uel</strong></span> <span class='ocrx_word' id='word_1_171' title='bbox 560 2761 701 2818; x_wconf 76' lang='lat' dir='ltr'><strong>materno</strong></span> <span class='ocrx_word' id='word_1_172' title='bbox 723 2755 934 2835; x_wconf 83' lang='lat' dir='ltr'><strong>adoptandum</strong></span> <span class='ocrx_word' id='word_1_173' title='bbox 958 2755 1090 2831; x_wconf 92' lang='lat' dir='ltr'><strong>dedero,</strong></span> <span class='ocrx_word' id='word_1_174' title='bbox 1114 2752 1248 2819; x_wconf 90' lang='lat' dir='ltr'><strong>soinitur</strong></span> <span class='ocrx_word' id='word_1_175' title='bbox 1265 2761 1300 2811; x_wconf 75' lang='lat'><strong>20</strong></span> 
     </span>
     <span class='ocr_line' id='line_1_22' title="bbox 128 2870 1247 2954; baseline 0.004 -24"><span class='ocrx_word' id='word_1_176' title='bbox 128 2871 177 2932; x_wconf 90' lang='lat' dir='ltr'><strong>ius</strong></span> <span class='ocrx_word' id='word_1_177' title='bbox 200 2873 372 2948; x_wconf 82' lang='lat' dir='ltr'><strong>potestatis,</strong></span> <span class='ocrx_word' id='word_1_178' title='bbox 395 2870 479 2952; x_wconf 87' lang='lat' dir='ltr'><strong>quod</strong></span> <span class='ocrx_word' id='word_1_179' title='bbox 502 2871 672 2937; x_wconf 86' lang='lat' dir='ltr'><strong>habueram</strong></span> <span class='ocrx_word' id='word_1_180' title='bbox 701 2873 733 2936; x_wconf 95' lang='lat' dir='ltr'><strong>in</strong></span> <span class='ocrx_word' id='word_1_181' title='bbox 760 2891 812 2950; x_wconf 89' lang='lat' dir='ltr'><strong>co,</strong></span> <span class='ocrx_word' id='word_1_182' title='bbox 839 2877 935 2954; x_wconf 80' lang='lat' dir='ltr'><strong>atque</strong></span> <span class='ocrx_word' id='word_1_183' title='bbox 961 2871 994 2936; x_wconf 93' lang='lat' dir='ltr'><strong>in</strong></span> <span class='ocrx_word' id='word_1_184' title='bbox 1024 2889 1118 2936; x_wconf 92' lang='lat' dir='ltr'><strong>auum</strong></span> <span class='ocrx_word' id='word_1_185' title='bbox 1149 2877 1247 2936; x_wconf 91' lang='lat' dir='ltr'><strong>trans·</strong></span> 
     </span>
     <span class='ocr_line' id='line_1_23' title="bbox 128 2985 1249 3058; baseline 0.004 -9"><span class='ocrx_word' id='word_1_186' title='bbox 128 2985 241 3052; x_wconf 79' lang='lat' dir='ltr'><strong>fertur.</strong></span> <span class='ocrx_word' id='word_1_187' title='bbox 281 2987 317 3054; x_wconf 89' lang='lat' dir='ltr'><strong>fit</strong></span> <span class='ocrx_word' id='word_1_188' title='bbox 337 2995 444 3055; x_wconf 85' lang='lat' dir='ltr'><strong>entem</strong></span> <span class='ocrx_word' id='word_1_189' title='bbox 471 2991 502 3054; x_wconf 93' lang='lat' dir='ltr'><strong>id</strong></span> <span class='ocrx_word' id='word_1_190' title='bbox 529 2992 562 3055; x_wconf 94' lang='lat' dir='ltr'><strong>in</strong></span> <span class='ocrx_word' id='word_1_191' title='bbox 592 2993 674 3058; x_wconf 85' lang='lat' dir='ltr'><strong>nnnc</strong></span> <span class='ocrx_word' id='word_1_192' title='bbox 703 2990 828 3057; x_wconf 88' lang='lat' dir='ltr'><strong>modum</strong></span> <span class='ocrx_word' id='word_1_193' title='bbox 857 2993 938 3057; x_wconf 89' lang='lat' dir='ltr'><strong>actis</strong></span> <span class='ocrx_word' id='word_1_194' title='bbox 967 2991 1249 3056; x_wconf 88' lang='lat' dir='ltr'><strong>interuenientibus</strong></span> 
     </span>
     <span class='ocr_line' id='line_1_24' title="bbox 129 3105 1248 3191; baseline 0.003 -23"><span class='ocrx_word' id='word_1_195' title='bbox 129 3105 214 3185; x_wconf 87' lang='lat' dir='ltr'><strong>apud</strong></span> <span class='ocrx_word' id='word_1_196' title='bbox 237 3115 460 3189; x_wconf 89' lang='lat' dir='ltr'><strong>competentem</strong></span> <span class='ocrx_word' id='word_1_197' title='bbox 481 3109 624 3174; x_wconf 91' lang='lat' dir='ltr'><strong>iudicem.</strong></span> <span class='ocrx_word' id='word_1_198' title='bbox 658 3114 783 3190; x_wconf 91' lang='lat' dir='ltr'><strong>oportet</strong></span> <span class='ocrx_word' id='word_1_199' title='bbox 804 3110 886 3175; x_wconf 93' lang='lat' dir='ltr'><strong>enim</strong></span> <span class='ocrx_word' id='word_1_200' title='bbox 910 3128 980 3174; x_wconf 90' lang='lat' dir='ltr'><strong>enm</strong></span> <span class='ocrx_word' id='word_1_201' title='bbox 1003 3109 1091 3174; x_wconf 87' lang='lat' dir='ltr'><strong>adire</strong></span> <span class='ocrx_word' id='word_1_202' title='bbox 1116 3116 1248 3191; x_wconf 91' lang='lat' dir='ltr'><strong>patrem,</strong></span> 
     </span>
     <span class='ocr_line' id='line_1_25' title="bbox 130 3226 1251 3309; baseline 0.004 -21"><span class='ocrx_word' id='word_1_203' title='bbox 130 3233 291 3303; x_wconf 87' lang='lat' dir='ltr'><strong>praesente</strong></span> <span class='ocrx_word' id='word_1_204' title='bbox 312 3245 373 3292; x_wconf 90' lang='lat' dir='ltr'><strong>ano</strong></span> <span class='ocrx_word' id='word_1_205' title='bbox 394 3227 447 3307; x_wconf 90' lang='lat' dir='ltr'><strong>qui</strong></span> <span class='ocrx_word' id='word_1_206' title='bbox 469 3226 558 3291; x_wconf 89' lang='lat' dir='ltr'><strong>ilium</strong></span> <span class='ocrx_word' id='word_1_207' title='bbox 580 3229 788 3309; x_wconf 86' lang='lat' dir='ltr'><strong>adoptaturus</strong></span> <span class='ocrx_word' id='word_1_208' title='bbox 810 3235 867 3307; x_wconf 88' lang='lat' dir='ltr'><strong>est,</strong></span> <span class='ocrx_word' id='word_1_209' title='bbox 891 3231 1103 3293; x_wconf 90' lang='lat' dir='ltr'><strong>consentiente</strong></span> <span class='ocrx_word' id='word_1_210' title='bbox 1125 3245 1251 3309; x_wconf 85' lang='lat' dir='ltr'><strong>qnoque</strong></span> 
     </span>
     <span class='ocr_line' id='line_1_26' title="bbox 130 3340 1300 3428; baseline 0.003 -24"><span class='ocrx_word' id='word_1_211' title='bbox 130 3340 204 3421; x_wconf 86' lang='lat' dir='ltr'><strong>tilio,</strong></span> <span class='ocrx_word' id='word_1_212' title='bbox 231 3343 279 3424; x_wconf 85' lang='lat' dir='ltr'><strong>qni</strong></span> <span class='ocrx_word' id='word_1_213' title='bbox 300 3348 478 3427; x_wconf 87' lang='lat' dir='ltr'><strong>adoptatur,</strong></span> <span class='ocrx_word' id='word_1_214' title='bbox 502 3365 559 3412; x_wconf 90' lang='lat' dir='ltr'><strong>nec</strong></span> <span class='ocrx_word' id='word_1_215' title='bbox 580 3347 831 3426; x_wconf 89' lang='lat' dir='ltr'><strong>contradicente,</strong></span> <span class='ocrx_word' id='word_1_216' title='bbox 855 3355 887 3412; x_wconf 92' lang='lat' dir='ltr'><strong>et</strong></span> <span class='ocrx_word' id='word_1_217' title='bbox 909 3347 1088 3413; x_wconf 88' lang='lat' dir='ltr'><strong>declarante</strong></span> <span class='ocrx_word' id='word_1_218' title='bbox 1110 3348 1248 3428; x_wconf 90' lang='lat' dir='ltr'><strong>proposi·</strong></span> <span class='ocrx_word' id='word_1_219' title='bbox 1267 3356 1300 3408; x_wconf 76' lang='lat' dir='ltr'><strong>to</strong></span> 
     </span>
     <span class='ocr_line' id='line_1_27' title="bbox 129 3463 1248 3550; baseline 0.007 -30"><span class='ocrx_word' id='word_1_220' title='bbox 129 3469 198 3521; x_wconf 88' lang='lat' dir='ltr'><strong>tum</strong></span> <span class='ocrx_word' id='word_1_221' title='bbox 224 3478 308 3525; x_wconf 89' lang='lat' dir='ltr'><strong>snum</strong></span> <span class='ocrx_word' id='word_1_222' title='bbox 330 3463 379 3527; x_wconf 85' lang='lat' dir='ltr'><strong>his</strong></span> <span class='ocrx_word' id='word_1_223' title='bbox 402 3464 525 3529; x_wconf 89' lang='lat' dir='ltr'><strong>uerbis:</strong></span> <span class='ocrx_word' id='word_1_224' title='bbox 547 3463 650 3529; x_wconf 88' lang='lat' dir='ltr'><strong>hunc</strong></span> <span class='ocrx_word' id='word_1_225' title='bbox 672 3483 743 3546; x_wconf 82' lang='lat' dir='ltr'><strong>ego</strong></span> <span class='ocrx_word' id='word_1_226' title='bbox 766 3465 827 3530; x_wconf 90' lang='lat' dir='ltr'><strong>illi</strong></span> <span class='ocrx_word' id='word_1_227' title='bbox 849 3467 887 3529; x_wconf 93' lang='lat' dir='ltr'><strong>in</strong></span> <span class='ocrx_word' id='word_1_228' title='bbox 910 3465 1164 3546; x_wconf 89' lang='lat' dir='ltr'><strong>adoptionem</strong></span> <span class='ocrx_word' id='word_1_229' title='bbox 1188 3466 1248 3550; x_wconf 75' lang='lat' dir='ltr'><strong>d03</strong></span> 
     </span>
    </p>
   </div>
   <div class='ocr_carea' id='block_1_3' title="bbox 0 0 1550 4702">
    <p class='ocr_par' dir='ltr' id='par_1_5' title="bbox 0 0 1550 4702">
     <span class='ocr_line' id='line_1_28' title="bbox 0 0 1550 4702; baseline 0 0"><span class='ocrx_word' id='word_1_230' title='bbox 0 0 1550 4702; x_wconf 95' lang='lat' dir='ltr'><strong> </strong></span> 
     </span>
    </p>
   </div>
  </div>
 </body>
</html>
