3092 4702
583 344 796 410 ..ῃ-

334 630 384 700 De
406 632 519 713 eapitis
540 632 800 700 deminutiones)
851 633 975 699 titulun
999 635 1049 698 16.

218 820 358 886 Diximus
379 817 494 901 eapitis
517 819 730 886 deminutione
750 818 935 902 plerumque
961 819 1159 902 adunationis
1186 819 1257 886 iura

142 939 251 1019 perimi.
280 936 466 1003 definiamus
482 937 578 1018 igitur
592 938 668 1017 quid
683 938 726 1002 eit
739 938 852 1020 eapitis
867 938 1049 1004 deminutio.
1076 938 1188 1019 eapitis
1203 940 1255 1004 de-

142 1057 261 1122 minutio
276 1061 328 1123 eet
341 1055 455 1138 prioris
466 1061 569 1122 statne
579 1055 797 1130 eommutatio;
812 1062 869 1122 ant
882 1055 944 1122 ita:
960 1055 1074 1138 oepitio
1085 1055 1257 1123 deminutio

142 1181 184 1241 eet
193 1173 320 1242 effeetus
331 1175 458 1257 qnidam
470 1193 508 1240 ex
521 1174 599 1239 iuris
614 1175 794 1242 conditione
809 1175 990 1255 contingens
1001 1194 1065 1256 qno
1076 1180 1180 1241 statuo
1190 1193 1258 1240 mn·

142 1297 218 1360 tatur
232 1293 368 1361 alienius
383 1298 439 1359 aut
452 1292 613 1358 minuitur.
647 1301 713 1359 tren
735 1301 810 1360 eunt
825 1299 930 1360 autem
945 1293 1057 1376 capitio
1072 1293 1259 1360 deminutio·
1292 1291 1310 1342 ὅ

111 1413 129 1462 ¹·
142 1431 199 1490 nee,
212 1413 348 1480 maxima
357 1414 467 1493 minor,
479 1430 559 1494 qnae
570 1414 665 1480 etiam
677 1413 977 1490 meditamentum
992 1413 1128 1478 minima
1153 1414 1181 1474 1.
1195 1411 1259 1476 Ma·

141 1532 214 1596 xima
234 1537 283 1598 est
304 1539 412 1598 antem
434 1529 547 1614 eapitis
570 1533 751 1611 deminutio,
773 1531 802 1597 oi
828 1533 899 1614 qnia
928 1532 1021 1597 simul
1042 1531 1203 1598 ciuitatem
1226 1534 1260 1596 et

142 1649 307 1716 libertatem
331 1651 467 1716 amittat.
516 1650 600 1733 quod
622 1649 738 1716 oceidit
759 1650 791 1716 in
813 1650 862 1715 hie
884 1650 939 1730 qui
960 1649 1046 1716 serui
1073 1667 1192 1730 poenae
1214 1646 1260 1716 ei·

141 1765 279 1833 ficiuntur
300 1768 470 1834 atrocitate
490 1769 666 1835 sententiae
687 1768 721 1833 in
736 1785 791 1834 eoe
806 1768 899 1844 latae,
922 1768 1021 1834 ueluti
1037 1767 1066 1834 oi
1080 1767 1134 1851 qui
1148 1767 1258 1834 bestiis

141 1891 190 1950 aut
207 1884 341 1952 flammis
364 1887 546 1961 tradantur;
568 1887 642 1951 item
664 1884 771 1952 liberti
786 1887 841 1968 qui
861 1885 978 1968 ingrati
993 1885 1078 1953 eirea
1091 1891 1257 1969 patronum
1278 1888 1311 1942 1⁰

143 2004 196 2068 uisi
215 2011 288 2070 sunt
312 2013 345 2070 et
366 2003 437 2071 ideo
456 2004 655 2072 condemnati
677 2009 761 2083 sunt,
783 2003 837 2070 uel
857 2005 911 2087 qui
934 2004 974 2070 ad
997 2005 1133 2087 pretium
1159 2004 1259 2088 perti·

142 2123 296 2204 cipandum
328 2142 363 2192 ee
390 2122 577 2191 uenumdari
599 2125 684 2206 passi
706 2128 789 2190 sunt.
833 2142 907 2190 nam
929 2123 982 2190 isti
1003 2122 1119 2209 singuli
1140 2124 1173 2189 in
1195 2141 1260 2190 ma·

142 2240 246 2308 nimam
268 2243 384 2324 capitio
406 2243 648 2310 deminutionem
671 2243 844 2310 incidentes
866 2243 1046 2310 libertatem
1062 2241 1155 2308 simul
1169 2242 1260 2310 amit·

110 2362 208 2424 atunt
227 2366 261 2426 ot
286 2361 458 2428 ciuitatem.
503 2364 533 2424 2.
565 2357 672 2427 Media
700 2365 750 2427 eat
778 2361 891 2444 eapitis
918 2360 1092 2428 deminutio
1121 2379 1191 2428 eum
1218 2361 1256 2429 ei·

142 2477 217 2543 uitae
245 2479 375 2560 quidem
405 2478 577 2561 amittitur,
607 2478 738 2547 libertas
767 2498 844 2548 nero
871 2480 996 2562 integro
1025 2487 1144 2559 manet,
1173 2483 1258 2562 quod
1278 2488 1310 2542 to

143 2595 245 2662 aoeidit
267 2598 309 2674 ei,
331 2597 382 2663 eni
405 2615 488 2679 aqua
510 2603 543 2665 et
564 2598 631 2680 igni
652 2599 854 2666 interdictum
877 2606 941 2678 eet,
965 2605 1021 2664 aut
1043 2599 1097 2682 qui
1119 2599 1152 2665 in
1174 2601 1260 2667 inen-

142 2710 197 2776 lnm
217 2719 265 2780 eet
288 2715 484 2796 deportatus.
527 2722 664 2804 uterque
686 2717 769 2784 enim
791 2737 861 2785 oum
881 2717 964 2785 liber
990 2724 1189 2802 permaneat,
1219 2719 1259 2786 ci·

142 2829 263 2898 uitatem
291 2850 453 2900 romanam
475 2835 602 2901 amittit
646 2855 686 2904 eo
714 2843 821 2904 autem
849 2838 1033 2920 deportatus
1060 2844 1155 2920 atque
1176 2855 1259 2922 equa

143 2953 172 3012 et
190 2949 253 3031 igni
273 2949 466 3020 interdictus
488 2951 645 3032 differunt
667 2955 752 3035 quod
782 2954 967 3036 deportatus
989 2959 1076 3022 certo
1097 2956 1166 3022 loeo
1187 2973 1259 3024 oon

143 3065 282 3149 cluditur,
303 3069 405 3136 ueluti
432 3071 552 3153 insula,
579 3091 662 3156 aqna
688 3079 723 3140 et
750 3073 817 3156 igni
843 3074 1029 3142 interdictus
1056 3079 1162 3140 antem
1189 3076 1259 3142 loeo
1276 3087 1311 3140 ao

108 3183 240 3268 otiique
261 3194 399 3254 artetur.
441 3189 472 3254 3.
506 3189 637 3257 Minima
657 3197 764 3258 autem
785 3197 835 3258 eat
856 3193 968 3275 eapitis
991 3191 1166 3260 deminutio
1187 3211 1258 3260 enm

142 3311 170 3368 et
189 3305 300 3371 ciuitas
322 3310 355 3373 et
376 3304 509 3373 libertae
530 3307 693 3390 retinetur,
716 3327 866 3393 praeseus
881 3315 987 3376 autem
1002 3315 1106 3376 etatae
1122 3327 1260 3377 eommu-

142 3457 339 3476 —1—

203 3543 230 3611 a)
247 3543 288 3598 ita
305 3544 323 3598 Ι.
341 3542 403 3600 libri
420 3543 483 3611 Thi,
500 3559 554 3600 non
569 3543 731 3602 ‘minutione
750 3559 811 3602 oum
829 3545 979 3615 mnam.
