2926 4708
556 362 786 428 -180-

114 546 236 630 pissas
254 544 306 626 ier
326 549 413 630 arim
434 548 467 628 in
492 549 689 630 msa
711 551 881 630 mesmes
910 557 959 630 et
979 551 1057 636 ipra
1078 555 1234 638 marta

111 681 325 748 qaaaapareae
344 667 399 746 eit.
442 666 552 753 itaque
573 667 662 734 miiffl
688 668 717 734 ai
742 669 775 734 ia
804 672 1234 740 tumescente

110 783 207 851 mihi
230 783 301 850 ilie
318 785 432 854 heres
448 805 492 852 ex
505 787 740 868 quadrante,
756 787 940 856 documen
954 791 996 856 ab
1011 792 1160 860 intestata
1181 793 1233 859 iae

110 904 201 970 redes
223 907 361 986 capiunt.
406 912 638 988 potestantem
660 908 730 988 quis
752 908 846 989 sicuti
873 908 904 988 ip
933 911 1096 994 pauciores
1125 912 1233 990 undas

109 1040 210 1090 assem
234 1025 390 1102 diuidere,
419 1025 464 1106 ita
490 1033 523 1092 et
549 1025 580 1092 iu
607 1026 714 1120 plures
744 1030 876 1094 eundem
904 1029 1081 1108 extepdera
1134 1029 1232 1112 egipti
1267 1035 1284 1084 ὅ

109 1143 259 1224 sidicat:
288 1151 379 1224 esto
409 1143 480 1210 ille
508 1145 606 1212 mihi
639 1146 755 1228 iprae
789 1167 831 1224 ea
865 1149 980 1228 besse
1012 1156 1051 1218 et
1083 1149 1156 1230 ille
1188 1169 1233 1232 ea

72 1276 92 1326 s.
109 1269 320 1344 septunces
350 1265 379 1326 6.
403 1260 435 1328 Si
459 1263 563 1346 pluam
585 1265 747 1332 instituam
767 1266 915 1346 ,heredem
938 1265 1097 1351 ueiimpae
1118 1285 1173 1344 epa
1194 1287 1233 1346 ea

108 1382 218 1462 eequis
239 1382 383 1463 partitus
406 1400 508 1449 msam
530 1384 672 1465 accipere
695 1383 919 1464 hereditatem,
946 1383 1063 1464 sufficit
1089 1405 1143 1454 see
1165 1387 1233 1462 siae

109 1509 197 1582 parte
216 1500 354 1568 succes
375 1503 522 1576 scribere,
545 1504 593 1570 his
615 1504 681 1570 iere
704 1505 826 1572 uerbis:
857 1505 930 1574 iile
951 1513 991 1572 et
1012 1505 1083 1572 iiie
1105 1514 1140 1573 et
1163 1506 1232 1574 iiie

109 1619 199 1686 mihi
233 1621 404 1687 heredes
437 1631 566 1689 sunto.
624 1622 709 1690 uuila
742 1626 824 1690 euim
857 1625 949 1692 uncia
981 1625 1161 1706 nominata,
1194 1632 1284 1692 011⁰

109 1743 216 1838 requie
238 1741 382 1836 partibus
405 1741 537 1809 heredes
559 1751 661 1814 erunt.
705 1745 886 1812 sinautem
916 1745 1010 1811 uelim
1038 1764 1076 1830 ed
1097 1743 1231 1824 diuersis

111 1859 252 1939 partibus
275 1877 329 1925 ecs
351 1859 483 1927 heredes
507 1859 585 1941 fieri,
609 1869 683 1940 tuuc
705 1881 742 1940 ex
766 1871 853 1930 certe
875 1871 964 1944 parte
986 1881 1040 1940 eps
1066 1863 1231 1948 iustituepe

110 1986 241 2064 eportet,
265 1986 302 2044 ut
325 1998 411 2046 ecce:
436 1979 768 2060 inseruiente,
795 1980 868 2062 ilie
890 1999 934 2047 ex
956 1982 1138 2061 semisse,
1159 1980 1231 2062 ille

112 2102 163 2176 [et
183 2098 267 2178 iiie]
291 2119 334 2177 aa
357 2101 470 2166 uncia
493 2100 663 2168 heredes
685 2107 815 2167 eunte.
859 2100 935 2181 quid
958 2101 1054 2182 igitur
1076 2101 1103 2166 si
1125 2101 1231 2182 plum

112 2219 277 2286 instituens
299 2219 442 2298 heredes,
463 2227 570 2302 partes
592 2222 623 2286 iu
646 2219 841 2302 quorundam
857 2219 999 2303 persenis
1014 2219 1230 2302 expresserim,
1252 2233 1282 2284 re

111 2338 264 2419 quendem
286 2345 392 2405 autem
415 2339 483 2406 siue
505 2345 595 2422 parte
617 2337 820 2423 scripserim?
849 2347 1000 2422 quautam
1023 2339 1156 2420 accipiet
1176 2338 1231 2420 qui

111 2457 175 2523 siue
200 2465 292 2540 parte
315 2459 478 2526 institutus
501 2458 575 2526 est?
597 2467 630 2525 et
651 2459 783 2526 dicimus
805 2459 833 2525 si
855 2459 960 2545 aliqua
986 2476 1059 2542 pars
1088 2457 1152 2529 assi
1179 2456 1231 2530 de·

110 2577 160 2656 sit,
181 2577 262 2662 torte
285 2579 366 2662 euim
387 2578 527 2658 Primum
549 2598 586 2646 ex
608 2580 782 2660 quipcuucc
804 2579 950 2660 heredem
972 2579 1093 2660 scripsi,
1116 2575 1230 2658 Saupp-

110 2698 180 2762 rum
202 2715 241 2779 ex
263 2697 448 2779 enudata
473 2697 612 2774 seruum
643 2717 680 2763 ex
708 2705 868 2778 emises,
895 2698 1080 2780 metuque:
1108 2698 1228 2778 Quer-

111 2821 169 2880 tus
200 2816 296 2885 mihi
329 2817 446 2884 ireres
480 2823 585 2894 esto,
620 2818 669 2884 uei
703 2819 760 2882 ita:
790 2817 967 2895 Quartus
993 2823 1033 2882 et
1061 2817 1282 2896 ,Quintae2⁰

109 2941 148 3000 et
179 2931 328 3001 Sextus
366 2936 533 3005 heredes
572 2945 714 3012 sunto,
758 2943 834 3002 tuuc
873 2953 910 3001 ex
948 2939 1092 3002 sextaata
1132 2953 1229 3001 usum

109 3059 213 3121 tresue
233 3057 286 3136 qui
311 3055 379 3120 siue
402 3061 492 3138 parte
513 3055 623 3138 scripti
645 3063 720 3122 suut
741 3055 873 3122 heredes
900 3053 979 3120 iicri.
1029 3055 1056 3120 si
1086 3071 1161 3120 uere
1184 3061 1230 3118 te·

108 3181 177 3240 tum
202 3193 302 3241 assem
329 3177 390 3240 iam
421 3177 598 3258 copaumpsi
627 3178 657 3242 in
689 3175 758 3252 illes
786 3181 867 3250 tres,
901 3189 996 3240 uuum
1025 3191 1062 3250 ea
1090 3171 1229 3250 semuse,

110 3312 205 3376 suum
226 3314 262 3362 ex
284 3295 400 3378 tuente
422 3313 519 3374 unum
540 3313 675 3375 uereor
705 3301 848 3376 scatade
877 3293 1024 3372 heredem
1053 3293 1230 3372 uestem

110 3419 141 3478 et
168 3431 259 3490 uuum
290 3413 439 3496 pluresue
468 3414 573 3480 addidi
599 3414 668 3493 aine
702 3420 808 3496 parte,
842 3421 917 3492 tuuc
949 3413 1025 3495 quia
1058 3410 1133 3491 niti
1165 3413 1229 3498 assi
1247 3425 1280 3476 as

109 3531 204 3609 deest,
226 3536 310 3616 qued
334 3533 431 3600 tribui
454 3530 554 3613 possit
576 3533 644 3599 siue
666 3539 756 3615 parte
778 3533 912 3614 scriptis,
936 3549 1009 3613 pars
1025 3530 1153 3596 dimidia
1175 3530 1230 3596 da·
