2876 4712
674 407 716 419 -
761 371 822 434 277
868 409 906 420 --

233 558 375 636 ταλιπάον,
399 555 454 620 οὐκ
476 555 558 646 ἔχων
580 557 688 642 ἕτερον
716 559 864 644 συγγενή,
892 557 910 620 δ
940 557 1027 631 θεῖος
1057 558 1134 637 ὡςί)
1163 555 1339 639 ρτόῐίωοεί)

234 660 443 742 παριιγίνεται,
467 661 561 724 καίτοι
584 658 639 725 οῦκ
661 660 751 734 ὄντος
773 660 883 746 έτέρου
903 659 1049 742 βαθμοῦ,
1072 661 1151 743 πρὸς
1173 659 1210 723 δν
1231 658 1339 738 αλιιδςί)

235 762 469 847 συγκρίνεταιό)
514 764 544 828 6.
573 759 649 828 Ἀλλ’
673 763 778 848 εἰμέν
800 785 844 838 τις
872 762 1041 840 ἀδιάθετος
1068 764 1253 850 τελευτήσῃ,
1280 763 1372 828 &zei-6.

235 885 286 938 νος
309 867 353 939 ὡς
375 864 538 948 ρτόκίαιοε
562 868 773 951 παραγίνεται,
796 866 832 942 ῦς
858 867 935 930 κατὰ
964 868 1015 930 τὸν
1044 868 1152 952 καιρὸν
1178 871 1235 952 τῆς
1256 867 1342 928 τελεο-

199 971 290 1054 ῠτής
318 968 385 1053 ήνί)
415 966 584 1050 ἐγγότατος
614 971 659 1056 τῷ
686 968 1019 1055 κληρονομουμένῳίγ
1055 969 1081 1031 ελ
1107 968 1144 1032 δὲ
1172 967 1344 1050 ἀιαθέμενός

234 1091 277 1142 τις
300 1069 478 1156 τελευτήση,
502 1068 643 1156 ζητῶμεν
666 1069 699 1133 ἐν
722 1071 832 1155 ἐκείνῳ
855 1074 901 1158 τῷ
921 1072 1043 1160 χρόνῳ,
1074 1071 1108 1134 ἐν
1131 1067 1159 1156 ᾧ
1186 1071 1278 1157 δῆλον
1304 1071 1343 1150 γέ-

232 1195 304 1254 γονε
323 1171 444 1259 μηδένα
472 1173 506 1236 ἐκ
532 1171 685 1261 διαθήκης
711 1173 857 1256 γενέσθαι
886 1176 933 1259 τῷ
956 1173 1171 1259 τελευτήσαντι
1201 1173 1343 1262 διάδογον,

231 1275 277 1350 τίς
300 1273 336 1361 ήν
366 1277 545 1361 ἐγγότερος·
569 1277 638 1340 τότε
660 1279 722 1363 γὰρ
745 1279 859 1362 κυρίως
880 1277 1004 1358 λέγεταί
1018 1297 1061 1351 τις
1075 1275 1271 1357 ἀδιάθετοςί)
1287 1275 1344 1338 τεθ-

235 1382 331 1456 νᾶναι,
355 1376 445 1442 τοῦτο
468 1377 505 1442 δὲ
528 1377 599 1442 ἐσθ’
622 1381 674 1442 ότε
697 1379 747 1444 διὰ
769 1377 882 1443 πολλοῦ
904 1378 1051 1466 δηλοῦται
1072 1379 1199 1466 χρόνου.
1244 1378 1276 1441 ἐν
1296 1376 1344 1464 ᾤ’)

187 1493 218 1542 10
237 1481 422 1566 διαστήματι
444 1482 605 1566 συμβαίνει
628 1483 779 1560 πολλάκις,
803 1482 885 1555 ὥςτε
899 1485 953 1546 τόν
968 1482 1047 1546 κατὰ
1059 1482 1166 1567 καιρὸν
1186 1485 1242 1568 τῆς
1256 1483 1346 1545 τελευ·

235 1587 291 1668 τῆς
302 1583 503 1666 μακροτέρου
519 1582 593 1648 όντα
607 1583 738 1666 βαθμοῦ
754 1583 922 1668 ἐγγύτερον
938 1585 1096 1666 γινόμενον
1114 1584 1344 1670 κληρονομεῖνί).

235 1683 299 1748 οἷον
323 1681 506 1772 ἑτελεῦτησέ
528 1708 571 1760 τις
592 1685 737 1758 ἐξαιτικόν
752 1687 877 1772 γράψας
890 1686 1093 1772 κληρονόμον,
1117 1685 1247 1762 ὑπόντος
1266 1687 1346 1749 ἀδελ·

235 1790 308 1872 φοῦ,
331 1787 462 1862 όπιίντος
484 1787 520 1849 δὲ
543 1789 590 1851 καί
605 1787 694 1852 θείου
718 1790 796 1870 πρὸς
818 1790 952 1874 πατρὸς·
977 1789 994 1851 ό
1017 1791 1152 1873 γραφείς
1166 1789 1346 1876 κληρονόμος
1419 1785 1425 1843 ί

236 1889 430 1954 διεσκέπτετο
453 1890 481 1952 ελ
502 1890 553 1953 δεῖ
572 1891 773 1973 προσελθεῖν·
797 1890 898 1976 ἐντῷ
917 1891 1035 1975 μεταξὺ
1058 1889 1216 1954 ἀπέθανεν
1235 1891 1347 1954 ὁάδελ-

186 2004 215 2053 15
235 1994 295 2078 φδς
318 1996 371 2056 τοῦ
394 1991 597 2077 διαθεμένου,
620 1993 863 2076 οτερυάἰόιευευ
875 1995 911 2076 ¹⁰)
937 1995 1018 2076 μετὰ
1045 1997 1139 2056 ταῦτα
1166 1995 1185 2057 ό
1214 1995 1346 2068 ἐξοτικδς

235 2097 288 2181 τήν
310 2097 530 2180 κληρονομίαν·
554 2098 804 2182 παραγενήσεται
827 2095 947 2172 όθεῖος
964 2099 1008 2172 ὡς
1023 2096 1208 2181 ἐγγότερος·
1230 2096 1279 2162 νῦν
1293 2100 1345 2180 γὰρ
1422 2079 1423 2094 ¹

233 2199 249 2260 ό
280 2199 465 2284 τελευτήσας
494 2197 664 2287 ἀπεδείχθη
692 2199 874 2274 ἀδιάθετος·
904 2199 956 2262 διά
984 2199 1045 2284 γὰρ
1055 2200 1092 2280 ¹¹)
1122 2199 1155 2262 τὸ
1181 2202 1298 2287 μηδένα
1318 2201 1346 2264 ἐκ

234 2304 289 2386 τής
318 2307 444 2388 γραφῆς
470 2301 518 2365 ἐπί
545 2303 600 2388 τήν
626 2304 830 2389 κληρονομίαν
859 2301 1106 2386 παραγενέσθαι,
1143 2301 1345 2388 ἐγγύτεροςίί)

235 2403 353 2488 εὑρέθη
362 2405 399 2486 ¹⁸)
424 2405 441 2466 ό
465 2405 560 2484 θεῖος,
583 2406 679 2470 καίτοι
701 2405 1001 2490 προλαμβανόμενος
1016 2405 1093 2468 κατὰ
1109 2405 1159 2468 τδν
1175 2411 1278 2490 καιρόν
1300 2411 1345 2492 τής

182 2527 217 2578 20
235 2508 380 2597 τελευτῆς
403 2506 452 2569 διὰ
476 2509 509 2570 τό
537 2508 675 2592 ἀδελφὸν
705 2509 867 2590 ῦπείναιῑί)
891 2509 959 2570 τότε
990 2511 1035 2593 τῷ
1059 2509 1278 2593 τελευτήσαντι.
1320 2511 1344 2572 7.
1359 2524 1379 2574 ί.
1423 2537 1424 2542 ’

235 2605 299 2672 Ἐπί
321 2614 375 2696 τῆς
398 2609 584 2699 εόςυαῑίοής
611 2611 760 2700 διαδογής
789 2611 844 2674 ουίι
871 2609 955 2673 οίδεν
983 2613 1000 2671 ό
1027 2609 1262 2686 δωδεκάδελτος
1287 2631 1346 2675 suc·

235 2712 395 2778 cessiona·
420 2715 573 2780 τουτέστιν
596 2714 631 2778 οῦ
654 2717 793 2799 λέγοιμεν,
817 2715 872 2790 ότι,
895 2716 950 2776 τοῦ
973 2712 1142 2796 έγγυτέρου
1172 2711 1193 2799 ή
1221 2713 1347 2798 τελευτή-

236 2839 348 2890 σαντος
371 2821 431 2900 πρό
453 2824 510 2904 τής
532 2817 691 2882 εάἱίίουοε
713 2816 733 2902 ή
755 2815 1054 2900 repudiatel‘lsantos
1070 2817 1123 2902 τήν
1143 2815 1345 2901 κληρονομίαν,

236 2921 253 2982 ό
276 2918 329 2983 τοῦ
352 2920 504 3006 ἑπομένου
526 2919 656 3005 βαθμοῦ
680 2918 837 3001 legitimos
860 2920 1052 3005 κληρονομεῖ.
1089 2919 1154 2983 οίιιν
1177 2919 1227 2986 έτε
1230 2917 1348 3004 λεότησέ
1422 2989 1423 3010 5

185 3038 219 3089 25
239 3047 285 3100 τις
307 3023 511 3099 ἀδιάθετος’
497 3026 627 3100 υπόντος
648 3023 835 3108 ἀδελφοῦ’
821 3023 952 3098 υπόντος
974 3022 1009 3085 δὲ
1031 3023 1080 3086 καί
1102 3021 1190 3086 θείου
1207 3027 1282 3110 πρὸς
1301 3044 1347 3084 τα·

236 3131 319 3212 τρίι,ς
343 3127 521 3211 όάδελρὸς
551 3127 687 3190 ἐκαλεῖτο
718 3125 859 3252 δηλονότι
888 3126 933 3200 ὡς
962 3123 1146 3210 ἐγγύτερος·
1176 3125 1231 3189 ἐὰν
1258 3095 1423 3202 οῦνῑδ)

238 3228 345 3316 συμβη
369 3230 421 3292 τόν
444 3230 581 3313 ἀδελφὸν
605 3227 668 3316 ήῑί)
694 3229 754 3315 πρὸ
778 3227 938 3293 αάἱίόοποε
962 3229 1138 3316 τελευτῆσαι
1167 3227 1187 3316 ή
1214 3228 1346 3312 repudia·

236 3331 392 3396 tesssai
364 3353 416 3416 την
439 3331 697 3419 κληρονομίαν,
678 3352 722 3405 ιος
744 3329 901 3413 αόςυῦλοε
930 3331 947 3392 ό
972 3329 1057 3405 θείας
1086 3332 1122 3394 οά
1148 3333 1346 3419 παραγενήσε-

235 3457 284 3496 ται
318 3434 368 3496 διά
402 3437 435 3498 τὸ
470 3436 592 3515 ἀγνοεῖν
625 3433 826 3498 successione.
860 3435 913 3496 τόν
947 3433 1192 3499 δωδεκάδελτον.
1235 3433 1302 3499 ’ἀλλ’
1329 3433 1345 3494 ό

304 3743 328 3807 1)
346 3743 361 3794 ό
378 3741 416 3796 Μ.
434 3741 466 3795 V.
587 3739 610 3808 ί)
628 3744 728 3809 prunos
746 3739 783 3796 M.
803 3739 840 3799 ὡς
857 3740 911 3796 δεῖ.
930 3737 946 3792 δ
966 3759 1012 3809 πρ.
1031 3739 1080 3793 [ιθ.
1211 3743 1234 3808 8)
1252 3741 1286 3794 Μ.
1302 3743 1343 3790 εει,
1421 3745 1422 3820 5

236 3825 326 3885 οότος.
431 3828 455 3895 4)
473 3827 542 3879 κατὰ
560 3826 604 3881 τὸν
623 3825 718 3896 καιρόν
737 3830 785 3895 τῆς
802 3825 931 3895 τελευτῆς
953 3826 986 3896 ἧν
1010 3826 1160 3894 δγγάτερυς
1178 3831 1217 3897 τῷ
1235 3827 1343 3896 κληρονο·
1421 3821 1422 3897 5

237 3912 365 3981 μουμένῳ
383 3911 426 3966 εδ.
445 3911 475 3966 θ.
582 3913 605 3982 ⁵)
623 3912 648 3964 d.
666 3914 700 3964 M.
804 3912 826 3981 ὅ)
848 3912 937 3981 -όμῳ
955 3911 1005 3964 L6.
1092 3913 1115 3980 7)
1133 3912 1191 3982 λεγ.
1209 3931 1264 3982 κορ,
1282 3906 1344 3960 ἀδιά-

236 3997 321 4048 &stov
340 3996 391 4051 L’.
502 3999 525 4065 8)
544 4001 583 4068 τῷ
601 3995 633 4050 V.
653 3997 684 4051 F.
804 3999 826 4061 ⁹)
846 3999 946 4062 -όμυν
966 3999 995 4052 V.
1118 4001 1153 4064 10)
1176 4001 1298 4052 -άῑειῑθη
1314 3993 1342 4050 Μ,

237 4085 272 4148 1¹)
290 4081 314 4136 d.
333 4083 369 4136 M.
449 4083 483 4150 1ί)
502 4085 531 4134 δέ
548 4084 598 4137 ine.
617 4083 648 4136 V.
759 4083 793 4148 η)
813 4084 905 4144 -θτὶς
921 4083 954 4138 V.
1058 4087 1093 4151 1⁴)
1112 4085 1252 4149 ὑπομείναι
1268 4083 1301 4137 Μ.
1318 4079 1343 4132 V·
1420 4131 1421 4140 ,

236 4168 425 4237 ποατ
527 4167 709 4238 ποατ
