2864 4736
538 376 689 438 —445
747 411 777 419 -

107 567 168 611 non
195 545 321 610 iubente
349 566 450 627 neque
479 557 707 631 praeponente,
739 554 786 613 set
816 555 920 614 tamen
949 550 1068 614 sciente
1096 557 1127 615 et
1155 573 1215 615 non

106 669 348 753 contradicente,
374 673 503 753 etquid
527 693 596 737 curn
621 693 657 737 eo
681 673 775 736 fuerit
798 680 999 756 contractum,
1026 676 1072 739 ita
1096 675 1134 739 de
1157 677 1216 740 hoc

108 803 233 878 praetor
249 795 297 859 ius
313 796 396 860 dicit.
432 796 458 860 si
477 797 620 880 pluribus
644 797 796 861 obnoxius
819 799 921 862 factus
946 799 1000 864 sit.
1031 799 1112 864 inter
1139 821 1216 880 quos

105 921 242 984 etmihi
276 922 401 986 domino
436 922 532 1006 (quod
567 929 671 986 autem
710 921 775 986 dixi
813 924 1014 988 obnoxium
1054 944 1138 988 esse
1178 924 1216 988 de

106 1047 243 1110 naturali
277 1065 339 1110 non
374 1047 460 1110 ciuili
495 1047 689 1128 obligatione
719 1047 936 1130 accipiendum
969 1055 1040 1130 est),
1076 1045 1107 1112 et
1135 1049 1217 1113 adsit
1255 1063 1270 1114 5

106 1191 216 1234 seruus
239 1191 359 1240 merces
383 1191 457 1236 suas
481 1172 610 1253 habene,
636 1172 752 1236 adeunt
767 1173 936 1236 creditores
952 1180 1139 1256 praetorem,
1163 1176 1217 1254 qui

105 1303 199 1377 coget
222 1296 380 1360 dominum
408 1317 529 1362 merces
557 1298 589 1361 in
612 1297 748 1360 medium
770 1298 911 1380 proferre
936 1299 1017 1362 etsi
1041 1320 1103 1380 qua
1130 1320 1217 1364 merx

104 1421 257 1484 distracta.
281 1422 375 1486 fuerit
398 1428 429 1485 et
452 1422 524 1486 inde
548 1423 683 1505 pecunia
698 1427 836 1505 recepta,
861 1423 941 1487 hanc
964 1424 1044 1487 inter
1060 1424 1217 1488 dominum

103 1553 133 1608 et
157 1554 280 1610 ceteros
304 1548 475 1612 creditores
499 1569 555 1630 pro
571 1553 642 1610 rata
658 1547 801 1630 portione
818 1548 1012 1612 distribuere.
1048 1550 1217 1613 sinautem

105 1671 266 1751 deminuo,
292 1673 342 1734 cui
365 1672 513 1735 mercium
538 1671 716 1736 distributio
740 1679 788 1736 est
810 1673 978 1755 permissa,
1003 1673 1121 1754 aliquid
1145 1674 1272 1737 iude10

105 1795 298 1858 subtraxerit
321 1816 423 1876 neque
450 1797 555 1860 omnia
582 1797 614 1859 in
641 1795 776 1860 medium
804 1796 982 1878 protulerit,
1012 1806 1043 1860 et
1071 1804 1219 1878 queratur

105 1920 234 2000 quidam
259 1940 297 1983 ex
322 1921 528 1984 creditoribus
552 1929 583 1984 et
610 1922 694 1984 dicat
722 1921 887 2004 pauciores
914 1941 1044 2001 merceS,
1070 1942 1163 2002 quam
1186 1923 1218 1985 in

108 2044 224 2123 quibus
244 2045 422 2126 negotiatus
445 2045 486 2108 sit
506 2066 627 2126 scrobe,
658 2067 677 2108 a
699 2047 823 2109 domino
845 2045 877 2108 in
898 2046 1033 2109 medium
1057 2065 1127 2109 esse
1149 2066 1217 2128 pro-

7 2199 8 2204 *
107 2168 201 2246 latas,
226 2168 391 2232 tributoria
414 2169 495 2233 actio
520 2171 550 2233 ei
573 2170 725 2233 aduersus
742 2170 898 2234 dominum
916 2175 1081 2254 competet,
1107 2191 1169 2250 qua
1192 2171 1218 2232 is

106 2302 238 2374 cogetur
262 2313 474 2375 quascumque
503 2294 676 2358 condiderit
700 2315 818 2358 merces
846 2296 878 2357 iu
905 2295 1041 2358 medium
1069 2295 1217 2377 proferre.
1238 2305 1270 2356 15

72 2417 221 2482 adicitur
253 2427 356 2482 autem
386 2420 609 2483 ‘tributoria'
639 2441 659 2483 a
687 2419 979 2483 distribuendo.
1036 2423 1065 2481 4.
1089 2420 1219 2483 Praeter

105 2542 209 2606 dictas
233 2545 372 2607 actiones
396 2544 568 2608 introduxit
591 2545 746 2608 actionem
770 2545 813 2608 de
841 2544 991 2626 peculio
1019 2545 1087 2607 siue
1111 2544 1154 2606 de
1183 2545 1218 2606 in

60 2643 63 2650 ,
105 2687 180 2729 rem
211 2687 335 2748 uerso,
370 2675 410 2747 ut,
444 2667 587 2747 quamuis
620 2668 687 2731 sine
719 2668 880 2730 uoluntate
911 2667 1028 2730 domini
1060 2662 1217 2748 negotium

106 2799 229 2871 gestum
255 2791 303 2872 sit,
328 2799 442 2872 tamen,
468 2793 534 2856 siue
560 2792 633 2871 quid
657 2793 688 2855 in
712 2811 777 2855 rem
801 2792 918 2856 domini
941 2791 1114 2874 impensum
1138 2792 1219 2856 idest

104 2913 233 2978 uersum
257 2917 305 2996 sit,
333 2916 365 2978 id
389 2902 492 2980 totum¹
512 2918 627 2982 debeat
650 2925 826 3000 praestare,
858 2909 925 2981 siue
950 2937 1010 2980 nou
1034 2917 1074 2981 sit
1097 2919 1128 2981 in
1153 2938 1217 2980 rem
1237 2925 1272 2976 ‘20

55 3059 246 3112 tauersum,
278 3060 375 3121 usque
400 3041 441 3104 ad
464 3042 579 3125 peculii
603 3042 809 3122 quantitatem
833 3042 1065 3106 condemnetur.
1101 3047 1154 3106 ta.
1178 3043 1218 3104 In

104 3183 179 3226 rem
206 3171 309 3227 autem
334 3165 452 3228 domiui
476 3185 622 3228 uersum
646 3165 846 3247 intellegitur,
870 3165 1020 3246 quidquid
1039 3165 1217 3238 necessario

102 3288 133 3350 in
162 3309 230 3351 rem
255 3289 320 3352 eius
344 3289 517 3372 impensum
541 3297 602 3352 est:
628 3295 661 3353 ut
685 3310 772 3354 ecce:
805 3297 964 3353 mutuatus
989 3310 1099 3353 seruus
1132 3310 1217 3353 meus

104 3413 271 3494 pecuniam
300 3413 505 3477 creditoribus
533 3414 611 3478 meis
636 3415 742 3494 soluit,
772 3423 825 3478 ant
853 3421 979 3478 ruentes
1007 3413 1102 3476 aedes
1130 3434 1217 3477 nreas
