2884 4728
525 333 766 397 -378-

94 505 249 570 uenienter
278 506 478 590 acceptilatio
508 507 682 574 adhibetur.
730 508 760 571 in
788 507 844 572 illo
873 507 998 588 quidem
1028 508 1204 572 differentia

93 630 252 695 solutionis
285 639 316 696 et
345 631 595 714 aooeptilationis
627 639 688 712 est,
718 631 801 712 quod
829 632 943 696 solutio
973 651 1096 696 omnem
1123 632 1204 697 tollit

93 755 328 838 obligationem,
343 755 543 839 acceptilatio
554 757 721 821 uerborum
737 756 966 839 tantummodo;
980 757 1012 821 in
1028 756 1082 822 illo
1100 766 1204 822 autem

92 878 243 962 adfinitas,
266 881 349 961 quod
366 881 457 945 sieuti
473 902 548 964 pars
565 879 663 946 debiti
679 881 784 945 solnta
798 900 856 964 pro
871 887 962 964 parte
980 882 1205 964 obligationem

61 1018 81 1069 a.
91 1003 192 1084 soluit,
216 1004 262 1068 ita
286 1011 317 1068 et
332 1005 365 1068 in
380 1012 502 1088 partem
517 1006 718 1088 aoeeptilatio
735 1004 804 1069 fieri
818 1010 931 1089 potest.
966 1007 994 1072 2.
1006 1005 1083 1070 Cum
1100 1013 1204 1071 autem
1242 1021 1257 1073 5

91 1128 258 1193 dixerimus
275 1149 345 1194 eum
362 1130 416 1210 qui
431 1130 496 1194 alia
512 1149 551 1194 ox
568 1151 665 1195 eausa
681 1127 784 1211 debet,
802 1131 830 1194 si
845 1129 1023 1213 promiserit
1036 1131 1204 1212 uerbisque

90 1273 122 1318 se
136 1253 338 1336 obligauerit,
362 1261 435 1319 tune
451 1275 546 1339 posse
562 1275 619 1338 per
634 1255 908 1338 aooepdlationem
924 1255 1063 1337 liberari,
1082 1259 1206 1339 oportet

89 1377 126 1442 de
149 1379 313 1460 aquiliana
337 1379 423 1460 loqui
446 1379 657 1464 stipulatione.
696 1400 778 1460 quae
792 1379 956 1463 ‘stipulatio
981 1399 1104 1444 omnem
1128 1379 1204 1445 obli·

89 1503 247 1584 gallonem
263 1504 295 1567 in
312 1523 347 1568 se
362 1504 534 1569 transferre
550 1509 655 1588 potest
671 1511 703 1569 et
718 1525 776 1588 per
791 1503 1064 1588 aooeptilationem
1079 1505 1204 1570 tollere.

18 1678 20 1686 .
90 1627 250 1708 aquiliana
273 1627 355 1692 enim
378 1629 539 1712 stipulatio
563 1649 671 1694 omnes
694 1634 791 1693 nouat
807 1629 1017 1711 obligationes
1039 1636 1070 1693 et
1086 1649 1106 1692 a
1123 1629 1203 1694 Gaio
1225 1642 1259 1694 10

88 1752 215 1834 Aquilio
236 1753 304 1817 iure
328 1755 469 1818 oonsulto
492 1754 539 1819 ita
554 1754 730 1837 composita
746 1761 807 1819 est:
833 1753 1034 1835 »quidquid
1056 1760 1093 1819 te
1116 1754 1204 1818 mihi

88 1896 149 1940 »ex
175 1897 408 1958 quaeumque
441 1898 557 1943 eausa
588 1879 679 1943 dare
701 1878 762 1942 nel
785 1878 915 1944 faeere
949 1883 1111 1962 oportet,
1145 1879 1205 1943 uel

88 2007 314 2084 »oporteret
357 2002 437 2067 siue
480 2022 572 2086 pure
616 2003 699 2068 siue
741 2003 779 2067 in
817 2001 929 2084 diem,
974 2021 1205 2084 quarumque

87 2145 227 2190 »rerum
243 2126 372 2209 gratia
386 2127 475 2192 mibi
491 2133 613 2193 tecum
635 2127 674 2193 in
696 2147 771 2191 rem
788 2128 848 2192 uel
864 2127 1083 2211 personalis
1104 2127 1204 2192 aetio
1294 2141 1296 2144 ·

87 2257 164 2316 »est
180 2251 318 2333 eritne,
343 2251 515 2335 quodque
531 2260 570 2317 tu
585 2273 701 2317 meum
717 2251 838 2316 habes
851 2252 999 2317 detines
1011 2251 1204 2336 possides«
1225 2270 1258 2322 15

87 2376 281 2460 (differentia
296 2385 400 2442 autern
416 2377 499 2442 inter
513 2383 646 2442 tenere
670 2383 701 2441 et
723 2375 924 2460 possidere
940 2376 1019 2440 haee
1039 2381 1095 2458 est,
1121 2375 1206 2458 quod

84 2511 219 2566 tenere
238 2507 287 2566 est
301 2501 487 2566 naturaliter
500 2521 568 2566 rem
584 2502 734 2584 detinere,
758 2500 955 2585 possidere
979 2508 1084 2565 autem
1100 2500 1205 2565 animo

85 2626 278 2691 dominantis
301 2625 454 2710 detinere)
480 2625 769 2710 ›possideresne
796 2625 934 2690 doloue
961 2625 1104 2706 leoisti,
1134 2643 1205 2707 quo

84 2751 208 2816 minus
232 2750 451 2834 possideas«
477 2750 570 2834 (forte
594 2751 676 2815 enirn
693 2751 897 2815 hereditatem
920 2750 997 2814 mihi
1012 2750 1149 2815 delatam
1173 2749 1206 2814 in

84 2883 174 2940 tuam
190 2843 424 2959 possessionem
439 2875 600 2959 redegisti,
625 2875 739 2940 deinde
755 2875 878 2956 aliquas
894 2881 1014 2939 tantum
1029 2895 1081 2940 res
1096 2894 1206 2959 posse·
1225 2891 1260 2943 20

84 2999 176 3064 disti:
198 2999 356 3066 teneberis
374 3001 456 3065 enirn
473 3007 504 3064 et
519 3007 648 3084 propter
671 3021 726 3064 eas
743 3020 823 3082 quas
842 2999 915 3064 dolo
932 3021 996 3064 non
1011 2999 1204 3083 possederis)

84 3125 562 3208 »quantiquaeqneearum
585 3146 713 3190 rernm
733 3126 818 3207 erit,
841 3131 986 3190 tantam
1008 3125 1205 3208 peouniam

81 3249 172 3315 dari
209 3250 418 3333 stipulatus
453 3257 510 3315 est
537 3251 654 3314 Aulus
681 3250 860 3333 Agerius,
896 3249 1101 3333 spopondit
1132 3249 1205 3312 Nu·
