<?xml version="1.0" encoding="UTF-8"?>
<!DOCTYPE html PUBLIC "-//W3C//DTD XHTML 1.0 Transitional//EN"
    "http://www.w3.org/TR/xhtml1/DTD/xhtml1-transitional.dtd">
<html xmlns="http://www.w3.org/1999/xhtml" xml:lang="en" lang="en">
 <head>
  <title>
</title>
<meta http-equiv="Content-Type" content="text/html;charset=utf-8" />
  <meta name='ocr-system' content='tesseract 3.04.00' />
  <meta name='ocr-capabilities' content='ocr_page ocr_carea ocr_par ocr_line ocrx_word'/>
</head>
<body>
  <div class='ocr_page' id='page_1' title='image "./institutionumgr02linggoog_0472.png"; bbox 0 0 2926 4708; ppageno 0'>
   <div class='ocr_carea' id='block_1_1' title="bbox 559 296 791 362">
    <p class='ocr_par' dir='ltr' id='par_1_1' title="bbox 559 296 791 362">
     <span class='ocr_line' id='line_1_1' title="bbox 559 296 791 362; baseline 0.034 -8"><span class='ocrx_word' id='word_1_1' title='bbox 559 296 791 362; x_wconf 79' lang='lat'>..219-</span> 
     </span>
    </p>
   </div>
   <div class='ocr_carea' id='block_1_2' title="bbox 69 481 1290 3289">
    <p class='ocr_par' dir='ltr' id='par_1_2' title="bbox 69 481 1290 3289">
     <span class='ocr_line' id='line_1_2' title="bbox 69 481 1237 564; baseline 0 -18"><span class='ocrx_word' id='word_1_2' title='bbox 69 555 71 560; x_wconf 51' lang='grc'>,</span> <span class='ocrx_word' id='word_1_3' title='bbox 114 483 251 563; x_wconf 76' lang='lat' dir='ltr'>legatum</span> <span class='ocrx_word' id='word_1_4' title='bbox 274 501 294 549; x_wconf 91' lang='lat' dir='ltr'>a</span> <span class='ocrx_word' id='word_1_5' title='bbox 314 488 418 549; x_wconf 86' lang='lat' dir='ltr'>morte</span> <span class='ocrx_word' id='word_1_6' title='bbox 447 481 608 548; x_wconf 85' lang='lat' dir='ltr'>testatoris</span> <span class='ocrx_word' id='word_1_7' title='bbox 635 483 726 548; x_wconf 80' lang='lat' dir='ltr'>cedit</span> <span class='ocrx_word' id='word_1_8' title='bbox 777 485 861 564; x_wconf 88' lang='lat' dir='ltr'>quod</span> <span class='ocrx_word' id='word_1_9' title='bbox 890 487 997 549; x_wconf 90' lang='lat' dir='ltr'>autem</span> <span class='ocrx_word' id='word_1_10' title='bbox 1026 481 1160 547; x_wconf 82' lang='lat' dir='ltr'>diximus</span> <span class='ocrx_word' id='word_1_11' title='bbox 1186 499 1237 546; x_wconf 92' lang='lat' dir='ltr'>res</span> 
     </span>
     <span class='ocr_line' id='line_1_3' title="bbox 113 599 1238 682; baseline 0 -19"><span class='ocrx_word' id='word_1_12' title='bbox 113 606 182 680; x_wconf 87' lang='lat' dir='ltr'>post</span> <span class='ocrx_word' id='word_1_13' title='bbox 203 600 368 664; x_wconf 88' lang='lat' dir='ltr'>testatoris</span> <span class='ocrx_word' id='word_1_14' title='bbox 389 609 521 665; x_wconf 91' lang='lat' dir='ltr'>mortem</span> <span class='ocrx_word' id='word_1_15' title='bbox 542 601 702 682; x_wconf 87' lang='lat' dir='ltr'>quaesitas</span> <span class='ocrx_word' id='word_1_16' title='bbox 723 600 875 682; x_wconf 83' lang='lat' dir='ltr'>legatario</span> <span class='ocrx_word' id='word_1_17' title='bbox 905 619 966 666; x_wconf 94' lang='lat' dir='ltr'>non</span> <span class='ocrx_word' id='word_1_18' title='bbox 989 601 1096 666; x_wconf 90' lang='lat' dir='ltr'>deberi</span> <span class='ocrx_word' id='word_1_19' title='bbox 1118 599 1164 664; x_wconf 91' lang='lat' dir='ltr'>ita</span> <span class='ocrx_word' id='word_1_20' title='bbox 1185 617 1238 663; x_wconf 79' lang='lat' dir='ltr'>ue</span> 
     </span>
     <span class='ocr_line' id='line_1_4' title="bbox 114 716 1236 800; baseline -0.004 -18"><span class='ocrx_word' id='word_1_21' title='bbox 114 735 179 782; x_wconf 87' lang='lat' dir='ltr'>rum</span> <span class='ocrx_word' id='word_1_22' title='bbox 202 725 256 782; x_wconf 88' lang='lat' dir='ltr'>est</span> <span class='ocrx_word' id='word_1_23' title='bbox 277 717 339 782; x_wconf 92' lang='lat' dir='ltr'>nisi</span> <span class='ocrx_word' id='word_1_24' title='bbox 369 735 406 782; x_wconf 82' lang='lat' dir='ltr'>er</span> <span class='ocrx_word' id='word_1_25' title='bbox 435 718 530 784; x_wconf 88' lang='lat' dir='ltr'>rebus</span> <span class='ocrx_word' id='word_1_26' title='bbox 556 717 767 800; x_wconf 80' lang='lat' dir='ltr'><strong>peculiaribus</strong></span> <span class='ocrx_word' id='word_1_27' title='bbox 795 724 922 784; x_wconf 88' lang='lat' dir='ltr'>auctum</span> <span class='ocrx_word' id='word_1_28' title='bbox 950 718 1046 782; x_wconf 75' lang='lat' dir='ltr'>iuemt</span> <span class='ocrx_word' id='word_1_29' title='bbox 1071 716 1236 799; x_wconf 90' lang='lat' dir='ltr'>peculium.</span> 
     </span>
     <span class='ocr_line' id='line_1_5' title="bbox 113 833 1237 918; baseline 0 -19"><span class='ocrx_word' id='word_1_30' title='bbox 113 841 147 899; x_wconf 88' lang='lat' dir='ltr'>ut</span> <span class='ocrx_word' id='word_1_31' title='bbox 160 853 236 900; x_wconf 89' lang='lat' dir='ltr'>ecce</span> <span class='ocrx_word' id='word_1_32' title='bbox 250 835 363 902; x_wconf 90' lang='lat' dir='ltr'>ancilla</span> <span class='ocrx_word' id='word_1_33' title='bbox 378 835 409 899; x_wconf 94' lang='lat' dir='ltr'>in</span> <span class='ocrx_word' id='word_1_34' title='bbox 424 835 547 917; x_wconf 91' lang='lat' dir='ltr'>peculio</span> <span class='ocrx_word' id='word_1_35' title='bbox 562 843 640 914; x_wconf 89' lang='lat' dir='ltr'>erat,</span> <span class='ocrx_word' id='word_1_36' title='bbox 656 853 736 918; x_wconf 86' lang='lat' dir='ltr'>quae</span> <span class='ocrx_word' id='word_1_37' title='bbox 751 837 888 917; x_wconf 84' lang='lat' dir='ltr'>peperit:</span> <span class='ocrx_word' id='word_1_38' title='bbox 905 835 1032 909; x_wconf 82' lang='lat' dir='ltr'>iundns,</span> <span class='ocrx_word' id='word_1_39' title='bbox 1047 836 1102 916; x_wconf 89' lang='lat' dir='ltr'>qui</span> <span class='ocrx_word' id='word_1_40' title='bbox 1115 833 1237 900; x_wconf 85' lang='lat' dir='ltr'>fructus</span> 
     </span>
     <span class='ocr_line' id='line_1_6' title="bbox 115 953 1289 1036; baseline -0.005 -19"><span class='ocrx_word' id='word_1_41' title='bbox 115 953 192 1017; x_wconf 79' lang='lat' dir='ltr'>tulit</span> <span class='ocrx_word' id='word_1_42' title='bbox 246 953 460 1020; x_wconf 90' lang='lat' dir='ltr'>admouendus</span> <span class='ocrx_word' id='word_1_43' title='bbox 488 971 522 1017; x_wconf 91' lang='lat' dir='ltr'>es</span> <span class='ocrx_word' id='word_1_44' title='bbox 553 960 718 1036; x_wconf 88' lang='lat' dir='ltr'>praeterea</span> <span class='ocrx_word' id='word_1_45' title='bbox 750 971 877 1018; x_wconf 89' lang='lat' dir='ltr'>seruum</span> <span class='ocrx_word' id='word_1_46' title='bbox 910 957 1098 1018; x_wconf 85' lang='lat' dir='ltr'>testamento</span> <span class='ocrx_word' id='word_1_47' title='bbox 1132 970 1237 1017; x_wconf 91' lang='lat' dir='ltr'>mann·</span> <span class='ocrx_word' id='word_1_48' title='bbox 1271 961 1289 1011; x_wconf 83' lang='lat' dir='ltr'>o</span> 
     </span>
     <span class='ocr_line' id='line_1_7' title="bbox 115 1071 1238 1153; baseline 0.001 -18"><span class='ocrx_word' id='word_1_49' title='bbox 115 1071 245 1136; x_wconf 89' lang='lat' dir='ltr'>missurn</span> <span class='ocrx_word' id='word_1_50' title='bbox 267 1071 423 1153; x_wconf 90' lang='lat' dir='ltr'>peculium</span> <span class='ocrx_word' id='word_1_51' title='bbox 446 1090 506 1138; x_wconf 94' lang='lat' dir='ltr'>non</span> <span class='ocrx_word' id='word_1_52' title='bbox 530 1072 629 1152; x_wconf 88' lang='lat' dir='ltr'>sequi.</span> <span class='ocrx_word' id='word_1_53' title='bbox 679 1071 763 1151; x_wconf 86' lang='lat' dir='ltr'>qnod</span> <span class='ocrx_word' id='word_1_54' title='bbox 791 1072 818 1135; x_wconf 93' lang='lat' dir='ltr'>si</span> <span class='ocrx_word' id='word_1_55' title='bbox 846 1073 928 1137; x_wconf 90' lang='lat' dir='ltr'>inter</span> <span class='ocrx_word' id='word_1_56' title='bbox 954 1072 1045 1136; x_wconf 92' lang='lat' dir='ltr'>ninos</span> <span class='ocrx_word' id='word_1_57' title='bbox 1075 1089 1147 1136; x_wconf 90' lang='lat' dir='ltr'>eum</span> <span class='ocrx_word' id='word_1_58' title='bbox 1174 1090 1238 1136; x_wconf 92' lang='lat' dir='ltr'>ma·</span> 
     </span>
     <span class='ocr_line' id='line_1_8' title="bbox 115 1188 1238 1273; baseline 0 -19"><span class='ocrx_word' id='word_1_59' title='bbox 115 1189 291 1270; x_wconf 79' lang='lat' dir='ltr'>remisero,</span> <span class='ocrx_word' id='word_1_60' title='bbox 318 1191 472 1272; x_wconf 85' lang='lat' dir='ltr'>peculium</span> <span class='ocrx_word' id='word_1_61' title='bbox 500 1191 710 1256; x_wconf 76' lang='lat' dir='ltr'>manumissus</span> <span class='ocrx_word' id='word_1_62' title='bbox 736 1190 881 1273; x_wconf 86' lang='lat' dir='ltr'>accipiat,</span> <span class='ocrx_word' id='word_1_63' title='bbox 910 1190 971 1254; x_wconf 90' lang='lat' dir='ltr'>nisi</span> <span class='ocrx_word' id='word_1_64' title='bbox 997 1191 1030 1254; x_wconf 95' lang='lat' dir='ltr'>id</span> <span class='ocrx_word' id='word_1_65' title='bbox 1059 1188 1238 1271; x_wconf 73' lang='lat' dir='ltr'>specialiter</span> 
     </span>
     <span class='ocr_line' id='line_1_9' title="bbox 115 1308 1237 1390; baseline -0.003 -18"><span class='ocrx_word' id='word_1_66' title='bbox 115 1309 295 1374; x_wconf 89' lang='lat' dir='ltr'>ademerim.</span> <span class='ocrx_word' id='word_1_67' title='bbox 347 1309 441 1390; x_wconf 87' lang='lat' dir='ltr'>idque</span> <span class='ocrx_word' id='word_1_68' title='bbox 469 1308 534 1374; x_wconf 86' lang='lat' dir='ltr'>diui</span> <span class='ocrx_word' id='word_1_69' title='bbox 565 1308 703 1374; x_wconf 80' lang='lat' dir='ltr'>Seuerus</span> <span class='ocrx_word' id='word_1_70' title='bbox 730 1314 763 1374; x_wconf 90' lang='lat' dir='ltr'>et</span> <span class='ocrx_word' id='word_1_71' title='bbox 791 1308 968 1372; x_wconf 86' lang='lat' dir='ltr'>Antoninus</span> <span class='ocrx_word' id='word_1_72' title='bbox 997 1311 1237 1388; x_wconf 80' lang='lat' dir='ltr'>rescripserunt.</span> 
     </span>
     <span class='ocr_line' id='line_1_10' title="bbox 114 1425 1238 1509; baseline -0.004 -15"><span class='ocrx_word' id='word_1_73' title='bbox 114 1445 226 1494; x_wconf 88' lang='lat' dir='ltr'>seruus</span> <span class='ocrx_word' id='word_1_74' title='bbox 248 1433 354 1493; x_wconf 88' lang='lat' dir='ltr'>autem</span> <span class='ocrx_word' id='word_1_75' title='bbox 377 1447 464 1494; x_wconf 89' lang='lat' dir='ltr'>meus</span> <span class='ocrx_word' id='word_1_76' title='bbox 479 1446 541 1493; x_wconf 91' lang='lat' dir='ltr'>non</span> <span class='ocrx_word' id='word_1_77' title='bbox 563 1435 686 1493; x_wconf 84' lang='lat' dir='ltr'>tantum</span> <span class='ocrx_word' id='word_1_78' title='bbox 708 1445 746 1492; x_wconf 91' lang='lat' dir='ltr'>ea</span> <span class='ocrx_word' id='word_1_79' title='bbox 767 1428 798 1492; x_wconf 93' lang='lat' dir='ltr'>in</span> <span class='ocrx_word' id='word_1_80' title='bbox 825 1425 947 1509; x_wconf 90' lang='lat' dir='ltr'>peculio</span> <span class='ocrx_word' id='word_1_81' title='bbox 969 1427 1075 1504; x_wconf 87' lang='lat' dir='ltr'>habet,</span> <span class='ocrx_word' id='word_1_82' title='bbox 1097 1443 1178 1505; x_wconf 88' lang='lat' dir='ltr'>quae</span> <span class='ocrx_word' id='word_1_83' title='bbox 1200 1445 1238 1490; x_wconf 85' lang='lat' dir='ltr'>ex</span> 
     </span>
     <span class='ocr_line' id='line_1_11' title="bbox 115 1545 1290 1630; baseline -0.003 -18"><span class='ocrx_word' id='word_1_84' title='bbox 115 1564 311 1630; x_wconf 85' lang='lat' dir='ltr'>quacumque</span> <span class='ocrx_word' id='word_1_85' title='bbox 332 1565 428 1612; x_wconf 89' lang='lat' dir='ltr'>causa</span> <span class='ocrx_word' id='word_1_86' title='bbox 449 1545 546 1613; x_wconf 79' lang='lat' dir='ltr'>luerit</span> <span class='ocrx_word' id='word_1_87' title='bbox 567 1547 714 1628; x_wconf 89' lang='lat' dir='ltr'>adeptus,</span> <span class='ocrx_word' id='word_1_88' title='bbox 744 1552 793 1612; x_wconf 91' lang='lat' dir='ltr'>set</span> <span class='ocrx_word' id='word_1_89' title='bbox 815 1545 940 1628; x_wconf 86' lang='lat' dir='ltr'>siquid</span> <span class='ocrx_word' id='word_1_90' title='bbox 962 1564 1019 1625; x_wconf 91' lang='lat' dir='ltr'>pro</span> <span class='ocrx_word' id='word_1_91' title='bbox 1042 1564 1091 1611; x_wconf 88' lang='lat' dir='ltr'>me</span> <span class='ocrx_word' id='word_1_92' title='bbox 1113 1546 1238 1611; x_wconf 92' lang='lat' dir='ltr'>domino</span> <span class='ocrx_word' id='word_1_93' title='bbox 1257 1557 1290 1609; x_wconf 90' lang='lat'>10</span> 
     </span>
     <span class='ocr_line' id='line_1_12' title="bbox 115 1663 1238 1748; baseline -0.002 -18"><span class='ocrx_word' id='word_1_94' title='bbox 115 1684 169 1730; x_wconf 88' lang='lat' dir='ltr'>sno</span> <span class='ocrx_word' id='word_1_95' title='bbox 195 1666 396 1747; x_wconf 87' lang='lat' dir='ltr'>expenderit,</span> <span class='ocrx_word' id='word_1_96' title='bbox 429 1665 461 1730; x_wconf 95' lang='lat' dir='ltr'>id</span> <span class='ocrx_word' id='word_1_97' title='bbox 492 1683 617 1747; x_wconf 90' lang='lat' dir='ltr'>quoqne</span> <span class='ocrx_word' id='word_1_98' title='bbox 644 1663 801 1748; x_wconf 88' lang='lat' dir='ltr'>peculium</span> <span class='ocrx_word' id='word_1_99' title='bbox 827 1664 965 1746; x_wconf 84' lang='lat' dir='ltr'>augebit.</span> <span class='ocrx_word' id='word_1_100' title='bbox 1022 1672 1057 1729; x_wconf 90' lang='lat' dir='ltr'>ut</span> <span class='ocrx_word' id='word_1_101' title='bbox 1090 1682 1161 1730; x_wconf 89' lang='lat' dir='ltr'>ecce</span> <span class='ocrx_word' id='word_1_102' title='bbox 1194 1665 1238 1730; x_wconf 88' lang='lat' dir='ltr'>M.</span> 
     </span>
     <span class='ocr_line' id='line_1_13' title="bbox 116 1782 1238 1866; baseline -0.001 -16"><span class='ocrx_word' id='word_1_103' title='bbox 116 1802 282 1850; x_wconf 82' lang='lat' dir='ltr'>aureomm</span> <span class='ocrx_word' id='word_1_104' title='bbox 304 1785 430 1866; x_wconf 88' lang='lat' dir='ltr'>quidam</span> <span class='ocrx_word' id='word_1_105' title='bbox 453 1783 609 1866; x_wconf 86' lang='lat' dir='ltr'>peculium</span> <span class='ocrx_word' id='word_1_106' title='bbox 631 1803 701 1850; x_wconf 91' lang='lat' dir='ltr'>cnm</span> <span class='ocrx_word' id='word_1_107' title='bbox 723 1785 851 1863; x_wconf 90' lang='lat' dir='ltr'>habeat,</span> <span class='ocrx_word' id='word_1_108' title='bbox 882 1785 909 1848; x_wconf 92' lang='lat' dir='ltr'>si</span> <span class='ocrx_word' id='word_1_109' title='bbox 939 1784 968 1849; x_wconf 88' lang='lat' dir='ltr'>ei</span> <span class='ocrx_word' id='word_1_110' title='bbox 991 1782 1025 1848; x_wconf 89' lang='lat' dir='ltr'>G.</span> <span class='ocrx_word' id='word_1_111' title='bbox 1050 1801 1162 1849; x_wconf 90' lang='lat' dir='ltr'>aureos</span> <span class='ocrx_word' id='word_1_112' title='bbox 1185 1784 1238 1849; x_wconf 93' lang='lat' dir='ltr'>de·</span> 
     </span>
     <span class='ocr_line' id='line_1_14' title="bbox 116 1901 1238 1984; baseline 0.001 -17"><span class='ocrx_word' id='word_1_113' title='bbox 116 1902 213 1980; x_wconf 83' lang='lat' dir='ltr'>boam,</span> <span class='ocrx_word' id='word_1_114' title='bbox 237 1919 318 1982; x_wconf 88' lang='lat' dir='ltr'>quos</span> <span class='ocrx_word' id='word_1_115' title='bbox 339 1902 392 1967; x_wconf 90' lang='lat' dir='ltr'>ille</span> <span class='ocrx_word' id='word_1_116' title='bbox 414 1923 470 1984; x_wconf 90' lang='lat' dir='ltr'>pro</span> <span class='ocrx_word' id='word_1_117' title='bbox 492 1922 542 1968; x_wconf 89' lang='lat' dir='ltr'>ma</span> <span class='ocrx_word' id='word_1_118' title='bbox 564 1903 760 1984; x_wconf 82' lang='lat' dir='ltr'>expenderit,</span> <span class='ocrx_word' id='word_1_119' title='bbox 784 1902 939 1984; x_wconf 91' lang='lat' dir='ltr'>peculium</span> <span class='ocrx_word' id='word_1_120' title='bbox 963 1903 1024 1967; x_wconf 90' lang='lat' dir='ltr'>erit</span> <span class='ocrx_word' id='word_1_121' title='bbox 1046 1901 1105 1966; x_wconf 83' lang='lat' dir='ltr'>Mc</span> <span class='ocrx_word' id='word_1_122' title='bbox 1128 1921 1238 1968; x_wconf 83' lang='lat' dir='ltr'>aurco-</span> 
     </span>
     <span class='ocr_line' id='line_1_15' title="bbox 116 2020 1238 2102; baseline 0 -16"><span class='ocrx_word' id='word_1_123' title='bbox 116 2038 192 2086; x_wconf 89' lang='lat' dir='ltr'>rum.</span> <span class='ocrx_word' id='word_1_124' title='bbox 215 2022 243 2084; x_wconf 91' lang='lat' dir='ltr'>si</span> <span class='ocrx_word' id='word_1_125' title='bbox 266 2020 366 2100; x_wconf 84' lang='lat' dir='ltr'>igitur</span> <span class='ocrx_word' id='word_1_126' title='bbox 387 2021 539 2087; x_wconf 89' lang='lat' dir='ltr'>eiusmodi</span> <span class='ocrx_word' id='word_1_127' title='bbox 561 2041 688 2088; x_wconf 90' lang='lat' dir='ltr'>seruum</span> <span class='ocrx_word' id='word_1_128' title='bbox 704 2029 891 2088; x_wconf 86' lang='lat' dir='ltr'>testamento</span> <span class='ocrx_word' id='word_1_129' title='bbox 905 2023 1124 2101; x_wconf 81' lang='lat' dir='ltr'>manumisero,</span> <span class='ocrx_word' id='word_1_130' title='bbox 1147 2023 1238 2102; x_wconf 89' lang='lat' dir='ltr'>eiquo</span> 
     </span>
     <span class='ocr_line' id='line_1_16' title="bbox 117 2139 1289 2222; baseline 0.005 -20"><span class='ocrx_word' id='word_1_131' title='bbox 117 2139 270 2217; x_wconf 86' lang='lat' dir='ltr'>peculium</span> <span class='ocrx_word' id='word_1_132' title='bbox 292 2139 457 2220; x_wconf 82' lang='lat' dir='ltr'>legemem,</span> <span class='ocrx_word' id='word_1_133' title='bbox 481 2140 581 2206; x_wconf 88' lang='lat' dir='ltr'>sidem</span> <span class='ocrx_word' id='word_1_134' title='bbox 604 2140 636 2204; x_wconf 87' lang='lat' dir='ltr'>M</span> <span class='ocrx_word' id='word_1_135' title='bbox 659 2158 772 2206; x_wconf 87' lang='lat' dir='ltr'>aureos</span> <span class='ocrx_word' id='word_1_136' title='bbox 794 2141 934 2206; x_wconf 86' lang='lat' dir='ltr'>debitum</span> <span class='ocrx_word' id='word_1_137' title='bbox 963 2139 1003 2204; x_wconf 91' lang='lat' dir='ltr'>iri</span> <span class='ocrx_word' id='word_1_138' title='bbox 1026 2141 1289 2222; x_wconf 81' lang='lat' dir='ltr'>nonambigi·1o</span> 
     </span>
     <span class='ocr_line' id='line_1_17' title="bbox 117 2255 1237 2340; baseline 0.004 -20"><span class='ocrx_word' id='word_1_139' title='bbox 117 2265 180 2336; x_wconf 78' lang='lat' dir='ltr'>tnr3</span> <span class='ocrx_word' id='word_1_140' title='bbox 203 2276 288 2324; x_wconf 91' lang='lat' dir='ltr'>nunc</span> <span class='ocrx_word' id='word_1_141' title='bbox 311 2255 336 2321; x_wconf 88' lang='lat' dir='ltr'>G</span> <span class='ocrx_word' id='word_1_142' title='bbox 357 2275 490 2340; x_wconf 82' lang='lat' dir='ltr'>quoque,</span> <span class='ocrx_word' id='word_1_143' title='bbox 513 2276 592 2339; x_wconf 90' lang='lat' dir='ltr'>quos</span> <span class='ocrx_word' id='word_1_144' title='bbox 614 2257 666 2324; x_wconf 91' lang='lat' dir='ltr'>ille</span> <span class='ocrx_word' id='word_1_145' title='bbox 690 2267 818 2339; x_wconf 85' lang='lat' dir='ltr'>propter</span> <span class='ocrx_word' id='word_1_146' title='bbox 837 2277 885 2324; x_wconf 92' lang='lat' dir='ltr'>me</span> <span class='ocrx_word' id='word_1_147' title='bbox 901 2259 1068 2338; x_wconf 81' lang='lat' dir='ltr'>expendit?</span> <span class='ocrx_word' id='word_1_148' title='bbox 1090 2264 1121 2324; x_wconf 93' lang='lat' dir='ltr'>et</span> <span class='ocrx_word' id='word_1_149' title='bbox 1143 2259 1237 2324; x_wconf 90' lang='lat' dir='ltr'>iidem</span> 
     </span>
     <span class='ocr_line' id='line_1_18' title="bbox 118 2375 1236 2459; baseline 0.003 -21"><span class='ocrx_word' id='word_1_150' title='bbox 118 2375 181 2440; x_wconf 90' lang='lat' dir='ltr'>dini</span> <span class='ocrx_word' id='word_1_151' title='bbox 202 2377 360 2458; x_wconf 87' lang='lat' dir='ltr'>principes</span> <span class='ocrx_word' id='word_1_152' title='bbox 381 2380 611 2457; x_wconf 85' lang='lat' dir='ltr'>rescripserunt</span> <span class='ocrx_word' id='word_1_153' title='bbox 631 2377 690 2442; x_wconf 91' lang='lat' dir='ltr'>hos</span> <span class='ocrx_word' id='word_1_154' title='bbox 705 2377 749 2441; x_wconf 92' lang='lat' dir='ltr'>illi</span> <span class='ocrx_word' id='word_1_155' title='bbox 765 2395 825 2441; x_wconf 93' lang='lat' dir='ltr'>non</span> <span class='ocrx_word' id='word_1_156' title='bbox 840 2384 1028 2459; x_wconf 84' lang='lat' dir='ltr'>competere,</span> <span class='ocrx_word' id='word_1_157' title='bbox 1051 2394 1132 2457; x_wconf 90' lang='lat' dir='ltr'>quae</span> <span class='ocrx_word' id='word_1_158' title='bbox 1155 2379 1236 2442; x_wconf 89' lang='lat' dir='ltr'>enim</span> 
     </span>
     <span class='ocr_line' id='line_1_19' title="bbox 117 2496 1237 2579; baseline 0.003 -20"><span class='ocrx_word' id='word_1_159' title='bbox 117 2500 242 2576; x_wconf 91' lang='lat' dir='ltr'>praesto</span> <span class='ocrx_word' id='word_1_160' title='bbox 264 2502 370 2561; x_wconf 90' lang='lat' dir='ltr'>essent</span> <span class='ocrx_word' id='word_1_161' title='bbox 396 2498 497 2562; x_wconf 90' lang='lat' dir='ltr'>eidem</span> <span class='ocrx_word' id='word_1_162' title='bbox 524 2497 647 2577; x_wconf 80' lang='lat' dir='ltr'>legasse</span> <span class='ocrx_word' id='word_1_163' title='bbox 678 2496 804 2575; x_wconf 87' lang='lat' dir='ltr'>uideor,</span> <span class='ocrx_word' id='word_1_164' title='bbox 837 2516 898 2562; x_wconf 93' lang='lat' dir='ltr'>non</span> <span class='ocrx_word' id='word_1_165' title='bbox 932 2498 1072 2579; x_wconf 89' lang='lat' dir='ltr'>quaein</span> <span class='ocrx_word' id='word_1_166' title='bbox 1100 2497 1237 2562; x_wconf 85' lang='lat' dir='ltr'>rationes</span> 
     </span>
     <span class='ocr_line' id='line_1_20' title="bbox 117 2615 1237 2698; baseline 0.001 -21"><span class='ocrx_word' id='word_1_167' title='bbox 117 2631 201 2678; x_wconf 89' lang='lat' dir='ltr'>meas</span> <span class='ocrx_word' id='word_1_168' title='bbox 223 2615 430 2695; x_wconf 80' lang='lat' dir='ltr'>expendisset</span> <span class='ocrx_word' id='word_1_169' title='bbox 453 2616 503 2680; x_wconf 91' lang='lat' dir='ltr'>sin</span> <span class='ocrx_word' id='word_1_170' title='bbox 525 2624 631 2681; x_wconf 89' lang='lat' dir='ltr'>autem</span> <span class='ocrx_word' id='word_1_171' title='bbox 653 2616 805 2682; x_wconf 90' lang='lat' dir='ltr'>bonorum</span> <span class='ocrx_word' id='word_1_172' title='bbox 828 2634 966 2680; x_wconf 88' lang='lat' dir='ltr'>meorum</span> <span class='ocrx_word' id='word_1_173' title='bbox 989 2615 1237 2698; x_wconf 89' lang='lat' dir='ltr'>dispensatorem</span> 
     </span>
     <span class='ocr_line' id='line_1_21' title="bbox 117 2732 1289 2810; baseline 0.003 -14"><span class='ocrx_word' id='word_1_174' title='bbox 117 2739 305 2796; x_wconf 83' lang='lat' dir='ltr'>testamento</span> <span class='ocrx_word' id='word_1_175' title='bbox 326 2732 535 2798; x_wconf 88' lang='lat' dir='ltr'>manumisero</span> <span class='ocrx_word' id='word_1_176' title='bbox 550 2752 590 2798; x_wconf 90' lang='lat' dir='ltr'>ea</span> <span class='ocrx_word' id='word_1_177' title='bbox 603 2734 794 2810; x_wconf 89' lang='lat' dir='ltr'>condicione,</span> <span class='ocrx_word' id='word_1_178' title='bbox 817 2740 853 2798; x_wconf 90' lang='lat' dir='ltr'>ut</span> <span class='ocrx_word' id='word_1_179' title='bbox 866 2733 1146 2798; x_wconf 86' lang='lat' dir='ltr'>administrationis</span> <span class='ocrx_word' id='word_1_180' title='bbox 1161 2751 1237 2800; x_wconf 86' lang='lat' dir='ltr'>suaa</span> <span class='ocrx_word' id='word_1_181' title='bbox 1253 2736 1289 2787; x_wconf 72' lang='lat'>2⁰</span> 
     </span>
     <span class='ocr_line' id='line_1_22' title="bbox 116 2849 1236 2935; baseline 0.004 -22"><span class='ocrx_word' id='word_1_182' title='bbox 116 2849 253 2916; x_wconf 87' lang='lat' dir='ltr'>rationes</span> <span class='ocrx_word' id='word_1_183' title='bbox 275 2851 431 2930; x_wconf 85' lang='lat' dir='ltr'>redderet,</span> <span class='ocrx_word' id='word_1_184' title='bbox 453 2850 484 2918; x_wconf 91' lang='lat' dir='ltr'>ei</span> <span class='ocrx_word' id='word_1_185' title='bbox 505 2852 661 2932; x_wconf 91' lang='lat' dir='ltr'>peculium</span> <span class='ocrx_word' id='word_1_186' title='bbox 681 2853 804 2933; x_wconf 78' lang='lat' dir='ltr'>legasse</span> <span class='ocrx_word' id='word_1_187' title='bbox 823 2853 941 2930; x_wconf 83' lang='lat' dir='ltr'>uideor,</span> <span class='ocrx_word' id='word_1_188' title='bbox 965 2852 1015 2934; x_wconf 89' lang='lat' dir='ltr'>(ut</span> <span class='ocrx_word' id='word_1_189' title='bbox 1028 2852 1139 2917; x_wconf 90' lang='lat' dir='ltr'>iisdem</span> <span class='ocrx_word' id='word_1_190' title='bbox 1154 2854 1236 2935; x_wconf 93' lang='lat' dir='ltr'>prin·</span> 
     </span>
     <span class='ocr_line' id='line_1_23' title="bbox 116 2967 1235 3052; baseline 0.003 -21"><span class='ocrx_word' id='word_1_191' title='bbox 116 2967 236 3048; x_wconf 83' lang='lat' dir='ltr'>cipibus</span> <span class='ocrx_word' id='word_1_192' title='bbox 257 2969 388 3051; x_wconf 81' lang='lat' dir='ltr'>placuit)</span> <span class='ocrx_word' id='word_1_193' title='bbox 411 2977 448 3035; x_wconf 91' lang='lat' dir='ltr'>ut</span> <span class='ocrx_word' id='word_1_194' title='bbox 468 2989 506 3034; x_wconf 82' lang='lat' dir='ltr'>ex</span> <span class='ocrx_word' id='word_1_195' title='bbox 528 2971 665 3052; x_wconf 88' lang='lat' dir='ltr'>peculio,</span> <span class='ocrx_word' id='word_1_196' title='bbox 694 2970 778 3052; x_wconf 91' lang='lat' dir='ltr'>quod</span> <span class='ocrx_word' id='word_1_197' title='bbox 805 2970 836 3036; x_wconf 90' lang='lat' dir='ltr'>ei</span> <span class='ocrx_word' id='word_1_198' title='bbox 864 2971 1001 3052; x_wconf 83' lang='lat' dir='ltr'>legatum</span> <span class='ocrx_word' id='word_1_199' title='bbox 1031 2970 1235 3051; x_wconf 86' lang='lat' dir='ltr'>intellegitur,</span> 
     </span>
     <span class='ocr_line' id='line_1_24' title="bbox 117 3077 1236 3172; baseline 0.001 -22"><span class='ocrx_word' id='word_1_200' title='bbox 117 3088 241 3152; x_wconf 89' lang='lat' dir='ltr'>residua</span> <span class='ocrx_word' id='word_1_201' title='bbox 267 3077 413 3154; x_wconf 81' lang='lat' dir='ltr'>solueret</span> <span class='ocrx_word' id='word_1_202' title='bbox 465 3091 548 3156; x_wconf 91' lang='lat' dir='ltr'>unde</span> <span class='ocrx_word' id='word_1_203' title='bbox 577 3091 660 3154; x_wconf 90' lang='lat' dir='ltr'>enim</span> <span class='ocrx_word' id='word_1_204' title='bbox 688 3108 801 3156; x_wconf 89' lang='lat' dir='ltr'>seruus</span> <span class='ocrx_word' id='word_1_205' title='bbox 828 3107 910 3172; x_wconf 87' lang='lat' dir='ltr'>quae</span> <span class='ocrx_word' id='word_1_206' title='bbox 938 3088 1083 3155; x_wconf 87' lang='lat' dir='ltr'>debuerit</span> <span class='ocrx_word' id='word_1_207' title='bbox 1112 3089 1236 3154; x_wconf 88' lang='lat' dir='ltr'>soluere</span> 
     </span>
     <span class='ocr_line' id='line_1_25' title="bbox 116 3206 1236 3289; baseline 0.001 -20"><span class='ocrx_word' id='word_1_208' title='bbox 116 3212 223 3285; x_wconf 90' lang='lat' dir='ltr'>posset</span> <span class='ocrx_word' id='word_1_209' title='bbox 243 3207 303 3272; x_wconf 89' lang='lat' dir='ltr'>nisi</span> <span class='ocrx_word' id='word_1_210' title='bbox 324 3226 363 3272; x_wconf 82' lang='lat' dir='ltr'>ex</span> <span class='ocrx_word' id='word_1_211' title='bbox 383 3206 529 3289; x_wconf 81' lang='lat' dir='ltr'>peculio?</span> <span class='ocrx_word' id='word_1_212' title='bbox 557 3228 629 3274; x_wconf 90' lang='lat' dir='ltr'>uam</span> <span class='ocrx_word' id='word_1_213' title='bbox 657 3227 694 3276; x_wconf 86' lang='lat' dir='ltr'>ex</span> <span class='ocrx_word' id='word_1_214' title='bbox 716 3227 754 3274; x_wconf 91' lang='lat' dir='ltr'>co</span> <span class='ocrx_word' id='word_1_215' title='bbox 776 3208 938 3274; x_wconf 90' lang='lat' dir='ltr'>soluturus</span> <span class='ocrx_word' id='word_1_216' title='bbox 960 3208 1071 3273; x_wconf 75' lang='lat' dir='ltr'>maaet</span> <span class='ocrx_word' id='word_1_217' title='bbox 1092 3208 1186 3273; x_wconf 90' lang='lat' dir='ltr'>etiam</span> <span class='ocrx_word' id='word_1_218' title='bbox 1208 3207 1236 3271; x_wconf 90' lang='lat' dir='ltr'>si</span> 
     </span>
    </p>
   </div>
   <div class='ocr_carea' id='block_1_3' title="bbox 0 0 1473 4708">
    <p class='ocr_par' dir='ltr' id='par_1_3' title="bbox 0 0 1473 4708">
     <span class='ocr_line' id='line_1_26' title="bbox 0 0 1473 4708; baseline 0 0"><span class='ocrx_word' id='word_1_219' title='bbox 0 0 1473 4708; x_wconf 95' lang='lat' dir='ltr'> </span> 
     </span>
    </p>
   </div>
  </div>
 </body>
</html>
