2898 4712
538 373 767 438 -229-

48 584 83 638 ae,
92 553 142 628 tia
190 563 242 628 36.
276 563 427 644 Legatum
449 581 573 646 quoque
595 581 713 643 poenae
734 561 858 627 homine
883 560 1036 627 inutiliter
1060 559 1206 641 relinqui·

91 690 142 748 tur
162 682 217 749 nel
240 681 388 749 adimitur
409 685 460 749 nei
487 683 682 748 transfertur.
733 700 851 762 poenae
879 688 983 746 autem
1013 680 1136 744 nomine
1163 679 1206 742 le·

90 822 163 884 gare
189 805 315 868 uidetur
335 803 388 883 qui
410 802 570 869 coercendi
598 801 721 866 heredis
743 819 837 866 cansa
865 799 1028 882 relinquit,
1058 816 1120 879 quo
1143 817 1207 861 ma·

90 925 134 1004 gis
156 923 187 986 is
210 920 327 1002 aliquid
349 922 444 988 faciat
466 928 522 985 aut
550 940 610 986 non
644 922 746 986 faciat
799 939 868 985 cum
896 921 978 984 enim
1008 919 1113 1000 plures
1142 935 1205 980 mo·

91 1045 206 1108 rientea
240 1044 357 1122 aliquid
390 1042 429 1107 ab
457 1041 624 1107 heredibus
653 1040 720 1106 fieri
746 1041 905 1116 iuberent,
941 1045 973 1104 et
1007 1041 1091 1104 uitae
1118 1036 1203 1101 insti·
1239 1055 1256 1106 t

90 1163 224 1227 tuendae
247 1163 398 1226 rationem
420 1162 576 1240 quandam
599 1159 861 1239 praescriberent,
884 1177 977 1241 quam
1000 1176 1128 1222 seruare
1154 1157 1207 1220 de·

90 1283 213 1358 herent,
247 1281 360 1346 deinde
391 1281 541 1345 eiusmodi
573 1279 728 1345 iussiones
758 1279 888 1344 heredes
916 1279 1040 1358 impune
1069 1277 1207 1342 solerent

90 1410 293 1478 rontemnere,
316 1399 481 1486 quominus
503 1401 535 1464 id
556 1399 646 1464 fieret
661 1399 801 1464 homines
823 1398 1039 1480 prouidentes,
1062 1396 1207 1477 pecunia·

90 1522 164 1584 riam
189 1538 320 1600 poenam
343 1520 607 1604 excogitauerunt,
631 1521 721 1586 cuius
749 1523 860 1584 timore
890 1520 981 1584 heres
1007 1518 1056 1582 uel
1085 1515 1203 1581 inuitus

90 1641 204 1720 aliquid
227 1658 320 1720 agere
342 1646 514 1721 cogeretur.
558 1658 596 1703 en
619 1647 724 1704 autern
747 1636 919 1719 exemplum
941 1654 1060 1719 poenae
1083 1637 1205 1701 nomine
1225 1639 1257 1690 1⁰

90 1759 195 1840 legati:
219 1761 271 1825 ille
294 1761 368 1824 mihi
391 1761 482 1826 heres
505 1767 581 1834 esto,
605 1758 732 1822 liliam
756 1766 884 1823 autern
911 1774 1017 1820 suam
1040 1753 1143 1820 Titio
1165 1755 1203 1818 in

91 1880 383 1943 matrimonium
405 1877 580 1944 collocet
602 1879 652 1943 nel
682 1883 805 1943 contra:
835 1895 905 1941 non
936 1875 1119 1942 collocet:
1142 1875 1203 1939 ein

91 2007 216 2065 autem
255 2006 392 2065 contra
437 1997 603 2070 iecerit,
648 1995 737 2062 Seio
776 2014 915 2062 aureos
952 1997 981 2062 X
1020 1997 1093 2061 det
1152 1995 1202 2060 uel

92 2121 149 2184 ita:
171 2121 203 2184 si
230 2118 346 2185 heres
376 2137 483 2185 mens
505 2117 687 2183 Stichum
718 2135 877 2182 seruum
908 2133 1025 2181 mcum
1053 2117 1205 2182 aliena·

93 2242 197 2306 uerit
221 2245 284 2326 (uel
307 2249 414 2308 contra
436 2262 506 2307 non
530 2240 797 2322 alienanerit),
820 2239 925 2305 Titio
948 2239 1078 2304 decern
1107 2237 1204 2300 aoli-
1224 2243 1254 2295 to

96 2361 160 2426 dos
181 2362 284 2427 dato.
312 2381 372 2426 non
396 2363 479 2428 ualet
502 2363 637 2444 legatum
661 2382 698 2428 ex
720 2361 843 2426 duabus
858 2361 974 2425 causis:
990 2359 1122 2440 primurn
1138 2355 1205 2438 qui·

95 2480 161 2544 donn
185 2480 260 2561 quia
287 2499 348 2544 non
382 2480 558 2546 admittitur
587 2483 654 2546 iure
687 2482 823 2562 legatum
857 2481 940 2562 qnod
973 2498 1010 2544 ex
1044 2478 1204 2542 uoluntate

95 2601 221 2680 pendeat
268 2600 414 2676 heredis,
463 2600 521 2666 hoc
567 2619 642 2666 uero
690 2619 765 2666 casu
806 2599 838 2664 in
881 2618 939 2663 suo
981 2598 1111 2662 arbitrio
1156 2605 1205 2661 est

95 2725 194 2784 utrum
216 2716 331 2785 debeat
352 2738 409 2785 nec
431 2737 469 2783 ne
492 2721 576 2802 (narn
599 2720 625 2783 si
654 2721 815 2784 testatoris
841 2719 1034 2783 uoluntatem
1058 2729 1206 2780 seruaue-

96 2839 145 2914 rit,
164 2837 239 2903 nihil
261 2839 372 2916 soluet,
395 2841 421 2903 si
444 2859 521 2904 uero
550 2858 609 2904 non
633 2838 910 2920 optemperauerit,
940 2833 1091 2916 legatario
1121 2841 1205 2899 tene·
1221 2845 1256 2896 ec

97 2957 201 3039 bitnr):
229 2959 340 3024 deinde
369 2960 442 3042 quia
471 2961 574 3040 legata
600 2979 637 3023 ex
671 2956 883 3022 beniuolentia
909 2961 1003 3038 etque
1033 2953 1205 3019 adiectione

97 3096 169 3158 erga
187 3078 370 3160 legatarium
387 3085 460 3144 sunt
476 3078 686 3160 relinquenda,
708 3097 770 3142 non
793 3096 868 3142 uero
891 3077 921 3140 in
944 3075 1048 3138 odium
1072 3073 1204 3137 heredis.

96 3197 126 3259 in
147 3205 263 3262 tantum
285 3204 390 3262 autem
413 3197 564 3262 eiusmodi
586 3197 694 3278 regula
715 3213 795 3276 quae
809 3196 854 3261 ait
868 3194 991 3260 inutilis
1013 3212 1081 3261 esse
1103 3194 1206 3273 legata

98 3333 209 3394 poenae
236 3317 361 3383 nomine
389 3315 500 3382 relicte
526 3315 624 3392 nalet,
657 3324 692 3381 nt
722 3316 838 3380 multae
867 3332 991 3398 quoque
1019 3312 1205 3396 principales

99 3433 327 3501 constitutiones
348 3441 464 3508 extant,
486 3437 598 3516 quibus
614 3433 806 3516 significatui
828 3455 866 3499 ne
889 3433 1057 3515 principem
1081 3430 1205 3514 quidem
1223 3443 1256 3493 nt
