3092 4702
576 357 785 422 ..30-

140 545 309 612 soluendum
331 564 412 627 qnae
433 545 653 628 relinquantur
674 545 756 610 bona
777 543 946 612 sufficiunt
992 563 1064 612 eone
1090 544 1171 610 eninr
1194 541 1244 608 lrio

139 666 207 731 adeo
227 683 370 748 magnam
392 665 452 732 sibi
475 665 683 732 substantiam
704 665 822 731 hebere
844 664 1029 744 uidebatur,
1060 672 1097 730 ut
1122 669 1156 730 et
1181 681 1244 730 ore·

139 783 278 850 litoribus
300 793 407 867 posset
427 783 618 862 satisfacere,
642 791 674 850 et
689 783 991 850 beniuolentissimos
1013 801 1123 850 seruos
1138 800 1245 848 manu-

138 906 258 982 mittere,
281 911 314 969 et
335 903 459 969 omniuo
480 903 617 970 ostendit
638 903 699 970 sibi
715 921 848 986 nequam
871 903 1032 970 consilium
1053 921 1114 968 non
1136 901 1243 968 fuisse.

137 1029 257 1091 euentus
278 1030 384 1090 autem
405 1025 465 1090 luit
485 1024 649 1105 pessimus,
672 1026 828 1104 quianon
850 1024 942 1090 sicuti
964 1025 1106 1106 putauit,
1128 1039 1242 1089 reuera
1277 1025 1295 1078 ὁ

136 1144 224 1209 maior
244 1162 319 1210 aere
344 1143 445 1208 alieno
467 1145 533 1210 eius
555 1150 625 1210 erat
653 1143 838 1209 substantia
883 1141 1042 1209 interdum
1067 1143 1148 1208 euim
1171 1157 1241 1224 pro·

136 1269 197 1344 pter
222 1262 434 1344 ignorantiam
462 1261 595 1346 emplius
632 1262 672 1329 de
700 1263 816 1329 nostris
837 1261 1040 1329 meditatibus
1072 1277 1243 1344 speremus,

136 1401 217 1465 quam
238 1384 270 1448 iu
294 1383 343 1449 his
364 1401 475 1465 reapse
497 1389 555 1450 est
593 1384 699 1466 itaque
720 1383 807 1450 breul
831 1382 997 1450 dicendum
1020 1389 1069 1448 est
1091 1389 1165 1447 tuno
1189 1381 1244 1444 im-

135 1501 224 1582 peliri
244 1501 441 1581 libertatem,
470 1519 541 1569 oum
570 1511 603 1569 et
627 1503 708 1569 malo
735 1503 864 1568 oonsilio
889 1519 999 1567 seruos
1027 1502 1243 1568 manumittam

102 1625 121 1672 ⁴·
136 1629 162 1687 et
182 1623 380 1689 manumissio
402 1621 508 1688 laerlat
534 1623 715 1689 creditores.
765 1625 797 1686 4.
831 1619 984 1686 Nouimus
1011 1641 1049 1686 ex
1075 1619 1243 1702 superiori·
1264 1629 1296 1681 ro

137 1743 186 1806 bns
205 1739 305 1822 legem
330 1742 449 1809 Aeliam
472 1739 609 1808 Sentium
632 1741 891 1808 manumissiones
914 1741 1080 1824 impedire,
1108 1741 1243 1822 quaein

135 1859 264 1927 fraudem
291 1863 483 1928 creditorum
512 1859 606 1934 fiant,
636 1863 797 1927 eonsilium
826 1861 1060 1927 manumissoris
1090 1859 1162 1927 odio
1187 1859 1244 1926 lia·

135 1980 257 2060 iontem,
279 1982 336 2064 qui
363 1979 435 2046 aliia
463 1983 610 2048 damnum
634 1982 789 2047 moliatur.
827 1982 936 2048 eadem
958 1982 1009 2046 lex
1030 1981 1245 2047 manumissio·

135 2117 182 2164 nes
201 2100 341 2182 impedit,
363 2117 444 2181 quae
466 2120 485 2166 a
506 2102 678 2167 minoribus
701 2101 759 2166 XX
781 2099 872 2167 annia
892 2107 1106 2183 praestentur,
1129 2120 1190 2166 non
1212 2102 1245 2165 in

134 2217 227 2284 odium
254 2220 437 2297 cniusdam,
466 2227 516 2286 set
541 2219 650 2287 lanore
677 2221 782 2302 potius
818 2219 1113 2285 manumittendum.
1169 2219 1245 2286 soie-
1264 2217 1296 2270 ¹⁶

135 2337 181 2405 bat
206 2342 288 2407 enim
320 2341 472 2407 eiusmodi
506 2342 619 2408 aetatis
650 2341 790 2408 homines
818 2337 909 2408 laoile
935 2341 1035 2424 decipi
1067 2356 1246 2405 seruorum·

136 2479 186 2542 que
222 2478 355 2527 anorum
398 2461 516 2542 captari
560 2461 780 2528 blandimentis
822 2468 854 2527 et
892 2461 938 2526 ita
975 2477 1049 2526 suas
1089 2461 1245 2526 minutere

136 2577 299 2647 mutares.
346 2580 378 2646 id
400 2580 497 2663 igitur
517 2599 589 2646 oum
615 2588 737 2660 nosset,
766 2598 874 2647 eornm
904 2578 1026 2646 insidiis
1052 2597 1127 2646 snas
1150 2597 1245 2662 oppo-

135 2699 190 2763 suit
209 2702 397 2766 mactiones.
442 2708 475 2767 et
496 2719 568 2766 cnm
595 2701 806 2783 prohibuisset
834 2701 875 2767 ab
904 2699 952 2766 his
981 2717 1108 2766 seruum
1137 2718 1245 2765 mauu·

135 2818 214 2893 mitti,
235 2819 382 2902 permisit
402 2818 580 2886 libertatem
603 2818 672 2884 dari
694 2819 780 2886 insta
800 2837 897 2886 causo
917 2819 1002 2900 apud
1024 2817 1243 2901 magistratum
1261 2816 1296 2868 2⁰

135 2935 163 3002 in
187 2938 313 3005 oonsilio
342 2939 525 3020 adprobata
575 2937 777 3022 dispiciamus
806 2945 911 3006 autem
938 2941 1072 3022 primum
1100 2938 1175 3020 quid
1203 2939 1246 3003 sit

135 3059 296 3133 consilium,
308 3066 342 3126 et
353 3059 397 3125 ita
408 3060 533 3128 demum
548 3061 648 3126 instas
664 3078 775 3126 musas
790 3078 987 3143 exponemus.
1011 3057 1184 3126 Consilium
1194 3066 1246 3124 est

135 3177 286 3264 onimium
314 3181 510 3262 quorundam
538 3179 677 3247 uirorum
704 3187 791 3246 certo
817 3179 892 3246 anni
925 3187 1065 3262 tempore
1093 3178 1244 3246 constitu·

136 3305 202 3362 tum.
243 3299 422 3366 habebatur
443 3305 548 3366 autam
575 3298 608 3365 id
634 3300 797 3368 eonsilium
822 3271 886 3365 non
913 3299 1005 3365 modo
1033 3299 1167 3376 Romae,
1197 3305 1246 3364 set

137 3419 219 3483 eliam
239 3421 273 3485 in
300 3419 479 3502 pmuinoiis
529 3421 735 3488 conueniebat
760 3427 865 3487 autem
894 3421 1036 3504 tempore
1062 3425 1243 3485 conuentus
1262 3425 1296 3478 as

138 3541 164 3600 et
182 3537 254 3622 quid
281 3545 331 3604 est
358 3537 556 3604 conuentus?
584 3545 703 3605 certum
733 3545 855 3623 tempus
883 3540 925 3608 ed
951 3540 1023 3607 lites
1053 3539 1244 3606 dirimendas

138 3657 341 3723 comtitutum.
365 3658 495 3724 Romani
517 3657 600 3724 enim
626 3675 696 3726 cum
726 3663 827 3724 totum
854 3657 919 3725 lere
941 3677 1056 3725 annum
1078 3657 1169 3726 bellis
1192 3679 1246 3743 ge·

138 3777 231 3844 randis
263 3783 417 3854 tererent,
449 3784 535 3846 certo
568 3781 703 3866 quodam
732 3785 886 3862 tempore,
919 3779 1021 3846 hieme
1048 3787 1080 3846 et
1105 3780 1245 3848 hibernis
