2864 4736
550 361 790 425 -429-

113 539 237 603 domum
251 537 361 602 DOOO
377 557 543 602 aureorum
560 537 729 620 acceperit,
751 535 776 600 Ο
792 555 904 601 aureos
921 535 1046 600 soluere
1062 541 1097 600 ut
1112 535 1231 599 habeat

62 672 241 744 ttuterque
265 683 378 728 aureos
401 681 573 744 nongenos.
619 665 671 728 21.
694 661 803 726 Tertia
827 661 984 725 actionum
1012 659 1127 724 diuisio
1151 660 1230 724 haec

111 791 167 852 est.
214 806 322 851 omnes
351 786 492 851 actiones
519 787 572 850 uel
599 786 632 850 in
660 785 806 868 simplum
834 785 886 850 uel
908 785 942 849 in
970 783 1099 866 duplum
1122 784 1176 848 uel
1199 783 1231 848 in

111 911 239 994 triplum
261 912 313 975 uel
337 911 370 975 in
393 911 600 995 quadruplum
619 917 792 994 conceptae
815 917 900 993 sunt;
925 911 1008 974 ultra
1024 914 1132 974 autem
1156 927 1231 988 qua-

61 1035 257 1119 nadruplum
279 1035 436 1101 actionem
460 1035 578 1102 nullam
601 1036 743 1100 inuenire
767 1040 823 1100 est.
865 1035 973 1102 aaut
996 1035 1032 1098 in
1056 1033 1231 1116 simplum
1269 1045 1284 1096 5

111 1159 405 1224 condemnationem
421 1159 518 1224 habet
534 1159 616 1224 actio
634 1179 673 1224 ex
689 1159 849 1242 stipulatu,
874 1179 914 1224 ex
928 1165 1046 1240 mutuo,
1071 1163 1231 1240 exempto

110 1283 251 1366 uendite,
275 1283 372 1348 locati
396 1283 556 1366 conducti,
585 1283 726 1348 mandati
754 1289 785 1348 et
812 1283 896 1348 aliae
924 1284 1060 1364 denique
1091 1283 1232 1347 actiones

58 1418 151 1473 taex
176 1407 387 1491 compluribus
412 1407 516 1472 causis
541 1415 637 1473 ortae.
684 1411 736 1474 23.
759 1408 800 1472 lu
823 1406 973 1491 duplum
1001 1413 1107 1472 autem
1133 1406 1234 1471 ueluti

109 1532 187 1596 furti
209 1552 267 1598 nec
291 1532 459 1614 manifesti,
483 1539 515 1597 et
536 1533 618 1616 legis
641 1533 780 1614 aquiliae
804 1551 844 1596 ex
861 1531 1056 1612 infitiatione,
1083 1536 1115 1596 et
1137 1531 1231 1595 inter-

110 1657 186 1721 dum
210 1656 361 1742 depositi,
391 1656 512 1722 scilicet
539 1677 608 1722 curn
633 1658 782 1723 tumultus
806 1656 983 1722 incendiiue
1012 1676 1110 1721 causa
1136 1655 1287 1739 depo-10

110 1783 206 1847 situm
229 1801 293 1846 non
314 1781 464 1847 redditur.
502 1783 576 1847 item
600 1783 684 1846 serui
700 1782 845 1866 corrupti,
870 1801 951 1864 quae
975 1780 1058 1845 actio
1083 1780 1233 1863 competit

108 1907 142 1970 in
172 1926 259 1988 eum,
295 1907 349 1988 qui
376 1905 518 1972 hortatus
546 1912 594 1971 est
621 1911 675 1970 aut
706 1905 865 1990 persuasit
896 1925 1021 1971 seruum
1048 1925 1162 1986 meum,
1198 1910 1233 1969 ut

109 2031 246 2114 fugeret,
271 2038 325 2095 aut
341 2038 508 2095 contumax
531 2031 683 2095 aduersus
699 2030 857 2094 dominum
880 2029 976 2112 fieret,
1000 2036 1055 2094 aut
1070 2029 1232 2094 luxuriose

108 2155 223 2219 uiuere
246 2154 411 2236 inciperet,
441 2159 495 2218 aut
518 2152 653 2236 denique
678 2154 818 2235 quolibet
841 2153 933 2218 modo
962 2152 1134 2219 deteriores
1166 2155 1233 2218 eius

110 2299 217 2344 mores
241 2278 448 2343 efficerentur.
482 2279 514 2342 in
538 2299 600 2361 qua
616 2279 701 2343 serui
716 2278 853 2362 corrupti
869 2277 993 2343 actione
1010 2273 1105 2343 etiam
1123 2297 1232 2342 earum
1252 2287 1285 2339 15

109 2421 233 2484 rerum,
268 2422 347 2483 quas
380 2421 490 2467 seruus
526 2402 670 2484 abstulit,
707 2402 883 2467 aestimatio
920 2400 1091 2467 deducitur.
1146 2402 1234 2485 dupli

109 2526 418 2610 condemnationem,
442 2526 488 2590 uti
504 2526 620 2591 dictum
636 2533 693 2610 est,
718 2527 800 2592 actio
818 2545 941 2608 quoqne
957 2527 1053 2591 habet
1070 2546 1110 2591 ex
1125 2527 1233 2610 legato

108 2651 227 2715 fideiue
251 2650 417 2716 commisso
441 2650 676 2716 uenerabilibus
700 2651 778 2717 locis
802 2650 926 2732 relicto,
950 2651 1035 2731 quod
1058 2671 1123 2716 non
1147 2657 1234 2716 ante-

53 2784 210 2857 24.quam
234 2782 283 2840 est
305 2775 450 2857 solutum,
475 2795 568 2856 quam
592 2776 624 2840 in
647 2776 696 2840 ius
719 2776 823 2840 iretur.
863 2778 914 2842 24.
930 2775 1055 2858 Tripli
1079 2782 1186 2840 autem
1202 2776 1234 2840 in

107 2899 269 2964 eiusmodi
285 2919 362 2964 casu
377 2898 596 2964 condemnatio
616 2899 657 2963 fit.
696 2899 876 2964 constitutio
893 2905 941 2964 est
955 2899 1107 2983 principis
1124 2899 1233 2982 nostri,
1252 2908 1288 2961 20

107 3043 197 3105 quae
221 3023 322 3088 litium
338 3025 557 3089 executoribus
573 3024 783 3109 sportularum
798 3023 924 3088 nomine
941 3031 1060 3089 certam
1080 3045 1234 3088 summam

107 3149 192 3214 dare
216 3149 307 3214 iussit
329 3149 417 3214 iuxta
433 3149 637 3230 quantitatem
661 3148 693 3212 in
709 3149 817 3214 libello
835 3149 1052 3214 conuentionis
1073 3149 1233 3212 insertam.

109 3281 147 3339 nt
173 3293 258 3355 ecce,
282 3273 372 3338 uerbi
395 3273 509 3356 gratia,
534 3273 695 3338 constituit
717 3280 750 3337 ut
774 3273 816 3336 ad
839 3272 979 3353 Ouaque
1003 3292 1116 3337 aureos
1144 3270 1233 3336 dimi-

108 3397 200 3462 dium
225 3397 313 3462 aurei
336 3397 477 3462 daretur:
506 3399 534 3462 si
556 3397 658 3462 maior
680 3402 764 3462 esset
792 3417 927 3478 summa,
957 3416 1038 3478 quae
1061 3401 1232 3479 peteretur,

110 3522 285 3606 ampliores
309 3542 433 3604 quoque
450 3529 554 3588 essent
570 3522 738 3606 sportulae.
774 3541 844 3586 oum
860 3521 955 3604 igitur
970 3539 1030 3602 ego
1047 3519 1232 3584 aduersario
1253 3529 1286 3581 25

107 3665 186 3710 meo
214 3665 328 3712 nocere
356 3647 484 3728 uellem,
519 3665 651 3727 eumque
687 3645 833 3731 ampliori
868 3643 1078 3727 sportularum
1113 3644 1234 3708 dationi
