2960 4704
694 333 903 399 ..23-

241 523 299 607 μὲν
321 518 427 610 ἐπειδὴ
450 521 504 586 ἕνα
525 523 575 585 καῖ
595 519 691 606 μόνον
714 521 825 588 καλοῦ
849 521 1027 607 περαιτέρω
1056 519 1155 594 ἔξεστι
1184 523 1230 607 τῷ
1251 519 1355 606 ἀπόρῳ

242 626 377 712 γράφειν
398 625 598 712 κληρονόμον.
627 671 630 676 -
641 625 733 714 μέχρι
754 627 816 710 γὰρ
845 627 915 699 ἑνδς
941 625 996 710 τὴν
1023 625 1136 688 οίκείαν
1166 624 1356 711 παραχαράτ-

244 752 287 792 τει
310 728 505 813 νομοθεσίαν·
527 729 722 796 οθυθεεάτίοε
744 729 780 792 δὲ
802 728 912 815 ἐπειδὴ
935 729 984 792 καῖ
1009 727 1053 814 μὴ
1074 725 1268 810 βουλόμενος
1289 726 1357 808 γίνε·

243 855 291 896 ται
314 832 525 917 κληρονόμος·
558 831 677 916 ἐγίνετο
700 833 736 897 δὲ
759 830 851 907 οὗτος
874 831 1077 917 κληρονόμος,
1100 829 1211 916 ἑτέρου
1230 830 1274 916 μὴ
1296 831 1357 916 κλη-

208 938 453 1019 5ρονομοῦντος
474 934 536 1000 ἀπὸ
559 935 711 1024 διαθήκης
732 933 752 1022 ἢ
780 935 832 999 διά
853 937 889 999 πδ
910 933 1018 1018 ἕτερον
1039 935 1082 1020 μὴ
1112 929 1357 1016 γεγράφθαιῑ)ἢ

242 1035 391 1124 έπειδὴό
418 1036 634 1123 γεγραμμένος
662 1036 719 1102 ούκ
746 1037 900 1125 ηβούλετο
936 1039 1173 1123 κληρονομῆσαι.
1218 1033 1358 1121 μεγίστης

242 1141 303 1224 γὰρ
330 1139 368 1228 ἢν
398 1143 488 1206 τοῦτο
516 1139 713 1227 προμηθείας
740 1147 796 1206 τοῦ
825 1137 972 1222 νόμουί),
1002 1131 1085 1214 ὥςτε
1113 1136 1186 1212 τοὺς
1213 1134 1357 1222 ἀπόρους,

241 1241 287 1306 ὧν
303 1243 430 1318 ἕκαστος
445 1248 613 1330 παρητεῖτο
637 1243 690 1331 την
714 1242 932 1330 κληρονομίαν,
955 1239 1014 1307 ῦπδ
1037 1239 1155 1304 οίκέτου
1177 1237 1274 1304 αύτοῦ
1296 1238 1358 1325 κλη-

238 1345 455 1431 ρονομεῖσθαι,
478 1346 514 1423 δς
536 1345 650 1434 ἤμελλε
679 1348 712 1409 τδ
742 1346 843 1408 ίκανῦν
873 1347 936 1420 τοῖς
944 1343 969 1426 ³)
998 1339 1166 1418 οτβδίίοτεὶ
1191 1343 1288 1405 ποιεῖν
1316 1343 1360 1405 καλ

194 1461 226 1513 10
242 1450 278 1512 τδ
295 1449 395 1538 χρέος
416 1447 522 1524 αύτοῖς
544 1448 756 1534 ἀποπληροῦν.
781 1447 800 1534 ἢ
825 1447 934 1510 τούτου
954 1448 997 1532 μη
1021 1442 1191 1528 γινομένου,
1213 1443 1252 1506 τά
1267 1445 1358 1528 πράγ-

238 1575 323 1636 ματα
341 1551 612 1637 διεπιπράσκετοί)
635 1550 737 1616 ούκέτι
760 1549 814 1616 τοῦ
831 1549 1071 1635 τελευτησαντος
1093 1545 1169 1608 ἀλλά
1183 1548 1240 1611 τοῦ
1254 1547 1359 1632 κληρο-

241 1654 337 1739 νόμου
353 1656 402 1718 καὶ
416 1653 562 1720 ἐντεῦθεν
577 1677 613 1720 το
630 1654 819 1738 ἀνύβριστον
842 1651 1058 1738 τελευτήσαντι
1083 1647 1281 1732 περιεγίνετο.
1316 1651 1360 1712 καί

240 1757 389 1842 ἑκάτερος
411 1756 608 1844 εύηργετεῖτο
630 1759 720 1822 καλό
749 1755 937 1844 τελευτήσας
956 1753 1007 1817 καῖ
1035 1753 1052 1813 δ
1075 1749 1301 1835 ἀπελεύθερος.
1342 1753 1358 1815 ό

239 1861 301 1945 γὰρ
323 1859 443 1944 ἀπορος
465 1860 494 1924 ελ
511 1863 561 1924 καῖ
582 1861 626 1934 είς
648 1861 701 1946 τὴν
722 1863 780 1925 τοῦ
801 1859 919 1922 οίκέτου
940 1856 1110 1942 διατίμησιν
1125 1855 1286 1943 ἠλάττωσε
1309 1857 1359 1943 τὴν

191 1974 222 2025 15
240 1960 353 2025 ολκείαν
376 1962 565 2047 περιουσίαν,
588 1961 658 2026 ἀλλ’
682 1960 735 2026 οῦν
759 1961 850 2047 ύβριν
879 1959 1036 2044 διέφυγεν.
1084 1960 1102 2022 ό
1130 1958 1167 2023 δὲ
1193 1957 1315 2044 ολκέτης
1334 1957 1359 2020 ελ

243 2065 292 2130 καί
314 2052 465 2152 ὑβρίσθη,
495 2065 574 2129 ἀλλὰ
593 2064 708 2150 μισθὸν
736 2063 810 2151 ἔαγε
840 2068 895 2151 τῆς
926 2061 1054 2148 ῦβρεως
1081 2062 1134 2148 τὴν
1163 2057 1358 2144 ἐλευθερίαν.

238 2169 268 2232 2.
299 2168 336 2232 EI
356 2171 404 2232 καῖ
427 2167 495 2256 δίχα
517 2167 701 2254 ἐλευθερίας
722 2168 740 2230 ό
759 2166 879 2252 οἰκέτης
900 2163 1027 2250 ἐγράφη
1049 2162 1251 2249 κληρονόμος,
1275 2159 1393 2227 ε’λεύ-κ.

176 2321 181 2331 ,
239 2269 338 2358 θερος
360 2270 489 2352 ε’γίνετο,
510 2273 602 2336 τοῦτο
626 2269 800 2342 διατάξεως
821 2270 879 2333 τοῦ
901 2265 1056 2354 ἡμετέρου
1078 2264 1235 2348 βασιλέως
1257 2264 1360 2330 κελευ-

239 2373 339 2460 ούσης
359 2371 497 2454 γενικῶς,
520 2373 582 2436 εἴτε
604 2373 733 2456 ἄπορος,
757 2370 818 2436 ε’ίτε
841 2370 986 2447 πλούσιος
1007 2369 1045 2458 ἦν
1060 2372 1078 2433 ό
1095 2369 1286 2455 τελευτήσας
1300 2395 1359 2434 και-

188 2485 223 2536 20
243 2475 362 2561 νοτέριρ
385 2473 621 2560 φιλανθρωπίας
638 2475 843 2563 χρησαμένης
865 2475 1020 2560 λογισμῷ·
1042 2464 1122 2550 ιῦςτε
1137 2469 1177 2545 ἐξ
1194 2475 1294 2561 αὐτῆς
1305 2474 1359 2556 μό·

240 2598 294 2664 νης
326 2582 383 2664 τῆς
411 2573 592 2654 ἐνστάοεως
620 2581 673 2643 τὸν
703 2578 821 2665 ολκέτην
850 2573 1114 2663 ἐλευθερούσθω·
1140 2572 1176 2642 ού
1196 2579 1258 2660 γάρ
1291 2574 1359 2642 ἐστι

239 2679 369 2745 πιθανὸν
388 2682 432 2767 μὴ
460 2680 633 2764 βούλεσθαι
661 2684 712 2745 τὸν
741 2681 893 2768 δεσπότην
922 2676 1095 2764 ἐλεύθερον
1124 2679 1201 2745 εῖναι
1228 2677 1357 2757 ἐκεῖνον,

237 2783 274 2847 δν
296 2785 401 2869 ἑαυτῷ
424 2784 569 2872 διάδοχον
591 2781 790 2851 ἐσπούδασεν
814 2785 899 2865 είναι,
923 2783 1002 2850 ἀλλά
1029 2787 1132 2870 μένειν
1159 2781 1198 2850 ἓν
1228 2787 1360 2873 τῇδου·

237 2887 316 2974 λείᾳ,
336 2887 457 2974 μηδένα
472 2889 508 2953 δὲ
525 2895 579 2978 τῆς
594 2885 692 2955 αὐτοῦ
707 2889 908 2976 κληρονομεῖν
930 2885 1086 2972 οῦσίαςί).
1109 2889 1139 2954 3.
1155 2887 1194 2953 In
1209 2887 1358 2957 fraudem
1373 2898 1394 2952 ἃ

185 3011 220 3063 25
238 2990 274 3054 δὲ
289 2989 484 3056 creditorum
492 2993 517 3074 ⁶)
533 3013 577 3067 τις
601 2995 667 3067 τοῖς
685 2988 879 3078 ἐλευθεροῦν
902 2993 996 3072 δοκεῖ,
1023 2989 1190 3073 ἀναγκαῖον
1218 2994 1360 3082 ζητῆσαι.

235 3095 285 3156 καὶ
307 3095 335 3158 σί
354 3093 413 3178 μὲν
435 3091 542 3178 ἔλεγον
564 3093 681 3160 ἐκεῖνον
703 3094 736 3159 in
764 3094 910 3161 fraudem
937 3094 1129 3162 creditorum
1163 3091 1360 3178 ἐλευθεροῦν

237 3197 290 3260 τὸν
312 3197 436 3262 πλείονα
458 3195 666 3284 ἑποφείλοντα
687 3196 732 3262 ὦν
753 3198 905 3285 κέκτηται.
949 3200 978 3264 οί
999 3198 1035 3262 δὲ
1062 3193 1181 3264 ἐκεῖνον
1209 3195 1239 3285 ᾦ
1258 3197 1360 3285 μηδὲν

237 3300 489 3385 περιλιμπάνεται
516 3302 596 3392 μετὰ
628 3303 681 3388 τὴν
711 3303 773 3366 τιῦν
796 3303 903 3388 χρεῶν
932 3295 1091 3385 ἐξαίρεσιν
1099 3302 1145 3383 ⁷),
1179 3299 1216 3366 ού
1247 3303 1267 3388 η
1300 3301 1360 3386 μὲν

235 3401 403 3480 ὑπόστασις
429 3405 449 3492 η
473 3407 619 3489 παροῦσα
642 3403 872 3493 ἀποπληρῶσαι
895 3405 967 3480 τοὺς
982 3403 1190 3488 οτθδίίοτοεί)
1212 3401 1359 3490 ἐξαρκεῖ,

183 3521 220 3576 ³0
235 3515 289 3593 τῆς
311 3506 347 3569 δὲ
368 3502 554 3592 ἐλευθερίας
576 3508 749 3596 διδομένης,
774 3507 939 3594 συμβαίνει
961 3509 1035 3582 τοὺς
1056 3507 1221 3584 δανειστὰς
1242 3504 1359 3572 ἀδικεῖ·

237 3608 311 3672 σθαι
334 3609 434 3695 τούτῳ
462 3609 509 3696 τῷ
540 3609 649 3697 τρόπῳ
678 3609 888 3698 παυομένηςί)
917 3609 1018 3678 αὐτοῦ
1046 3607 1103 3696 τῆς
1129 3609 1359 3694 περιουσίαςῑθ)

304 3780 326 3848 ¹)
343 3781 381 3850 μὴ
398 3797 477 3850 γεγρ.
495 3778 532 3833 έτ.
552 3779 584 3835 R.
705 3779 730 3840 ί)
747 3784 830 3834 τοῦτο
847 3780 903 3849 γάρ
921 3783 971 3832 τοῦ
994 3780 1080 3844 νόμου
1100 3781 1209 3850 [μέρος]
1227 3777 1260 3850 ἦν
1281 3779 1359 3847 μεγί-

235 3881 303 3934 στης
321 3867 490 3937 προμηθείας
507 3867 551 3921 uel
568 3867 684 3936 μεγίστη
702 3867 732 3919 δέ
750 3868 767 3937 ἡ
790 3867 890 3920 τούτου
913 3867 1072 3938 προμήθεια
1088 3869 1136 3922 τοῦ
1159 3867 1242 3930 νόμου
1261 3863 1296 3934 ej.
1316 3863 1358 3927 R.

235 3950 283 4020 qui
299 3950 405 4019 ingenio
423 3968 472 4007 εοο
489 3967 598 4021 prorsus
616 3952 746 4022 indulget.
866 3954 889 4020 ³)
907 3952 933 4006 δ
951 3952 1001 4008 12².
1120 3954 1144 4020 ⁴)
1162 3951 1358 4020 διεπιπράσκε-

234 4053 282 4090 ται
298 4043 361 4092 εοίο
379 4037 411 4095 F.
516 4040 540 4102 ⁵)
557 4037 724 4108 κληρονόμον
743 4036 813 4091 εἶναι
831 4039 990 4107 περιουσίας
1007 4037 1041 4092 R.
1147 4038 1171 4105 6)
1189 4037 1228 4098 είς
1244 4035 1358 4106 βλάβην
1454 4063 1455 4082 ι

235 4124 293 4175 τῶν
313 4124 464 4175 δανειστῶν
483 4122 533 4176 L2.
552 4122 629 4177 infr.
647 4137 684 4176 cr.
702 4122 735 4177 R.
844 4124 867 4191 ί)
885 4122 956 4182 ὑπεξ
970 4124 1001 4179 Ρ.
1018 4123 1052 4180 Β.
1152 4123 1177 4191 ⁸)
1193 4125 1249 4183 τοῖς
1264 4121 1357 4191 κραδί·
1454 4167 1455 4186 ,

234 4223 331 4275 τορκο
349 4206 379 4261 P.
481 4207 680 4278 δικαιουμένου
697 4208 728 4264 F·
831 4211 867 4277 ¹⁰)
886 4209 929 4262 καί
946 4210 1102 4280 παυομένας
1118 4208 1150 4264 F·
