2960 4704
285 1201 447 1313 Incipit
477 1229 574 1286 cum
608 1203 700 1287 Deo
731 1202 950 1288 Institutio
984 1202 1014 1288 I.

365 1571 412 1637 De
434 1571 555 1637 iustitie
578 1577 610 1636 et
630 1571 710 1638 iure.
756 1571 881 1639 Titulus
906 1575 934 1638 1.

99 1717 233 1790 lnuuce
255 1721 406 1790 definitio.
450 1723 573 1791 iustitis
594 1731 644 1791 est
664 1733 812 1792 constans
835 1745 872 1793 ac
893 1735 1046 1810 perpetue
1067 1727 1214 1794 uoluntas

189 1845 239 1909 ius
262 1862 354 1909 suum
377 1843 491 1925 cuique
512 1842 683 1911 tribuendi.
726 1845 859 1911 scientie
885 1851 991 1912 eutem
1019 1847 1097 1912 iuris
1126 1845 1214 1914 notio

189 1967 239 2028 est
266 1935 444 2028 diuinarum
472 1962 743 2046 humanarumque
777 1983 900 2043 rerum,
933 1965 1008 2030 iusti
1036 1971 1069 2032 et
1095 1965 1213 2030 iniusti.

190 2100 261 2148 cum
284 2081 424 2147 iustitiae
446 2080 658 2148 definitionem
681 2083 895 2160 didicerimus,
919 2083 958 2149 de
979 2083 1051 2149 iure
1072 2083 1215 2164 dispiciu-

190 2221 270 2268 mus.
309 2202 623 2285 sesquitertius?
650 2204 682 2269 id
704 2225 742 2272 ex
765 2203 945 2270 rhetoribus
968 2211 1001 2271 ct
1022 2204 1214 2286 philosophis
1248 2227 1265 2278 5

188 2323 285 2390 simul
305 2331 402 2408 etque
421 2325 501 2391 iuris
522 2327 673 2392 consultis
699 2325 732 2391 in
759 2327 916 2408 prooemio
945 2323 1136 2406 digestorum
1160 2343 1214 2391 no·

189 2444 291 2520 ueris;
319 2444 394 2512 sudi
423 2465 506 2512 nuuc
534 2454 640 2512 autem
666 2464 820 2528 quaenam
848 2447 948 2530 possit
976 2447 1055 2512 iuris
1083 2447 1214 2513 scientis

189 2565 226 2629 iis
248 2563 304 2647 qui
326 2566 358 2630 in
382 2583 420 2632 en
441 2584 568 2648 operam
596 2567 784 2632 nnueueriut
811 2566 963 2633 conferre.
1007 2567 1083 2632 iuris
1113 2564 1213 2632 scien·

188 2683 233 2748 tia
259 2690 308 2749 est
329 2684 416 2749 notio
439 2683 616 2750 diuinorum
638 2684 910 2768 humanarumque
930 2703 1046 2763 rerum,
1069 2685 1144 2750 iusti
1166 2691 1214 2750 ut·

189 2821 250 2884 que
264 2802 376 2868 iniusti
397 2801 584 2870 intellectus.
612 2802 668 2884 qui
690 2805 772 2869 enim
793 2801 880 2886 leges
900 2804 999 2886 probe
1020 2803 1110 2869 nouit
1131 2805 1211 2887 pius·
1233 2810 1266 2860 1⁰

189 2937 251 3002 que
273 2921 367 2986 callet
388 2921 628 2987 constitutiones
650 2922 710 2988 scit
731 2921 824 2986 deum
847 2939 917 2988 esec
932 2923 1105 3002 colendum,
1128 2941 1214 2988 eum·

189 3056 251 3121 quc
272 3039 408 3106 honoret
430 3087 566 3105 .....

97 3207 175 3276 Scire
194 3216 300 3276 eutem
323 3209 417 3277 debet
437 3209 513 3292 quid
536 3210 579 3276 sit
600 3211 728 3291 iustum,
750 3211 828 3294 quid
841 3211 1001 3288 iniustum,
1024 3227 1141 3294 eosque
1158 3209 1213 3277 ho

189 3349 301 3398 norme
322 3332 375 3412 qui
397 3331 514 3398 iustum
530 3331 761 3414 amplectentur
776 3350 830 3398 eos
844 3350 921 3397 uero
940 3330 1110 3397 secuudum
1127 3329 1212 3412 leges

188 3451 299 3532 punire
320 3450 375 3531 qui
397 3451 514 3517 iniusto
535 3457 633 3532 egent
654 3451 704 3517 uel
727 3452 848 3517 ueteris
870 3457 1005 3534 putrent.
1232 3484 1263 3536 15

97 3599 168 3667 Cum
195 3603 347 3671 iustitiam
373 3613 406 3672 et
432 3605 482 3672 ius
509 3606 683 3688 generatim
711 3605 962 3688 cognoverimus,
990 3603 1212 3684 incipientibus

189 3724 278 3791 nobis
301 3724 421 3792 romoni
443 3725 550 3809 populi
566 3713 649 3793 'iura
676 3743 846 3809 exponere,
873 3727 919 3793 itu
947 3723 1143 3808 potissimum
1165 3721 1214 3786 ui·
