2898 4712
515 352 745 418 -228-

50 557 122 610 snex
143 539 262 606 nitere
289 542 457 609 semisse
483 540 598 612 heres
627 545 721 608 esto.
770 539 822 606 ³6.
855 539 931 606 Post
956 539 1081 606 heredis
1107 558 1188 608 nuer-
1250 554 1252 558 ’

83 666 142 725 tem
161 658 210 726 uel
231 665 303 740 post
325 665 455 726 mortem
476 658 622 742 legatarii
650 659 804 725 inutiliter
830 659 1016 742 relinquitur
1041 659 1189 740 legatum,

83 779 171 844 ueluti
192 780 220 844 si
243 781 313 862 quis
336 779 435 845 dicet:
458 798 539 845 eum
562 779 674 845 heres
697 797 802 844 meus
830 785 1004 844 mortuus
1027 781 1104 844 erlt
1123 777 1189 843 illi

84 895 104 962 0
126 895 273 964 solidos
295 897 392 980 lego.
415 917 487 964 uem
509 900 583 964 uiuo
604 899 720 964 herede
741 898 879 980 legatum
899 897 965 979 peti
987 914 1048 963 non
1070 903 1189 981 pntest3

84 1023 147 1100 post
167 1034 242 1082 nero
264 1016 333 1082 eius
355 1023 496 1096 mortem,
512 1036 557 1086 ,ne
577 1017 618 1083 nb
633 1018 700 1087 eius
715 1017 830 1084 herede
843 1017 968 1099 quidem
989 1018 1055 1100 peti
1074 1017 1192 1100 poterit
1224 1023 1242 1076 s

85 1141 201 1222 propter
225 1135 306 1204 iuris
328 1137 477 1217 reguiam,
499 1155 562 1219 qne
582 1138 664 1203 ectio
686 1155 766 1220 quse
787 1137 940 1206 aduersus
968 1155 1024 1204 nos
1052 1137 1193 1218 eoeperit

85 1257 111 1320 in
130 1255 257 1324 heredes
280 1263 403 1326 nostms
424 1275 486 1324 nen
508 1257 631 1322 transit.
659 1257 740 1322 idem
759 1263 791 1322 et
812 1257 843 1322 in
865 1255 1034 1339 legetnriis.
1069 1274 1141 1321 nem
1164 1256 1191 1321 si

87 1375 190 1441 dirum:
219 1373 350 1442 Primo
380 1394 464 1442 eum
491 1381 669 1442 mortuns
698 1377 777 1442 erit
803 1375 951 1442 solidos
974 1375 998 1442 O
1021 1374 1124 1456 lege,
1147 1375 1193 1440 in·

87 1492 154 1560 utile
175 1494 237 1560 erit
264 1493 410 1576 legatum.
459 1511 561 1575 neque
589 1495 670 1560 enim
699 1495 768 1577 ipse
794 1500 903 1577 petere
932 1500 1036 1576 potest
1064 1499 1193 1576 propter

88 1615 375 1693 reuerterentur,
404 1633 504 1700 neque
531 1614 628 1698 ipsius
662 1615 753 1706 heres
779 1621 907 1704 propter
940 1614 1017 1682 iuris
1051 1611 1191 1694 regulam
1212 1616 1244 1669 1⁰

87 1752 142 1818 que
159 1736 242 1800 setin
264 1753 285 1799 n
306 1734 393 1800 nobis
423 1752 484 1798 non
513 1740 623 1816 coeptu
648 1736 680 1800 in
707 1735 838 1800 heredes
866 1741 990 1804 uestros
1019 1753 1080 1798 non
1108 1739 1194 1804 trun·

88 1854 131 1923 sit
157 1860 205 1920 set
220 1855 246 1918 si
262 1853 392 1934 pridie
413 1869 521 1932 quern
542 1854 657 1919 heres
680 1853 731 1922 uel
752 1871 865 1934 quem
887 1851 1105 1934 legatarius
1127 1870 1194 1918 rnn

89 1973 207 2040 rietur
227 1975 365 2054 legatum
388 1973 444 2052 sit,
473 1974 582 2040 inutile
611 1973 673 2041 erit
701 1975 847 2057 legatum.
897 1973 995 2038 ueluti
1022 1973 1048 2038 si
1078 1971 1193 2037 dieunrr

90 2092 208 2173 pridie
234 2111 346 2177 quum
374 2092 492 2160 heres
520 2112 625 2160 meus
655 2092 849 2160 morietur
875 2092 929 2158 'uel
957 2090 1089 2157 Titius
1118 2108 1192 2155 mo·

90 2213 226 2292 rietur,
249 2213 353 2279 Titio
375 2212 400 2279 C
422 2213 579 2280 solidos
601 2213 697 2296 lego.
746 2231 807 2278 nou
835 2213 916 2277 enim
942 2211 1041 2294 liquet
1068 2211 1193 2292 quando
1214 2219 1245 2270 ln

92 2333 179 2412 pridie
200 2349 296 2413 quem
322 2333 393 2414 quis
420 2333 572 2399 morietur
600 2331 658 2407 sit;
685 2337 914 2416 postmortem
942 2349 1018 2396 uero
1046 2328 1196 2416 praeteri·

91 2459 148 2516 tun
168 2459 293 2534 tempus
321 2451 522 2535 respicientes
549 2451 680 2519 dicimus
701 2452 848 2520 hesterna
877 2449 944 2516 dies
970 2449 1074 2533 pridie
1101 2465 1195 2531 quum

92 2579 253 2640 moreretur
273 2571 348 2646 init;
371 2579 404 2638 et
424 2590 494 2638 eum
509 2571 543 2638 id
565 2591 603 2638 en
618 2579 717 2638 morte
733 2571 949 2637 tantummodo
964 2583 1196 2651 cognoscuntur

92 2691 208 2770 perinde
229 2697 336 2760 estse
357 2692 383 2756 si
405 2697 477 2773 post
498 2695 628 2756 mortem
649 2691 788 2770 legatum
811 2685 914 2754 inerit
951 2693 1001 2752 set
1022 2687 1099 2752 haee
1121 2703 1197 2768 qno·

92 2827 144 2890 que
173 2810 390 2877 emendatione
415 2812 562 2892 dignutus
589 2815 637 2875 est
665 2809 880 2874 sanctissimus
906 2807 1051 2889 princeps
1079 2811 1195 2883 nester,
1213 2802 1248 2855 2⁰

92 2925 257 2996 firmitatem
280 2929 458 2996 huiusmodi
479 2925 594 3014 legatis
623 2928 663 2994 ed
691 2925 923 2993 similitudinem
944 2907 1197 2992 fideieerumisso·

93 3065 155 3113 nen
176 3053 348 3130 praestans.
391 3069 472 3132 quse
495 3051 576 3116 enim
604 3048 652 3114 ite
680 3045 930 3136 relinquerentur
958 3043 1197 3112 fideicommissa

93 3174 208 3234 ueteres
229 3169 444 3244 admittebant
466 3169 570 3251 legate
591 3173 784 3250 respuentes.
830 3167 936 3247 iteque
958 3163 1043 3231 nullu
1065 3162 1197 3248 emplius

96 3285 140 3350 uel
159 3285 190 3352 in
211 3288 268 3356 hoe
290 3307 364 3355 casu
385 3290 558 3370 legatorum
580 3286 714 3371 fideiqne
736 3285 969 3356 commissorum
992 3290 1041 3350 est
1056 3281 1198 3348 differen-
