2884 4728
525 349 765 414 -402-

92 523 290 605 praeteritum
326 543 450 603 quoque
486 531 608 606 tempus
643 524 807 608 respiciat,
844 533 891 588 set
921 524 1015 588 etiarn
1052 525 1204 605 quidquid

91 655 263 730 praeterea,
287 655 450 730 perempto
475 669 513 713 eo
538 669 679 732 corpore,
704 649 810 713 damni
833 649 924 713 nobis
942 649 1083 713 adlatum
1098 649 1201 732 fuerit,

90 771 118 834 id
141 772 174 835 in
198 773 448 837 aestimationem
474 773 591 837 uenire.
632 779 665 837 ut
688 793 775 837 ecoe:
801 793 924 836 seruum
948 794 1051 837 meum
1067 775 1202 837 moriens

89 897 214 978 quidam
237 897 384 961 heredem
408 898 550 978 instituit,
576 899 628 979 qui
644 897 849 962 hereditatem
865 916 935 962 meo
953 897 1039 961 iussu
1061 897 1202 962 aditurus

88 1029 118 1084 et
145 1022 223 1086 mihi
253 1022 452 1102 quaesiturus
481 1029 565 1103 erat3
595 1029 763 1102 autequam
791 1041 867 1086 uero
896 1022 928 1085 id
956 1022 1058 1102 fieret,
1088 1023 1202 1102 aliquis
1240 1036 1256 1086 a

87 1145 165 1208 hunc
191 1165 316 1209 seruum
340 1144 461 1209 occidit.
508 1145 583 1225 quia
606 1145 723 1210 idcirco
752 1145 958 1210 hereditatem
987 1145 1110 1226 amitto,
1139 1166 1202 1210 non

87 1270 186 1333 solum
211 1269 264 1349 qui
288 1269 403 1334 occidit
425 1269 458 1332 iu
482 1269 622 1352 corporis
647 1270 910 1350 aestimationem,
936 1270 981 1332 uti
1004 1269 1119 1333 dictum
1144 1277 1223 1352 est.

86 1393 353 1476 condemnabitur,
378 1401 425 1458 set
442 1395 537 1458 etiam
553 1393 746 1473 hereditatis
772 1415 866 1475 quarn
890 1393 994 1458 amisi·
1026 1393 1128 1459 simile
1146 1395 1201 1458 ali-

85 1517 157 1597 quid
183 1517 216 1581 in
239 1518 297 1582 hac
322 1537 447 1600 quoque
471 1519 576 1601 speeie
601 1519 724 1582 accidit.
763 1519 790 1582 si
814 1519 884 1599 quis
907 1518 1014 1600 iugum
1038 1519 1201 1600 mularum,

85 1663 165 1724 quae
198 1642 258 1706 sibi
285 1643 420 1708 inuicem
454 1644 572 1706 similes
605 1652 711 1707 essent
744 1651 774 1707 et
807 1643 846 1707 ob
878 1643 909 1706 id
941 1643 1069 1707 maioris
1097 1644 1199 1726 pretii,
1222 1658 1255 1707 ιο

83 1767 229 1832 hahuerit
261 1769 345 1850 (nam
374 1768 401 1831 si
429 1768 498 1848 quis
522 1775 685 1848 utramque
714 1769 927 1849 aestimasset,
953 1754 1006 1831 *C‘O
1035 1788 1201 1832 aureorum

82 1912 192 1955 earum
220 1893 397 1956 aestimatio
427 1893 649 1974 colligebatur3
680 1893 706 1956 si
729 1912 805 1956 uero
830 1893 1026 1971 alterutram,
1056 1892 1200 1972 singulae

83 2003 113 2080 h
132 2017 240 2080 aureis
258 2016 528 2098 aestimabantur),
554 2024 585 2081 et
602 2017 728 2097 quidam
746 2017 928 2080 alterutram
954 2016 1112 2096 occiderit,
1137 2035 1200 2079 non

82 2143 186 2205 solum
210 2140 390 2204 alterutrius
415 2141 539 2205 occisae
563 2142 711 2225 pretium,
741 2147 789 2204 set
817 2147 936 2206 tautum
962 2160 1085 2221 quoque
1110 2160 1200 2223 prae-

81 2266 190 2346 stabit,
216 2264 325 2345 quanti
349 2283 429 2345 quae
454 2273 597 2348 superest
621 2266 798 2349 depretiata
822 2272 879 2346 est,
903 2263 985 2328 idest
1008 2283 1121 2328 aureos
1144 2251 1198 2328 bl]
1220 2277 1252 2328 15

80 2391 154 2454 item
181 2389 301 2469 siquis
329 2409 478 2470 equorum
503 2391 619 2454 habeat
648 2391 848 2472 quadrigam,
878 2410 1007 2470 quorum
1037 2396 1199 2472 praestan-

78 2514 236 2578 tissimum
261 2513 387 2594 quidam
405 2515 537 2592 occidat,
567 2515 620 2594 qui
643 2514 861 2596 pretiosiorem
887 2521 984 2578 totam
1013 2513 1199 2594 quadrigam

77 2639 194 2716 iaciat,
220 2639 272 2701 uel
296 2638 322 2701 si
347 2639 416 2718 quis
440 2639 622 2702 comoedum
647 2639 764 2702 habeat
780 2638 909 2718 eiusque
929 2638 1122 2716 histrionem,
1147 2637 1200 2717 qui

77 2763 167 2826 illum
203 2769 333 2826 exornet
366 2767 460 2842 atque
489 2763 521 2825 in
550 2762 630 2826 ludis
660 2763 816 2826 adsistens
844 2761 1049 2845 spectabilem
1075 2760 1197 2838 reddat,

77 2895 108 2952 et
132 2888 264 2970 quidam
289 2889 369 2951 huuc
393 2889 575 2952 histrionem
600 2889 629 2952 ei
654 2888 792 2968 occidat;
822 2888 852 2950 in
876 2900 1008 2968 utroque
1032 2907 1108 2950 casu
1135 2907 1198 2950 uon
1217 2898 1253 2948 20

77 3013 178 3078 occisi
219 3019 338 3076 tantum
378 3013 641 3081 aestimationem.
689 3020 736 3076 set
775 3019 896 3077 tantum
935 3012 1045 3093 etiam,
1089 3011 1198 3094 quanti

29 3147 65 3196 11.
76 3135 276 3220 depretiatus
307 3145 367 3218 est,
396 3136 449 3218 qui
472 3144 630 3220 superest,
665 3137 848 3220 praestabit.
902 3139 949 3202 11.
973 3136 1121 3200 Liberum
1151 3143 1198 3199 est

75 3267 186 3325 autem
203 3261 299 3326 occisi
315 3263 398 3325 serui
415 3261 541 3325 domino
564 3262 688 3344 priuato
706 3261 831 3342 iudicio,
857 3261 938 3323 idest
952 3260 1033 3342 legis
1050 3259 1197 3340 aquiliae,

75 3405 177 3467 agere
194 3392 226 3449 et
247 3385 392 3449 damnum
417 3386 479 3449 sibi
501 3384 630 3449 inlatum
647 3386 803 3468 persequi.
838 3385 944 3448 facere
961 3391 1066 3448 autem
1082 3383 1197 3466 poterit

76 3515 249 3592 praeterea
267 3510 385 3592 publici
402 3509 539 3600 criminis
563 3530 649 3573 reum
674 3529 714 3572 ex
737 3511 808 3591 lege
830 3508 978 3572 Cornelia
1001 3507 1039 3570 de
1064 3507 1195 3571 sicariis.
1215 3523 1251 3572 ‘rs

72 3655 138 3698 uon
175 3633 258 3698 enim
296 3634 419 3718 priuata
457 3634 581 3698 actione
613 3633 691 3698 inita
729 3633 888 3717 publicam
925 3631 1086 3713 extinguit.
1145 3630 1195 3694 hio
