3092 4702
601 349 809 416 ..33-

154 543 189 605 ret
207 537 343 610 libertati
371 555 488 604 moram
511 537 627 608 facere
670 555 753 621 quaa
773 553 844 606 cum
867 540 976 604 secuta
996 536 1057 614 sit,
1083 534 1271 620 quicumque

155 659 234 726 dicat
253 658 369 725 iustam
390 657 475 724 illam
500 674 628 723 oausam
650 655 754 725 fictam
776 673 862 734 essa.
878 673 940 724 non
964 655 1121 723 audietur.
1144 657 1174 724 7.
1191 654 1270 726 (lum

154 777 316 844 ⁴dixerimus
346 777 500 844 minorem
529 775 588 841 XX
616 775 706 842 annis
736 775 954 841 manumittere
982 791 1043 840 non
1075 791 1182 857 posse,
1210 775 1271 842 nisi

153 898 260 963 iustam
288 915 414 964 causam
442 896 476 962 in
499 895 629 963 consilio
651 893 850 978 probauerit,
883 893 1000 975 aliquid
1035 893 1164 960 absurdi
1196 893 1270 962 inde

154 1015 257 1082 oritur.
279 1016 388 1082 euenit
410 1016 492 1082 enim
515 1021 551 1080 ut
574 1015 627 1100 qni
649 1012 746 1081 XIIII
767 1031 919 1082 annorum
934 1021 1071 1082 aetatem
1086 1011 1268 1098 expleuerit,
1304 1018 1322 1070 ὃ

154 1136 249 1217 legata
268 1136 371 1217 possit
395 1133 572 1215 relinquere
595 1135 718 1200 maximi
745 1135 848 1218 pretii,
876 1140 910 1200 et
937 1134 1047 1198 testari
1078 1140 1112 1198 et
1137 1132 1269 1200 herodes

153 1254 312 1320 instituere
334 1260 366 1320 et
389 1253 651 1334 quemadmodum
674 1251 753 1318 uelit
781 1271 846 1318 rem
873 1270 963 1318 suam
993 1252 1180 1318 familiarem
1208 1253 1268 1318 dis·

153 1391 269 1454 ponere,
292 1390 421 1440 seruum
444 1381 562 1453 autem,
585 1373 641 1454 qui
663 1373 693 1439 x
714 1373 819 1440 aurem
837 1372 951 1452 ualeat,
975 1371 1196 1440 manumittere
1216 1391 1268 1439 ne·

151 1499 247 1572 queat
304 1491 438 1558 ridicula
470 1495 568 1576 igitur
601 1493 664 1570 lar,
697 1510 778 1573 quae
810 1493 929 1557 maiora
960 1492 1117 1572 concedit,
1150 1493 1270 1559 minora

152 1631 219 1678 uero
242 1631 302 1678 non
334 1612 497 1693 permittit
543 1629 604 1678 non
626 1611 709 1678 enim
731 1610 893 1678 ferendum
914 1629 984 1678 esse
1005 1610 1201 1695 intellegitur
1222 1619 1269 1678 to·
1287 1629 1320 1682 tu

151 1739 208 1795 tam
230 1733 300 1814 quia
325 1729 532 1796 substantiam
558 1749 646 1796 suam
669 1735 764 1813 prout
784 1729 855 1796 uult
883 1729 1049 1813 disponere
1071 1748 1179 1816 posse,
1202 1749 1267 1797 ser·

151 1867 218 1914 uum
257 1857 366 1917 autem
408 1849 629 1915 manumittere
662 1867 722 1915 non
760 1867 861 1932 posse.
920 1867 1018 1934 quare
1052 1849 1267 1918 sanctIssimus

150 1987 266 2050 quoque
296 1969 442 2052 princeps
477 1976 584 2034 noster
613 1968 692 2050 legis
726 1969 924 2036 absurditate
956 1977 1061 2035 motus
1088 1969 1198 2048 iussIt,
1231 1974 1268 2036 ut

149 2087 405 2170 quemadmodum
427 2095 549 2156 ceteras
571 2107 640 2169 res,
669 2096 765 2170 prout
794 2089 879 2168 uult,
907 2089 1091 2155 adulescens
1119 2089 1266 2170 disponit,

149 2208 239 2273 itaet
260 2225 374 2274 seruos
397 2225 481 2287 suos,
506 2209 559 2291 qui
582 2208 788 2274 uicensimum
811 2207 949 2274 nondum
973 2206 1193 2290 adlmpleuerit
1213 2227 1267 2274 an·
1286 2227 1317 2280 15

147 2344 223 2404 num,
245 2327 277 2391 in
302 2332 494 2392 testamento
517 2327 738 2393 manumittere
760 2327 868 2409 possit
912 2331 962 2393 sel
987 2345 1059 2392 cum
1089 2327 1266 2394 inaestima-

149 2441 183 2509 lis
203 2462 255 2512 res
278 2445 366 2526 apud
389 2445 545 2512 Romanos
566 2445 698 2510 libertas
721 2453 785 2523 est,
815 2451 848 2512 et
874 2449 1003 2526 propter
1031 2444 1090 2512 hoc
1118 2454 1192 2512 ante
1222 2447 1266 2512 ui-

147 2567 315 2630 censimum
337 2583 452 2631 annum
475 2564 525 2631 lex
550 2564 640 2632 Aelia
654 2564 764 2631 Sentis
786 2567 963 2633 libertatem
986 2567 1055 2632 dari
1069 2565 1266 2649 prohibebat,

149 2684 211 2748 ideo
233 2685 371 2750 mediam
395 2682 628 2768 quodammodo
651 2685 734 2752 uiam
764 2689 797 2751 et
825 2687 892 2767 lpse
920 2693 1046 2752 amotus
1074 2685 1185 2752 minori
1207 2687 1267 2754 IIII

145 2803 229 2870 annis
262 2822 328 2870 non
362 2803 456 2872 aliter
488 2806 518 2870 in
551 2811 740 2872 testamento
771 2823 863 2870 suum
889 2822 1015 2872 seruum
1048 2808 1267 2873 manumittere
1284 2829 1317 2881 oo

147 2923 313 3004 concessit,
349 2926 408 2990 nisi
438 2923 531 2990 XVII
560 2943 678 2990 annum
706 2924 885 3007 Impleuerit
919 2931 951 2991 et
977 2923 1086 2990 XVIII
1115 2927 1265 3009 tetigerit

147 3057 210 3106 cum
231 3043 317 3108 enim
340 3049 464 3109 ueteres
487 3043 596 3109 maiori
618 3041 708 3110 XVII
731 3045 821 3110 annis
843 3063 900 3127 pro
923 3043 993 3111 aliis
1014 3048 1174 3128 postulare
1196 3063 1267 3112 con·

147 3163 303 3240 cesserint,
327 3181 383 3229 cur
405 3180 466 3228 non
489 3162 628 3229 dicemus
651 3165 700 3229 sui
721 3161 829 3230 iudicii
850 3159 1053 3232 stabilitatem
1075 3165 1116 3230 ad
1139 3183 1265 3232 seruum

143 3295 265 3362 quoque
288 3299 382 3346 suum
405 3283 686 3349 manumittendum
709 3281 860 3366 proficere
887 3282 1001 3365 posse?
1027 3283 1136 3367 itaque
1165 3285 1267 3350 minor

146 3398 200 3465 xx
221 3400 315 3466 annis
337 3402 422 3466 inter
444 3400 535 3469 uiuos
559 3402 684 3488 quidem
707 3422 768 3470 non
791 3405 998 3483 manumittet,
1022 3406 1054 3470 in
1077 3411 1267 3470 testamento
1284 3431 1317 3483 25
