2920 4750
550 414 791 475 -491-

86 600 106 648 2.
118 586 255 670 apprime
285 587 362 654 disci
387 594 527 672 possunt.
574 588 828 654 apamiarum
859 587 1042 652 iudiciorum
1072 587 1226 668 quaedam

117 712 302 795 capitalia
346 719 428 793 suut,
472 703 628 794 quaedam
670 734 743 777 non
786 713 984 796 capitalia.
1043 712 1229 796 capitalia

117 837 261 919 dicimus,
310 859 392 919 quae
440 839 549 902 ultimo
599 838 753 922 supplicio
801 858 889 902 reum
938 838 1099 920 adiiciunt,
1147 838 1229 902 idest

117 964 200 1026 uitae
224 963 406 1044 amissione,
434 964 486 1027 uel
510 983 612 1045 aquae
637 970 667 1027 et
690 963 773 1045 ignis
803 962 1020 1028 interdictione
1043 963 1095 1026 uel
1118 963 1229 1046 depor-

115 1088 233 1152 tatione
257 1089 309 1152 uel
336 1089 474 1152 metallo.
520 1095 627 1153 cetera
654 1109 729 1154 uero
757 1088 886 1172 publica
913 1088 1044 1170 iudicia,
1074 1108 1156 1168 quae
1185 1088 1229 1151 in-
1268 1101 1282 1151 5

115 1213 243 1276 famiam
260 1213 406 1296 inrogant
419 1233 488 1279 cnm
501 1233 606 1297 poena
618 1212 811 1297 pecuniaria,
835 1213 918 1278 inter
933 1213 1088 1296 publica
1104 1211 1230 1294 quidem

82 1350 104 1398 3.
115 1345 326 1420 recensentur,
343 1345 527 1403 nouantem
544 1339 624 1404 inter
639 1338 797 1422 capitalia.
838 1342 866 1405 3.
884 1337 1016 1422 Oportet
1032 1339 1137 1402 omnia
1153 1338 1230 1402 haec

115 1462 243 1546 publica
257 1462 375 1526 iudicia
391 1482 583 1528 enumerare.
620 1470 667 1527 est
685 1464 738 1527 lex
752 1463 834 1526 Iulia
858 1463 903 1527 de
926 1463 1127 1527 maiestate
1148 1481 1230 1542 quae

115 1589 145 1652 in
171 1607 226 1651 eos
251 1587 412 1671 competit,
442 1587 496 1670 qui
524 1593 632 1652 contra
656 1588 877 1670 imperatorem
900 1588 952 1652 uel
978 1607 1044 1652 rem
1072 1588 1230 1670 publicam

115 1711 235 1792 aliquid
259 1712 359 1776 moliti
383 1720 462 1777 sunt.
509 1713 599 1777 huius
622 1718 728 1778 autem
751 1733 855 1796 poena
879 1720 926 1777 est
949 1713 1034 1777 uitae
1063 1713 1231 1796 ademptio.
1252 1725 1285 1774 10

114 1837 147 1900 id
163 1844 269 1901 autem
286 1837 444 1919 iudicium,
468 1837 561 1902 sicuti
580 1839 668 1904 initio
684 1839 755 1902 ssiu
770 1837 976 1902 iustitutionis
998 1838 1141 1920 diximus
1161 1847 1232 1922 post

81 1967 246 2028 amoram
282 1981 405 2043 quoque
439 1963 610 2047 perduellis
646 1964 786 2028 exerceri
813 1964 901 2028 solet.
947 1969 976 2029 4.
1000 1965 1056 2026 Est
1078 1964 1152 2028 item
1181 1964 1232 2027 lex

114 2087 196 2151 Iulia
220 2086 262 2151 de
287 2087 503 2168 adulterim,
528 2108 610 2170 quae
632 2089 811 2153 nouaclum
829 2094 1035 2154 temeratores
1059 2087 1232 2153 alienarum

114 2211 294 2294 nuptiarum
325 2212 427 2295 punit,
464 2231 580 2292 eosque
609 2212 739 2296 capitali
766 2213 920 2296 supplicio
949 2212 1069 2293 adficit,
1105 2220 1153 2277 set
1176 2233 1232 2278 eos

113 2356 241 2418 quoque
261 2337 314 2417 qui
330 2357 399 2400 cum
415 2337 563 2402 masculis
578 2337 755 2402 miscentur.
790 2337 901 2401 eadem
918 2338 970 2402 lex
987 2337 1087 2420 stupri
1108 2357 1230 2418 quoque
1252 2345 1284 2396 lc

111 2460 270 2544 flagitium
305 2469 444 2544 coercet,
479 2481 549 2526 curn
577 2462 647 2542 quis
682 2463 750 2526 sine
778 2462 810 2527 ui
838 2462 992 2545 uirginem
1020 2463 1072 2526 uel
1105 2462 1232 2526 uiduam

112 2586 247 2650 honeste
271 2587 430 2651 uiuentem
447 2587 630 2671 corruperit,
656 2593 687 2653 et
702 2588 944 2671 publicationem
963 2589 1060 2671 partis
1085 2587 1232 2652 dimidiae

112 2713 268 2776 bonorum
291 2712 351 2792 his,
378 2713 432 2791 qui
455 2712 609 2777 eiusmodi
631 2712 753 2796 flagitia
776 2713 977 2793 admiserunt,
1006 2713 1140 2794 inrogat.
1185 2713 1232 2776 siu

112 2843 222 2901 autem
247 2836 371 2900 humilis
395 2857 531 2920 persona
547 2837 626 2901 talia
641 2837 880 2920 perpetrauerit,
905 2857 974 2901 cum
991 2838 1131 2921 corporis
1147 2857 1233 2902 coer-

75 2962 231 3031 coitione
256 2981 325 3026 eam
349 2961 480 3043 relegat.
526 2966 557 3028 5.
573 2963 682 3026 Tertia
697 2969 745 3027 est
761 2961 812 3025 lex
830 2961 977 3027 Cornelia
994 2962 1039 3026 de
1063 2963 1232 3042 sicariis,
1253 2947 1287 3024 do

110 3105 198 3165 quae
223 3085 396 3150 homicidas
419 3086 502 3150 ferro
527 3087 725 3170 persequitur
752 3086 804 3150 uel
832 3106 887 3150 eos
915 3087 969 3167 qui
995 3086 1128 3150 hominis
1153 3088 1233 3150 ocei-

110 3209 212 3274 dendi
244 3211 347 3292 gratia
375 3231 445 3275 curn
478 3211 540 3275 telo
574 3211 744 3275 ambulant.
790 3211 874 3292 quod
902 3221 1006 3276 antem
1033 3211 1066 3275 in
1094 3211 1232 3277 eiusdem

109 3341 203 3399 textu
218 3335 333 3399 telum
357 3336 542 3417 nominatur,
564 3335 597 3399 id
614 3336 713 3400 Gaius
732 3337 765 3400 in
781 3335 1011 3401 Commentario
1028 3355 1095 3416 suc,
1119 3335 1152 3400 in
1172 3356 1233 3417 qno

109 3460 219 3542 legem
254 3460 315 3523 XII
342 3460 520 3525 tabularum
557 3461 792 3544 interpretatur,
825 3463 869 3526 ait
901 3462 996 3544 uulgo
1030 3482 1094 3524 non
1133 3461 1233 3524 solum
