2864 4736
500 358 743 420 -417—

67 549 124 611 que
139 529 172 596 in
187 531 283 596 rebus
298 531 548 615 incorporalibus
571 551 635 597 non
650 530 734 596 idem
751 532 945 598 confessorie
970 539 1001 598 et
1016 537 1181 617 negatoris

66 656 208 738 intendit3
238 662 287 721 set
314 655 506 722 contessoris
534 656 575 739 is,
610 657 663 737 qui
693 657 755 721 sibi
782 657 831 721 ius
860 665 1053 742 competere,
1083 661 1182 725 ueluti

65 781 289 848 usumfructum
309 788 364 848 eut
384 783 565 848 seruitutem
584 783 616 847 in
635 803 670 847 re
687 783 802 866 aliena,
825 784 999 867 contendit3
1016 785 1182 868 negatorie

67 914 168 971 sutem
192 907 224 971 in
247 926 313 972 rem
329 907 397 990 agit
411 907 500 972 tundi
516 908 567 972 uel
591 907 716 972 aedium
735 908 889 990 dominus,
915 908 1109 974 contendens
1132 911 1182 974 ius

65 1031 171 1096 utendi
193 1031 317 1096 fruendi
341 1037 396 1096 eut
417 1032 466 1096 ins
491 1032 651 1096 seruitutis
674 1032 707 1095 in
731 1033 863 1097 aedibus
881 1032 1020 1098 sundoue
1046 1054 1104 1098 suo
1128 1035 1182 1098 ud·
1219 1045 1235 1097 5

66 1157 205 1220 uersurio
229 1176 291 1220 non
314 1176 394 1221 esse.
441 1164 622 1222 curantem
647 1157 840 1222 confessoris
864 1159 897 1222 in
914 1158 1011 1222 rebus
1035 1177 1182 1241 corpore·

66 1281 145 1345 libus
173 1301 270 1363 agere
297 1301 478 1364 possumus;
506 1281 672 1363 negatoris
699 1288 806 1345 autem
833 1302 898 1346 non
925 1282 1055 1362 utique?
1100 1282 1181 1347 ratio

66 1411 168 1470 entem
196 1405 275 1469 haec
304 1413 360 1469 est.
407 1405 540 1487 quisque
576 1425 675 1486 egens
707 1405 873 1470 uictoriam
906 1405 967 1469 sibi
996 1423 1181 1488 comparere

65 1531 159 1594 debet
182 1549 222 1594 er
245 1549 283 1594 ec
306 1529 389 1611 iure,
425 1529 509 1611 quod
537 1530 648 1611 hebet,
683 1536 717 1593 ut
745 1549 833 1594 ecce:
870 1530 921 1594 »si
949 1537 1059 1612 peret
1086 1530 1181 1593 hunc

65 1653 217 1719 fundum
254 1674 372 1719 meum
411 1674 523 1719 esse«.
583 1675 646 1720 uon
681 1655 764 1719 enim
798 1654 858 1718 hoc
893 1654 985 1718 modo
1020 1653 1181 1718 intendere
1202 1665 1236 1716 10

64 1784 181 1862 potest:
207 1780 257 1842 »si
279 1783 390 1863 peret
413 1779 507 1843 hunc
535 1778 690 1842 fundum
719 1779 936 1844 aduersarii
964 1798 1037 1843 non
1065 1797 1180 1842 esse«.

64 1925 133 1968 num
165 1903 194 1968 si
220 1903 266 1968 ito
292 1902 454 1968 intendere
489 1904 642 1986 eoeperit,
671 1901 876 1986 respondebit
904 1903 935 1966 ei
962 1902 1181 1967 aduersarius:

65 2029 213 2111 »primum
237 2027 363 2108 quidem
386 2027 501 2092 fundus
524 2047 613 2092 meus
637 2033 700 2109 est;
725 2034 774 2092 set
797 2034 828 2091 et
851 2027 879 2091 si
894 2047 983 2091 meus
1007 2046 1070 2090 non
1087 2029 1182 2105 esset,

66 2152 171 2216 »sicuti
195 2152 252 2233 uis,
277 2171 340 2215 non
363 2151 436 2216 ideo
459 2160 531 2216 tuus
554 2151 649 2233 foret3
674 2171 737 2215 non
761 2151 843 2215 enim
867 2171 999 2234 prorsus
1022 2150 1069 2231 id,
1099 2148 1183 2231 quod

66 2296 182 2340 »meum
206 2282 354 2357 nonest,
378 2281 467 2340 tuum
491 2282 547 2341 est.
594 2275 621 2368 si
645 2295 720 2358 ergo
748 2294 850 2356 neque
873 2295 961 2340 meus
985 2294 1088 2357 neque
1111 2279 1183 2336 tuus
1204 2282 1237 2334 15

66 2399 194 2465 »fundus
218 2407 275 2482 est,
299 2400 403 2484 potior
424 2400 457 2464 in
479 2401 539 2466 hoc
563 2399 678 2464 iudicio
695 2399 859 2464 habendus
876 2420 945 2464 snm
961 2405 1092 2482 propter
1108 2397 1184 2460 imis

66 2526 238 2608 regulam,
262 2545 303 2589 ex
326 2544 390 2604 qua
417 2525 543 2608 inpari
571 2545 669 2589 ceusu
696 2524 808 2590 melier
834 2529 883 2588 est
911 2521 1055 2588 condicio
1084 2521 1185 2605 possi·

66 2650 208 2715 ›dentisc
248 2650 326 2714 haec
343 2649 468 2730 quidem
486 2649 524 2712 de
541 2650 634 2713 rebus
651 2648 884 2732 corporalibus:
909 2647 942 2712 in
957 2648 1054 2710 rebus
1078 2651 1184 2710 eutem

63 2773 319 2858 incorporalibus
341 2779 427 2838 recte
451 2774 571 2837 iurem
595 2771 788 2837 confessorie
818 2771 1009 2836 intendimus
1035 2775 1067 2833 et
1089 2787 1185 2851 nega·

63 2899 143 2963 toric
176 2917 302 2980 queque
332 2896 493 2962 intendere
523 2916 699 2980 possumus.
746 2915 802 2960 cur
831 2901 937 2959 autem
968 2894 995 2958 si
1026 2893 1095 2974 quis
1125 2893 1185 2956 hoc
1204 2901 1239 2952 20

65 3041 141 3087 casu
165 3021 330 3104 negatoris
351 3021 384 3085 in
399 3041 466 3085 rem
482 3026 568 3103 egat,
592 3040 656 3085 non
673 3019 804 3084 dicimus
820 3039 893 3083 eum
908 3019 991 3082 mule
1011 3016 1184 3097 intendere,

65 3167 134 3210 cum
159 3165 226 3212 uon
249 3166 305 3211 suc
330 3146 396 3211 iure
419 3143 521 3226 nisus,
551 3152 599 3210 set
621 3143 697 3208 iuris
721 3145 824 3227 potius
848 3142 973 3206 defectu
998 3137 1184 3220 aduersarii,

65 3271 124 3335 sibi
149 3271 318 3336 uictoriam
341 3288 526 3354 comparere
554 3269 678 3333 studet?
719 3269 765 3332 uit
788 3268 887 3332 enim:
913 3266 964 3331 »si
991 3270 1101 3348 peret
1128 3263 1186 3327 ius

66 3393 198 3460 utendi
213 3393 364 3460 fruendi
386 3394 448 3459 illi
470 3413 542 3458 non
566 3413 679 3458 esse«.
713 3399 761 3456 set
776 3391 856 3456 ratic
873 3391 953 3453 haec
970 3394 1026 3452 est.
1059 3407 1131 3450 cum
1147 3386 1186 3450 de

64 3539 98 3583 re
114 3519 311 3602 incorporali
326 3518 490 3601 negatorie
514 3518 714 3598 intendimus,
738 3517 813 3580 licet
835 3514 942 3578 uerbis
965 3510 1130 3593 negatorie
1154 3510 1187 3573 in
1206 3519 1239 3570 25

66 3665 130 3709 rem
155 3643 299 3726 agimus,
322 3651 428 3708 tamen
452 3662 565 3726 reapse
589 3639 785 3706 confessoris
808 3638 891 3703 actio
916 3643 972 3702 est.
1018 3655 1091 3700 nem
1116 3654 1186 3699 cunr
