2960 4704
682 323 898 388 ..20...

552 645 600 712 De
622 647 776 730 ingenuis.
821 649 945 716 Titulus
968 654 997 715 4.
1006 653 1033 735 1)

315 800 343 863 1ι)
362 799 539 886 Ελρήκαμεν
562 803 614 864 τὸν
637 800 810 887 ἐλεύθερον
832 804 879 879 εἷς
900 804 956 868 δύο
981 805 1180 890 διαιρεῖσθαι,
1202 806 1247 882 ελς
1268 805 1356 887 εύγε·

232 906 294 976 νεῖς
316 903 366 966 καλ
387 900 664 987 δπελευθέρους.’)
709 905 757 968 καὶ
779 905 909 992 εὐγενής
932 904 1014 969 ἐστιν
1036 909 1054 970 ό
1077 905 1200 983 εὐθέως
1221 909 1287 989 ἅμα
1308 909 1357 991 τῷ
1466 917 1473 965 ’ς

230 1003 378 1090 τεχθῆναι
405 1001 579 1089 ἐλεύθερος
604 1003 649 1069 ὢν
681 1008 730 1069 καὶ
756 1009 880 1094 μήποτε
909 1009 966 1074 τοῦ
995 1009 1090 1090 ζυγοῦ
1122 1013 1179 1095 τῆς
1212 1008 1359 1084 δουλείας
1472 1063 1473 1068 ,

197 1107 432 1189 υγευσιίμενος,
454 1105 516 1169 εἴτε
538 1105 577 1170 ἐκ
598 1109 790 1172 συνοικεσίου
812 1109 870 1172 δύο
895 1109 1030 1192 εὐγενῶν
1057 1109 1171 1198 ἐτέχθη
1179 1111 1205 1194 ³)
1233 1110 1294 1174 εἴτε
1324 1109 1361 1175 ἐκ

231 1208 288 1272 δύο
304 1207 536 1291 ἀπελευθέρων.
571 1209 599 1274 εί
621 1209 657 1274 δὲ
679 1211 730 1274 καί
751 1233 795 1286 τις
816 1209 856 1283 ἐξ
875 1210 1084 1296 ἐλευθέρας)
1105 1211 1204 1300 τεχθῇ
1224 1214 1360 1299 μητρὸς.
1472 1201 1473 1205 ¹

231 1310 345 1375 δούλου
380 1310 415 1374 δὲ
449 1313 567 1396 πατρὸς
595 1311 722 1397 εὐγενὴς
751 1315 835 1396 [μὲν]
866 1312 984 1397 όμοίιυς
1011 1310 1112 1394 ἔσται,
1141 1303 1247 1396 ιύςπερ
1276 1317 1294 1378 ό
1321 1313 1362 1388 ἐξ

230 1413 406 1497 ἐλευθέρας
421 1417 542 1502 μητρὸς
557 1418 605 1478 καὶ
621 1417 771 1502 ἀδηλουί)
795 1418 922 1502 πατρὸς,
946 1416 1101 1482 τουτέστιν
1124 1417 1185 1482 ἀπὸ
1201 1416 1361 1503 πορνείας,

231 1516 394 1605 τεγθελςί).
439 1517 513 1580 οὐδὲ
536 1518 596 1599 γὰρ
617 1517 749 1599 βλάπτει
771 1519 826 1604 τὴν
855 1521 910 1583 τοῦ
941 1519 1050 1593 παιδὸς
1077 1516 1234 1602 εὐγένειαν
1264 1521 1297 1582 τὸ
1324 1517 1362 1584 ἐκ

183 1622 215 1671 10
233 1617 381 1700 πορνείας
402 1618 549 1702 γενέσθαι
572 1622 627 1705 τὴν
649 1619 804 1707 σύλληςόιν,
828 1621 920 1704 ἀρκεῖ
939 1621 975 1683 δέ
997 1620 1172 1706 ἐλευθέραν
1202 1619 1279 1684 εἶναι
1300 1620 1361 1706 τὴν
1472 1671 1473 1674 ¹

230 1721 387 1808 μητέραέ)
407 1721 486 1784 κατὰ
509 1724 561 1784 τὸν
580 1723 696 1809 χρόνον
721 1725 776 1788 τού
810 1724 956 1802 τοκετοῦ,
989 1723 1018 1786 ελ
1044 1707 1140 1787 καλό
1169 1728 1223 1810 τῆς
1245 1722 1361 1810 συλλή.

233 1831 321 1908 ψεως
344 1826 452 1908 καιρὸς
470 1823 552 1888 ελδεν
575 1825 669 1909 αὐτὴν
693 1825 816 1911 δούλην.
841 1827 890 1888 καὶ
911 1824 948 1889 ἐκ
970 1827 1026 1890 τοῦ
1048 1824 1187 1889 ἐναντίου
1217 1825 1245 1888 ελ
1271 1823 1363 1888 ἐλευ-

232 1927 347 2014 θέραθ)
371 1929 528 2014 συλλάβη,
556 1925 835 1992 καταδουλωθεῒσα
863 1928 899 1990 δὲ
929 1925 1039 2014 ἐπειδὴ
1068 1927 1215 2014 ἠνέσχετο
1244 1926 1362 2010 ἑαυτὴν
1470 1995 1471 2002 ,

233 2029 421 2116 πραθῆναιθ)
454 2028 497 2093 αδ
531 2030 669 2112 pretium
698 2029 960 2114 participandum
998 2030 1085 2116 τέκη,
1122 2027 1294 2112 ἐλεύθερον
1326 2029 1363 2090 τὸ

183 2141 214 2194 15
232 2132 353 2221 τεχθέν.
397 2133 415 2194 ό
437 2132 498 2216 γὰρ
520 2132 776 2216 κνοφοριιύμενος
800 2134 835 2195 ού
864 2133 1063 2220 βλαβήσεται
1090 2133 1126 2197 ἐκ
1154 2137 1211 2218 τῆς
1238 2152 1363 2214 συμφο-

230 2240 292 2316 ρᾶς
315 2240 370 2323 της
393 2241 586 2322 περιστάσης
607 2235 661 2322 την
682 2235 860 2323 μητέραῑθ).
904 2233 1028 2322 Ἐπειδὴ
1050 2235 1087 2299 δὲ
1108 2234 1277 2324 εἰρήκαμεν
1301 2231 1362 2321 ἀρ-

233 2345 295 2402 κεῖν
318 2341 398 2422 πρὸς
419 2337 607 2422 ἐλευθερίαν
627 2343 676 2427 τῷ
698 2341 782 2404 παιδὶ
805 2343 839 2405 τδ
861 2338 1035 2428 ἐλευθέραν
1057 2341 1092 2407 ἐν
1116 2341 1163 2428 τῷ
1178 2335 1286 2405 τίκτειν
1302 2337 1361 2424 την

231 2441 354 2528 μητέρα
376 2441 500 2524 είναιΠ)
523 2444 573 2506 καλ
594 2435 641 2507 ότι
663 2441 718 2507 ἐὰν
741 2444 867 2530 γένηται
889 2443 1035 2531 σύλληψις
1055 2443 1090 2509 ἐν
1117 2441 1288 2527 ἐλευθερίᾳ
1312 2464 1365 2504 το-

235 2547 324 2620 κετὸς
346 2545 383 2607 δὲ
404 2544 440 2610 ἐν
462 2546 599 2633 δουλείᾳ,
629 2545 801 2630 ἐλεύθερος
823 2548 841 2611 ό
862 2548 1041 2631 ταττόμενος
1062 2545 1227 2619 ἐντεῦθεν,
1249 2542 1279 2608 11)
1297 2535 1364 2627 ὅρα

183 2653 218 2704 20
235 2647 300 2711 οἷον
316 2647 464 2735 ἐζητηθη.
486 2650 584 2735 Δούλη
598 2649 688 2730 agn)
704 2647 784 2712 ούσα
800 2650 877 2714 κατὰ
891 2653 945 2712 τὸν
960 2653 1066 2734 καιρόν
1082 2650 1117 2713 δν
1131 2647 1287 2729 συνέλαβε
1303 2649 1365 2733 τῆς

237 2750 380 2825 δουλείας
394 2750 620 2838 ἠλευθερώθη·
637 2751 785 2834 όλίγυυῑδ)
796 2752 915 2840 χρόνου
928 2751 1200 2837 παραδραμόντος,
1211 2747 1366 2813 κατεδου-

236 2851 335 2937 λώθη·
343 2853 381 2935 ¹⁴)
393 2852 502 2917 τέτοκε
511 2854 592 2937 μετὰ
605 2854 657 2938 τὴν
669 2852 912 2932 καταδούλωσιν,
925 2853 1058 2939 πότερον
1071 2851 1244 2933 ἐλεύθερον
1256 2847 1277 2934 ί)
1289 2847 1366 2913 δοῦ·

236 2958 289 3018 λον
306 2957 513 3044 σκσπησιομεν
530 2958 563 3020 τδ
578 2955 768 3038 τικτόμενον·
790 2954 843 3019 καί
856 2956 994 3042 φησινῑί)
1010 2955 1041 3036 [ό
1059 2951 1251 3038 Μάρκελλος]
1273 2948 1367 3014 ἐλεύ-

305 3183 328 3248 1)
347 3177 417 3249 Περὶ
435 3175 574 3246 εδγενείας
592 3177 652 3232 add.
671 3176 717 3232 lib.
736 3182 764 3230 et
782 3176 841 3230 edd.
860 3190 959 3230 omues.
1070 3172 1095 3237 1)
1112 3173 1136 3222 ολ
1154 3170 1302 3236 ἐλεύθεροι
1321 3167 1368 3228 εἰς

235 3265 284 3318 δύο
302 3265 337 3318 τδ
355 3267 451 3332 πρῶτα
470 3264 637 3332 διαιροῦνται
661 3262 700 3322 ελς
717 3259 837 3329 εόγενεῖς
854 3260 898 3312 καλ
916 3258 1121 3327 ἀπελευθέρους
1138 3255 1207 3323 Epa.
1236 3283 1268 3294 -
1295 3252 1368 3313 τοὺς

1464 733 1467 830 i

237 3350 406 3420 ἐλευθέρους
423 3349 457 3417 cj.
475 3347 508 3403 R.
528 3377 560 3388 -
663 3347 687 3415 1)
705 3347 795 3416 τεχθῇ
813 3345 883 3414 Epa.
984 3345 1008 3411 4)
1026 3339 1103 3394 (ἐπεὶ.
1120 3340 1152 3394 Ρ.
1254 3336 1473 3407 ὅ)11δη’·,

235 3436 284 3490 λου
302 3435 333 3487 δέ
350 3433 380 3486 Ρ.
458 3435 482 3500 1)
500 3431 527 3488 d.
546 3432 591 3488 R.:
610 3433 664 3484 ἀπὸ
681 3434 796 3500 κρυφίας
812 3434 894 3499 γονῆς
910 3429 978 3497 Epa.
997 3427 1066 3482 haee
1082 3425 1109 3480 d.
1126 3424 1188 3492 Epi.
1274 3423 1368 3490 ’1)γυ-

237 3523 315 3572 ναίκα
332 3519 362 3572 Ρ.
487 3516 511 3584 1)
527 3517 577 3582 μὲν
595 3517 656 3571 εδδ.
675 3514 746 3585 Epa.
882 3515 906 3581 1)
925 3514 958 3568 δε
975 3513 1006 3567 P.
1023 3511 1103 3566 aliter
1121 3508 1181 3563 εδδ.
1200 3513 1264 3562 aute
1281 3505 1316 3560 F.
1333 3512 1368 3558 et
1472 3519 1473 3552 ι

236 3601 555 3671 Ρ1.;Ερα.ἐξαλκείσς
577 3601 752 3670 διαπράσειυς
774 3601 819 3653 έπλ
843 3599 875 3652 τό
901 3598 1035 3666 κερδῆσαι
1061 3597 1111 3666 την
1139 3593 1208 3646 λδίαν
1235 3593 1316 3661 τιμὴν
1347 3593 1368 3661 ἢ
1472 3633 1473 3636 ,

237 3688 307 3744 κατὰ
324 3691 357 3741 τδ
383 3689 445 3742 όλον
463 3689 481 3758 λ)
499 3687 568 3740 κατὰ
592 3687 624 3739 τό
645 3685 743 3756 ἥμισυ,
766 3686 831 3755 τέκῃ
860 3684 891 3737 δὲ
916 3682 989 3747 μετὰ
1014 3683 1064 3751 τὴν
1093 3679 1255 3746 διάπρασιν,
1283 3675 1369 3730 ἔσται

237 3774 388 3843 ἐλεύθερον
407 3777 469 3827 cett.
574 3774 610 3839 1⁰)
628 3772 693 3839 περὶ
716 3769 767 3839 τὴν
783 3769 894 3840 μητέρα
912 3765 1059 3835 συμβάσης
1076 3780 1158 3830 συμφ.
1176 3763 1206 3815 Ρ.
1225 3791 1257 3801 -

237 3861 273 3928 11)
292 3858 342 3914 εῖν.
360 3878 384 3913 τ.
400 3877 428 3922 μ.
448 3859 477 3912 Ρ.
495 3857 527 3912 F.
545 3860 579 3911 Δ.
681 3855 717 3923 11)
733 3856 782 3907 ἐάν
802 3872 842 3914 τις
860 3853 942 3921 δούλη
960 3852 1028 3920 Epa.
1131 3847 1168 3912 1³)
1186 3845 1368 3913 cuinusspa

192 3945 199 3956 '
237 3949 273 4015 11)
292 3943 353 3998 εἶτα
370 3943 440 4012 Epa.
550 3945 586 4012 11)
603 3958 693 4017 φαμεν
712 3939 745 3993 R.
762 3941 778 3991 ό
796 3937 950 4008 Μαρκιανὸς
968 3937 999 3990 F.
1018 3934 1166 3998 κελεύομεν
1185 3931 1224 3984 έλ.
1242 3927 1312 3983 εἶναι
1328 3930 1369 3982 τὸ

238 4029 420 4185 maffia·
438 4115 482 4177 ³7,
499 4118 524 4168 ὅ.
541 4112 637 4167 Prouh.
655 4115 699 4178 24,
719 4113 735 4168 7
754 4109 823 4165 udde
840 4107 903 4177 Epi.
920 4109 964 4175 38,
981 4109 1007 4160 3.
1110 4103 1138 4170 b)
1156 4101 1218 4171 Epi.
1237 4101 1280 4162 38,
1297 4100 1323 4151 6.
