2876 4712
522 331 756 396 -269-

197 653 244 719 De
264 653 408 736 legitima
431 635 636 736 adgnatorum
661 653 865 720 successione.
910 651 1032 718 Titulus
1056 655 1084 716 2.

164 839 251 906 Haec
273 847 366 906 antea
388 847 553 920 perspecta
579 837 705 906 habeas.
760 841 904 916 cognatio
933 857 1045 904 nomen
1074 847 1122 905 est
1151 861 1203 922 ge-

86 961 199 1041 nerale,
232 961 262 1025 in
297 965 362 1026 tres
392 966 495 1026 autem
527 961 653 1026 ordines
683 958 864 1024 deducitur:
898 966 1043 1039 parentes
1076 959 1201 1038 liberos

88 1101 120 1146 en
155 1081 265 1148 latere.
320 1089 467 1161 parentes
504 1085 578 1146 sunt
615 1079 669 1162 qui
703 1097 759 1144 nos
789 1099 945 1162 genuere,
979 1081 1076 1145 ueluti
1113 1089 1204 1160 pater

88 1207 180 1266 mater
212 1219 292 1266 auus
325 1201 397 1265 suis
430 1205 524 1280 atque
556 1199 604 1264 his
639 1199 731 1264 etiam
769 1199 963 1280 superiores:
1001 1199 1090 1264 liberi
1127 1217 1203 1264 uero

89 1293 136 1401 gui
164 1340 201 1386 cx
229 1321 319 1386 nobis
345 1319 410 1385 nati
437 1325 525 1400 sunt,
555 1320 651 1385 ueluti
678 1317 760 1384 iilius
786 1318 851 1384 filia
879 1338 975 1401 nepos
1005 1319 1106 1398 neptis
1135 1337 1204 1400 pro-
1238 1308 1254 1358 ⁵

89 1459 178 1522 napos
210 1439 372 1522 proneptis
399 1447 493 1522 atque
525 1437 575 1504 his
607 1437 784 1504 inferiores:
821 1457 858 1504 en
891 1438 1016 1502 latera
1040 1451 1120 1502 uero
1149 1439 1203 1520 qui
1243 1457 1248 1500 :

91 1578 181 1642 neque
222 1578 279 1624 nos
323 1565 501 1640 genuerunt
542 1575 644 1638 neque
688 1577 707 1622 a
750 1559 839 1623 nobis
882 1559 980 1640 geniti
1017 1565 1109 1634 sunt,
1151 1558 1203 1636 qui

91 1686 184 1744 tamen
218 1680 347 1744 eandem
383 1678 534 1759 originem
568 1695 605 1742 ac
641 1679 776 1743 radicem
814 1680 972 1743 nobiscum
1010 1695 1204 1743 communem

91 1797 206 1877 habent,
229 1797 329 1862 ueluti
351 1795 449 1862 irater
472 1814 562 1861 soror
583 1805 715 1879 patruus
738 1804 907 1862 matertera
922 1796 1094 1862 auunculus
1110 1797 1205 1864 amita

93 1919 285 2004 consobrinus
327 1919 512 1983 consobrina
549 1917 664 2000 quique
701 1918 773 1982 inde
808 1917 1010 1982 descendunt.
1066 1916 1204 1980 lateralis
1225 1917 1256 1970 10

93 2056 159 2103 uero
188 2039 330 2118 coguatio
358 2038 390 2102 in
420 2037 482 2102 duo
500 2028 633 2119 'genera
666 2037 833 2103 diuiditur:
860 2039 1065 2118 adgnatorum
1096 2053 1205 2116 nempe

94 2162 122 2220 et
140 2164 350 2240 cognatorum.
384 2159 513 2240 adgnati
535 2165 610 2224 sunt
632 2179 687 2240 per
708 2159 820 2237 uirilis,
843 2158 967 2242 cognati
990 2177 1045 2240 per
1067 2157 1204 2224 feminini

96 2294 177 2342 sexus
198 2297 349 2361 personas
376 2281 561 2360 cognatione
590 2281 755 2344 coniuncti.
804 2287 935 2359 uterque
964 2284 1067 2343 autem
1096 2295 1205 2358 cogua-

94 2397 176 2461 tionis
212 2399 288 2463 ordo
330 2399 433 2463 uarios
473 2399 569 2463 habet
609 2399 813 2478 diuersosque
851 2397 976 2478 gradus.
1036 2403 1085 2462 set
1122 2397 1205 2478 quod

94 2515 128 2580 ad
158 2523 303 2598 parentes
336 2505 514 2599 liberosque
555 2516 726 2598 simplicior
765 2517 993 2599 quodammodo
1036 2521 1067 2580 et
1107 2514 1207 2580 facilis
1227 2521 1258 2573 lo

95 2637 238 2717 graduum
278 2642 328 2702 est
367 2637 557 2719 perspectio:
601 2655 744 2718 quaeque
782 2635 864 2702 enim
906 2637 1014 2702 harum
1062 2654 1207 2718 persona-

95 2775 154 2819 rum
185 2756 319 2838 gradum
353 2755 448 2834 iacit,
488 2775 524 2821 ac
561 2755 742 2838 simpliciter
782 2762 859 2838 quot
898 2757 1113 2838 generationes
1160 2759 1208 2820 tot

95 2875 209 2954 gradus.
268 2874 423 2940 diiiiciiior
459 2882 565 2942 autem
604 2895 661 2942 nec
702 2876 861 2942 intellectu
901 2875 999 2942 iaoiiis
1037 2895 1074 2940 ex
1107 2874 1207 2940 trans·

95 3012 177 3058 uerso
202 2995 357 3077 graduum
390 2996 547 3062 inuentus.
600 3001 725 3078 oportet
757 2997 836 3060 enim
870 3013 927 3060 nos
959 3013 1020 3060 non
1053 2994 1135 3059 iliico
1167 2995 1207 3059 ad

95 3125 247 3191 personam
286 3135 324 3180 ex
359 3120 540 3186 transuerso
577 3117 666 3182 nobis
702 3118 839 3181 iunctam
878 3117 1026 3193 tendere,
1063 3121 1111 3178 set
1146 3113 1208 3192 pri·
1226 3125 1260 3176 ao

97 3251 170 3298 mum
197 3234 236 3298 ad
264 3240 411 3316 parentes
439 3236 522 3300 unde
552 3254 589 3300 ea
611 3235 755 3316 cognatio
777 3241 847 3300 orta
871 3240 926 3313 est,
950 3252 1048 3314 eaque
1071 3233 1207 3308 inuenta,

99 3352 133 3415 ad
165 3351 249 3418 iliam
287 3353 411 3436 regredi
452 3372 489 3419 eo
529 3372 629 3435 usque
669 3356 766 3421 donec
803 3372 966 3436 personam
1004 3352 1209 3429 inueniamus,

100 3489 131 3535 cx
150 3480 328 3538 transuerso
350 3491 515 3555 personam
539 3475 721 3550 decurrere,
749 3481 844 3556 atque
872 3474 918 3539 sic
947 3489 1054 3538 omnes
1082 3489 1210 3553 genero·

100 3590 188 3656 dones
209 3613 374 3660 numerare
396 3599 459 3658 tam
483 3594 513 3658 in
536 3595 689 3660 adscensu
712 3613 806 3677 quam
828 3595 859 3658 in
882 3594 1043 3660 descensu.
1087 3609 1208 3658 omnem
