2898 4712
564 337 799 400 -262-

120 526 224 607 petris
245 526 327 591 bona
349 526 550 608 pertinerent,
575 531 679 591 utrum
701 525 742 590 ad
764 525 879 591 liberos
901 545 941 591 an
964 525 1058 590 etiam
1075 523 1114 589 ad
1130 525 1245 606 adgna-

122 653 183 710 tos.
228 647 348 710 namsi
371 643 467 710 filium
491 647 594 712 meum
616 665 673 727 ego
701 644 979 727 emancipauerim,
1008 647 1075 726 ipse
1101 662 1177 710 uero
1200 661 1248 709 se·

122 775 188 830 met
208 765 241 830 in
263 765 498 847 adrogationem
521 765 603 830 Titio
625 765 762 840 dederit,
792 783 849 846 ego
879 773 984 830 autem
1012 765 1165 846 adgnatos
1188 764 1242 829 ha-

122 885 201 950 bens
223 887 348 963 moriar,
370 884 443 950 licet
464 883 547 949 Titio
572 883 670 950 filium
699 885 731 950 in
755 884 923 966 adoptione
953 884 1104 950 retinenti
1125 884 1244 950 aditum

122 1004 270 1084 adgnatis
291 1005 466 1085 relinquere
488 1004 528 1070 ad
551 1005 772 1081 hereditatem3
795 1005 846 1070 uel
868 1004 894 1068 si
917 1005 1063 1070 maluerit
1085 1001 1172 1068 illum
1195 1021 1244 1068 me
1280 1003 1296 1054 ⁵

121 1133 248 1192 mortno
264 1127 459 1204 emancipare
474 1131 510 1190 ut
523 1123 650 1204 adgnati
666 1126 791 1207 quidem
807 1124 1008 1203 repellantur,
1032 1125 1099 1205 ipse
1115 1143 1191 1188 uero
1205 1123 1246 1187 ad

122 1244 351 1310 successionem
368 1263 468 1309 meam
483 1251 623 1322 nocetur,
646 1261 721 1308 sane
735 1249 848 1325 potest
871 1241 1042 1308 adsurdum
1059 1246 1163 1307 antem
1181 1259 1249 1308 esse

121 1364 259 1428 diximus
280 1364 312 1430 in
335 1365 476 1445 adoptini
499 1365 597 1444 patris
620 1369 776 1445 potestate
798 1381 867 1429 esse
890 1363 944 1446 qni
969 1361 1044 1426 mihi
1067 1363 1250 1441 succedant,

74 1498 110 1548 ιι.
121 1491 231 1550 utrum
254 1483 334 1548 filius
357 1503 445 1550 meus
467 1502 507 1549 an
529 1484 666 1566 adgnati.
719 1487 767 1547 ll.
800 1484 904 1562 Quare
932 1484 1070 1566 (oportet
1099 1483 1180 1548 enim
1208 1459 1268 1547 ad*

120 1604 202 1670 illud
226 1604 328 1669 redire
350 1606 433 1685 quod
455 1605 562 1687 paucis
585 1614 658 1670 ante
681 1604 815 1670 diximus
838 1602 1068 1686 emancipatum
1091 1603 1131 1668 ab
1151 1603 1246 1684 adop·
1267 1615 1297 1666 ιο

120 1726 192 1790 tino
215 1731 304 1807 patre
331 1737 482 1806 qnantum
512 1724 557 1788 ad·
580 1741 650 1790 eum
679 1733 859 1790 extraneum
886 1723 1020 1804 censeri)
1045 1723 1146 1787 minus
1168 1721 1248 1786 iuris

121 1846 244 1910 habent
264 1845 406 1926 adoptiui
428 1861 521 1924 qnam
544 1844 702 1910 naturales
724 1844 823 1909 liberi.
869 1841 1022 1909 naturalis
1053 1845 1143 1908 enim‘
1165 1839 1247 1908 fitius

122 1983 214 2029 meus
237 1965 449 2045 emancipatus
472 1964 617 2046 quamuis
638 1963 689 2029 ius
711 1965 913 2029 successionis
934 1963 1004 2026 iure
1027 1959 1110 2028 ciuili
1127 1963 1247 2042 perdat,

124 2091 264 2149 attamen
286 2100 307 2148 a
329 2094 473 2164 praetore
494 2083 565 2148 filiis
589 2091 840 2150 connumeratur.
885 2083 1024 2163 adoptiui
1046 2102 1124 2147 uero
1147 2101 1249 2148 eman·

125 2204 221 2282 cipati
244 2211 276 2268 et
297 2205 365 2269 iure
387 2205 472 2270 ciuili
494 2207 632 2287 perdunt
654 2207 785 2288 gradum
808 2203 977 2272 liberorum
1008 2215 1040 2272 et
1062 2225 1081 2270 a
1103 2209 1299 2287 praetcre15

125 2343 186 2391 non
210 2322 408 2390 adiuuantnr.
461 2333 493 2392 et
520 2333 619 2392 recte:
649 2325 806 2392 naturalia
833 2327 914 2391 euim
941 2327 1010 2392 iure
1039 2323 1141 2390 ciuilis
1171 2326 1250 2390 ratio

118 2463 286 2526 peremere
308 2463 369 2510 non
391 2451 505 2527 potest,
527 2463 594 2524 nec,
617 2447 691 2528 quia
714 2446 861 2512 desinunt
882 2447 931 2512 sui
946 2446 1079 2510 heredes
1095 2462 1173 2521 esse,
1197 2445 1249 2508 de*

127 2565 233 2630 sinunt
261 2572 375 2630 nature
401 2563 457 2629 filii
491 2563 614 2632 filiaeue
647 2573 776 2648 nepotes
805 2573 956 2646 ueptesue
990 2583 1077 2630 esse:
1103 2563 1248 2646 adoptiui

128 2703 203 2748 nero
225 2685 411 2767 emancipati
433 2686 571 2751 extranei
594 2684 746 2769 incipiunt
768 2703 853 2759 esse,
876 2703 987 2750 nomen
1020 2683 1101 2749 enim
1133 2681 1188 2748 filii
1211 2681 1250 2747 fi-

129 2803 229 2869 liaeue
250 2805 334 2886 qnod
356 2823 413 2885 per
435 2804 630 2886 adoptionem
653 2811 727 2869 sunt
748 2805 914 2881 consecuti,
937 2803 999 2868 alia
1014 2801 1100 2869 ciuili
1117 2801 1249 2879 ratione,
1267 2808 1301 2861 ao

85 2927 122 2978 12.
131 2923 164 2986 id
186 2931 232 2987 est
253 2923 499 3006 emancipatione
527 2925 672 3004 perdunt
699 2923 773 2988 .12.
808 2923 894 2989 Haec
921 2941 983 2988 nnn
1011 2923 1111 2988 solum
1142 2923 1180 2989 de
1209 2923 1260 3020 ab¹

131 3041 277 3108 intestato
298 3043 496 3109 successione
517 3042 649 3109 dicenda
670 3050 753 3122 sunt,
776 3050 825 3108 set
847 3044 940 3110 etiarn
968 3043 1008 3109 de
1030 3049 1139 3108 contra
1160 3026 1258 3109 tabu·¹
