2960 4704
679 361 890 423 ..24-

227 546 332 623 adroic
359 545 554 634 ἐχαρίσαντο,
584 545 718 630 θβρισαν
746 548 783 610 δὲ
820 546 934 619 αὐτοὺς
959 547 1073 633 μόνηῑ)
1104 545 1346 634 πρασηχορίᾳβ)
1475 567 1476 574 “

227 647 396 714 dediticius
418 650 641 732 ὠνομάσαντες
663 650 741 730 quia
762 649 839 715 uicti
860 669 931 714 εεεε
962 647 1162 732 ᾱοᾱετυοῌ)
1193 649 1346 713 τουτέστιν
1474 689 1475 692 =

226 748 368 835 ἐπειδήῧ)
401 749 588 838 ἡττηθέντες
609 750 740 824 ἑαυτοὺς
768 749 989 814 ἐκδεδώκαυιν.
1042 753 1092 815 καὶ
1119 749 1204 813 οὗτοι
1232 749 1288 814 οθν
1319 753 1347 814 oi
1476 775 1477 816 ι

227 851 433 935 ἀπελεύθεροι
455 852 544 932 ὑπὸέ)
575 855 630 916 τοῦ
659 851 745 916 aeliu
773 851 878 916 sentin
914 852 1147 939 ὠνομάσθησαν
1175 851 1346 916 dediticioi.

191 956 470 1039 5xocvwvvjoavrec
492 955 552 1038 γὰρ
579 953 717 1036 αὐτοῖςέ)
746 960 801 1040 τῆς
830 955 1036 1042 αλσχρότητος
1064 955 1274 1042 ἐκοινώνησαν
1302 958 1347 1020 καί

227 1065 283 1145 τῆς
305 1057 526 1143 προσηγορίας.
565 1056 636 1119 ἀλλ’
659 1059 687 1119 oi
707 1060 764 1138 μέν
787 1056 949 1123 dediticioi
973 1055 1011 1122 ἐκ
1027 1057 1177 1121 πλείστων
1201 1055 1262 1144 ήδη
1286 1060 1346 1120 τών

221 1161 347 1247 χρόνων
370 1161 414 1235 ελς
435 1159 626 1247 ἀσυνήθειαν
653 1158 836 1247 ἐχώρησαν·
867 1163 902 1223 τὸ
933 1159 972 1223 δέ
1001 1163 1064 1224 τών
1092 1157 1222 1223 latinum
1248 1157 1346 1240 ὄνομα

226 1259 283 1325 οὐκ
310 1261 349 1350 ήν
376 1260 413 1326 ἐν
441 1267 505 1336 τοῖς
534 1262 753 1349 συχνάζουσιν,
782 1253 859 1327 ίίθεν
888 1264 937 1326 καί
963 1264 980 1323 ὁ
1012 1262 1168 1348 ήμέτερος
1198 1260 1348 1342 βασιλεὺς

227 1361 332 1436 αὔξων
354 1364 477 1427 ἅπαντα
499 1365 547 1426 καὶ
569 1363 613 1436 είς
636 1363 776 1426 καλλίονα
800 1365 885 1436 τάξιν
910 1363 1103 1447 μεταφέρων
1133 1361 1168 1426 ἐν
1196 1361 1254 1426 δύο
1285 1361 1348 1425 δια·
1477 1381 1478 1420 3

177 1481 210 1532 10
227 1466 333 1538 τάξεσι
356 1467 393 1529 τὰ
416 1463 476 1529 τών
500 1467 638 1529 παλαιῶν
660 1463 830 1548 διώρθωσε
859 1465 1036 1550 πταίσματα
1063 1464 1184 1528 ἀνελὼν
1207 1466 1347 1550 τὴντῶν

225 1565 405 1632 dediticiwn
432 1591 468 1630 τε
503 1570 550 1631 καὶ
578 1565 708 1631 latinam
738 1568 844 1656 τύχην,
879 1569 924 1644 είς
957 1567 993 1632 δὲ
1020 1570 1054 1632 τδ
1082 1567 1214 1656 ἀρχαῖον
1245 1571 1349 1656 σχῆμα

225 1669 263 1731 τὰ
285 1672 347 1732 τών
376 1668 601 1753 ἀπελευθέρων
631 1668 905 1746 ἀνακαλεσάμενος
939 1672 987 1733 καί
1007 1670 1161 1757 μονοειδῆ
1191 1670 1243 1755 τήν
1274 1667 1347 1730 ἀπε·

225 1769 470 1856 λευθερότηταέ)
495 1772 635 1858 ποιήσας.
680 1769 788 1858 ἐπειδή
812 1773 861 1835 καί
891 1770 927 1836 ἐκ
950 1772 1120 1854 προοιμίων
1149 1773 1169 1856 ή
1195 1767 1348 1856 ῥωμαίων

226 1869 307 1960 ἀρχή
340 1873 439 1960 ἁπλήν
465 1893 533 1936 τινα
564 1873 617 1958 τήν
652 1875 713 1936 τών
746 1871 971 1957 ἀπελευθέρων
1006 1873 1126 1956 αἳρεσιν
1155 1871 1349 1959 ήπίστατοβ)

177 1987 208 2039 15
226 1965 336 2056 ώςτεθ)
359 1973 413 2060 τήν
435 1971 531 2060 αὐτήν
553 1971 634 2061 ἔχειν
656 1973 841 2058 ἐλευθερίαν
863 1977 901 2064 ήν
923 1977 973 2039 καί
995 1977 1013 2038 ὁ
1035 1974 1260 2060 ἐλευθερώσας
1281 1972 1350 2037 ἐκέ-

225 2097 326 2161 ιιτητο,
349 2076 398 2138 καί
420 2073 625 2161 ἀμφοτέρους
647 2076 724 2140 ελναι
745 2076 869 2150 πολίτας
893 2077 1073 2161 ρωμαίους,
1100 2076 1135 2140 ἐν
1165 2076 1266 2160 τούτῳ
1291 2075 1352 2156 μά-

226 2199 278 2240 υον
301 2180 356 2263 τῆς
377 2176 535 2263 διαφορᾶς
556 2176 661 2263 οὔσης,
684 2168 730 2240 ίίτι
756 2178 852 2260 ὁμὲν
881 2175 1151 2261 ἐλευθερούμενος
1176 2175 1351 2242 ἀπελεύθε-

223 2301 285 2360 ρος
304 2278 354 2366 ήν,
376 2279 404 2343 ελ
425 2281 474 2342 καί
499 2281 517 2342 d
544 2278 725 2363 ἐλευθερῶν
759 2279 888 2366 εὐγενής
926 2277 1074 2369 ὑπῆρχεν.
1119 2282 1150 2344 4.
1184 2279 1240 2344 Καί
1272 2277 1349 2353 τοὺς
1365 2283 1395 2332 4-

224 2381 281 2465 μὲν
305 2377 472 2444 dediticius
494 2381 633 2455 διάταξις
655 2379 756 2445 ἀνεῖλε
780 2385 834 2448 τοῦ
857 2380 1022 2446 θειοτάτου
1043 2381 1235 2464 βασιλέωςθ)
1267 2379 1351 2443 ἀντι-

175 2495 210 2547 20
226 2485 387 2566 γραφεῖσα
409 2484 489 2565 πρὸς
509 2481 713 2566 suggestions.
734 2483 797 2548 ἀπὸ
820 2485 1037 2568 τριβουνιανοῦ
1059 2487 1115 2550 τοῦ
1129 2486 1352 2569 ὑπερφυεστά·

227 2607 282 2648 του
304 2583 499 2670 κοιαίστορος
518 2587 556 2672 ήν
578 2587 646 2660 ταῖς
668 2584 858 2669 ἀεοὶείοεὶῐθ)
888 2585 1194 2672 συναριθμουμένην,
1226 2585 1351 2669 ἐξεφώ-

227 2686 348 2771 νησεῑῑ)
371 2686 426 2761 τὰς
456 2689 516 2750 τῶν
543 2686 684 2775 ἀρχαίων
710 2686 875 2772 διακρίνων
904 2685 1104 2773 ἀμφιβολίας.
1148 2687 1222 2761 τοὺς
1249 2686 1287 2750 δὲ
1307 2686 1354 2751 la·

226 2786 313 2852 tinus
333 2787 481 2853 iunianis
501 2790 551 2852 καί
572 2793 675 2852 πᾶσαν
683 2787 722 2870 ¹¹)
745 2790 811 2876 ἥτις
831 2788 933 2871 ἐπ’θ)
957 2787 1063 2864 αὐτοῖς
1084 2789 1123 2877 ήν
1140 2790 1356 2875 παραφυλαιὴ

227 2893 283 2954 τοῦ
305 2887 403 2956 αὐτοῦ
423 2889 716 2974 suggerefiontosu)
738 2890 947 2964 ἐνδοξοτάτου
974 2891 1169 2975 κοιαίστορος
1196 2893 1250 2978 τής
1272 2893 1358 2955 πολι·

176 3005 210 3057 25
226 2992 314 3066 τείας
335 2991 471 3080 ἐξήλασε
492 2992 537 3056 δι’
560 2994 673 3077 ἑτέρας
694 2995 878 3073 διατάξεως,
905 2995 989 3082 ήνῑὸ)
1018 2993 1239 3078 ἐκλάμπουσαν
1267 2991 1356 3057 ἐστὶν

227 3095 302 3159 λδεῖν
311 3095 430 3178 μεταξὺ
443 3098 504 3158 τών
515 3095 681 3177 βασιλικῶν
693 3095 876 3174 διατάξεων,
889 3090 1013 3178 (ierem)
1028 3095 1146 3171 πάντας
1159 3093 1360 3176 ἐλευθέρους

228 3197 351 3272 πολίτας
366 3196 443 3262 εἶναι
454 3198 627 3283 ῥωμαίους,
636 3197 793 3284 μηδεμιᾶς
811 3193 907 3285 οὔσης
918 3199 988 3283 περί
1000 3196 1159 3282 διαφορᾶς
1169 3195 1224 3282 τήν
1236 3196 1359 3283 ήλικίαν

232 3297 287 3364 τοῦ
307 3295 576 3383 ἐλευθερουμένου
598 3299 619 3387 ἦ
639 3300 695 3385 τήν
717 3299 898 3363 δεσποτείαν
921 3299 977 3363 τοῦ
992 3295 1278 3383 ἐλευθεροῦντοςή
1300 3303 1354 3360 τὸν

295 3519 318 3583 ¹)
334 3517 418 3580 μόνον
437 3516 466 3570 P.
568 3517 591 3582 λ)
609 3515 769 3572 dediderunt
786 3517 818 3572 F.
836 3515 878 3572 de.
897 3517 945 3580 R...
966 3517 1014 3586 qui
1031 3516 1126 3572 habet:
1143 3517 1186 3569 ὅτι
1204 3515 1350 3569 incedim-

228 3619 271 3653 σιν
290 3601 413 3660 ἐαυτοάς.
516 3601 539 3668 ³)
556 3600 709 3670 ἐπειδήπερ
728 3601 758 3655 P.
861 3603 885 3667 ⁴)
903 3599 957 3654 ἀπὸ
978 3599 1008 3656 P.
1027 3599 1059 3655 F.
1077 3599 1111 3654 R.
1220 3602 1244 3664 ὅ)
1269 3599 1353 3668 αὐτῆς

227 3682 278 3740 (3¹.
296 3684 328 3739 F.
436 3685 460 3751 6)
476 3685 638 3754 ἐλευθερίαν
657 3685 687 3739 Ρ.
799 3685 822 3751 ¹)
839 3685 983 3738 τουτέστιν
1003 3683 1033 3738 P.
1146 3684 1170 3752 8)
1187 3685 1214 3741 d.
1233 3685 1264 3738 F·
1282 3682 1353 3744 ἀςτε

227 3769 272 3821 καί
288 3769 338 3824 Ῑιῑ.
439 3770 463 3836 ⁹)
479 3772 555 3841 ήμῶν
573 3769 634 3825 add.
652 3770 683 3824 P.
786 3771 823 3833 ¹⁰)
841 3768 1025 3824 decisionibus
1047 3769 1080 3823 F.
1103 3769 1161 3829 ταῖς
1189 3769 1356 3838 ἀναιρέσεσι

228 3852 289 3908 uid.
307 3852 337 3907 P.
451 3857 487 3924 11)
503 3857 565 3916 ταῖς
581 3856 635 3909 δεκ.
654 3855 905 3926 συναριθμουμένη,
926 3851 963 3913 df
979 3852 1056 3923 ἐξεφ.
1074 3853 1104 3908 Ρ.
1226 3855 1262 3920 1²)
1278 3855 1357 3905 πᾶσα

195 3939 447 3996 .1.1.1.².1·“.13.
560 3941 596 4010 1³)
616 3942 664 3993 ὑπ’
682 3941 714 3994 F.
732 3941 803 4011 παρ’
821 3941 853 3994 R.
970 3939 1006 4002 1⁴)
1024 3938 1251 4008 σουῃερειίοντος
1268 3939 1298 3994 Ρ.
1314 3937 1357 3992 R.

227 4023 287 4093 ήτοι
304 4023 513 4090 έκλιπαροῢντος
530 4022 572 4078 εδ.
591 4023 621 4078 Ρ.
724 4025 759 4092 15)
777 4025 821 4077 καί
841 4024 876 4079 R.
997 4025 1034 4090 16)
1053 4025 1091 4084 ἀς
1108 4022 1138 4077 Ρ.

296 4131 324 4196 ε)
342 4126 375 4181 τί.
394 4126 454 4180 Gai.
474 4131 497 4190 l,
517 4129 626 4182 13-15.
