2898 4712
540 317 575 328 -
623 279 771 348 242-

96 465 298 539 dimidia.«
345 473 483 534 aeterum
510 473 614 534 autem
644 468 863 551 stipulationes
885 467 1036 534 eiusmodi
1059 469 1142 532 inter
1164 483 1217 532 eos

95 586 221 654 fiebant.
277 587 368 654 heres
401 607 420 652 a
453 590 603 672 legatario
637 589 683 654 sio
716 587 939 671 stipulabatur:
977 585 1218 668 »apondesne

95 708 302 789 legantis,
326 709 357 774 si
380 717 600 774 conuentus
622 709 681 774 XX
704 727 851 774 aureos
873 705 1049 784 soluero,
1073 703 1102 770 X
1124 707 1217 771 mibi

95 827 239 894 darec?
265 835 298 894 et
321 830 543 911 respondebat:
570 829 756 909 spondeo.
806 846 887 909 quae
917 827 1077 909 stipulatio
1104 844 1217 908 »per-

96 947 145 1013 tis
167 957 207 1014 et
230 968 298 1030 pro
321 956 460 1031 parte«
488 949 669 1014 notabatur.
705 949 744 1014 ad
768 947 1004 1014 similitudinem
1027 948 1124 1028 igitur
1145 964 1216 1028 par·
1250 955 1267 1006 5

96 1067 175 1134 tiarii
192 1069 337 1150 legatarii
354 1068 554 1149 stipulatione
570 1069 652 1133 inter
671 1067 816 1134 heredem
840 1071 934 1150 atque
954 1085 1036 1148 enm,
1060 1067 1109 1132 cui
1131 1064 1217 1131 fidei·
1242 1057 1247 1066 ’

96 1189 291 1254 commissum
315 1190 550 1270 restituebatur,
573 1188 798 1254 intercedebat.
837 1195 869 1254 et
891 1188 1104 1270 stipulabatur
1125 1187 1216 1252 heres

95 1310 148 1374 hoc
183 1311 294 1376 modo:
328 1310 568 1390 spondesne,
602 1306 1000 1380 fideicommissarie,
1034 1305 1066 1370 si
1099 1305 1216 1371 XXXX

95 1446 236 1496 aureos
262 1449 282 1494 a
310 1449 365 1495 me
392 1430 574 1496 creditor
602 1429 876 1496 hereditarius
904 1428 1099 1512 exegerit,
1127 1426 1216 1492 XXX

96 1549 187 1612 mihi
211 1548 354 1615 norea?
376 1557 409 1614 et
430 1551 457 1614 is
480 1551 535 1632 qui
557 1548 828 1615 fideicommissum
856 1556 1020 1631 acceperat
1042 1565 1152 1613 rursus
1174 1546 1214 1612 ab
1235 1549 1267 1601 1⁰

95 1667 208 1734 herede
234 1669 279 1733 ita
305 1667 531 1748 stipulabatur:
565 1671 826 1766 »spondesna
854 1670 985 1747 heras,
1006 1669 1039 1733 si
1062 1685 1082 1732 a
1104 1667 1215 1733 dabi-

97 1793 173 1854 tore
207 1789 459 1856 hereditario
492 1787 611 1856 XXXX
641 1807 785 1856 aureos
815 1788 941 1855 lueris
974 1795 1213 1855 consecutus

95 1907 179 1973 XXX
203 1908 298 1973 mibi
321 1907 451 1976 darei«
484 1918 515 1976 et
541 1911 646 1976 aiebat
674 1911 780 1976 heres:
818 1909 1052 1992 »spondeo«.
1109 1911 1214 1975 etita

95 2027 232 2112 legatarii
256 2029 322 2096 loco
346 2029 519 2096 habebatur
545 2029 599 2113 qui
630 2049 686 2111 per
713 2028 984 2099 fideicommissum
1007 2027 1211 2120 hereditatem

97 2157 264 2232 acceperat,
287 2157 382 2232 atque
403 2149 523 2219 lucrum
547 2158 579 2217 et
601 2151 746 2216 damnum
769 2150 853 2216 inter
869 2170 938 2218 eum
955 2157 1050 2230 atque
1065 2151 1211 2216 heredem
1233 2155 1263 2207 15

97 2287 149 2351 pro
170 2275 240 2336 rata
262 2288 424 2335 commune
446 2289 515 2336 esse
537 2272 711 2353 oportebat.
762 2277 795 2335 et
824 2271 1008 2338 dicebantur
1029 2270 1212 2336 huiuamodi

65 2392 308 2472 astipulationes
334 2391 487 2473 »partis
509 2400 546 2456 et
567 2409 637 2474 pro
665 2397 809 2473 parta«
862 2391 890 2454 6.
925 2389 1054 2473 Itaque,
1081 2397 1117 2456 nt
1144 2391 1211 2456 bre

100 2511 165 2576 ains
185 2513 296 2590 dicam,
320 2512 347 2576 si
369 2511 494 2594 quidem
517 2512 700 2578 dodrantem
724 2513 895 2578 autetiam
925 2514 1027 2577 minus
1049 2511 1140 2577 heres
1163 2531 1211 2576 ro-

100 2639 183 2712 gatus
212 2633 254 2696 sit
283 2633 466 2712 restituere,
495 2638 526 2697 et
555 2634 759 2714 quadrantem
790 2652 826 2698 ex
855 2633 1019 2698 uoluntate
1049 2615 1210 2699 testatoris

100 2752 232 2830 retineat,
250 2761 308 2818 aut
330 2753 428 2836 magis
449 2770 543 2832 quam
566 2753 781 2834 quadrantem,
805 2759 871 2819 tum
887 2773 925 2820 ex
940 2752 1209 2822 senatusconsulto
1227 2741 1262 2794 2⁰

103 2871 274 2938 trebelliano
297 2873 454 2938 restitutio
476 2869 520 2938 fia
566 2879 598 2938 et
623 2871 656 2936 in
684 2873 868 2938 dodrantem
895 2875 1020 2956 qnidam
1050 2873 1078 2940 is
1100 2875 1153 2955 qni
1175 2871 1209 2940 fi-
