2864 4736
519 371 761 435 -419-

88 548 166 610 bona
193 545 255 610 lide
285 546 490 628 possederam
523 551 555 610 et
587 545 718 610 fortuitu
754 546 921 609 amiseram
955 546 1199 628 possessionem,

87 669 204 734 inuenit
233 674 363 752 praetor
385 670 418 734 in
440 689 506 734 rem
530 669 701 750 actionem,
730 670 762 734 in
790 689 854 750 qua
880 670 926 734 ita
949 669 1068 734 dicam:
1093 671 1201 751 ‘quod

85 795 176 858 banc
192 813 270 858 rem
288 813 332 858 ex
349 794 453 858 iusta
466 814 600 876 eausa,
618 794 739 859 ueluti
758 793 962 877 emptionis
982 794 1201 859 donationis

86 917 198 999 dotis,
222 919 320 982 bona
342 919 421 983 fide
444 919 706 1002 possidebam,
742 919 919 983 currebat
953 925 1076 983 autem
1109 919 1202 983 mibi

32 1117 39 1128 ο
86 1043 268 1124 usucapio
292 1062 334 1106 ao
358 1043 481 1108 medio
510 1050 694 1126 tempore,
723 1049 923 1125 antequam
950 1043 1200 1126 usuceperim,
1238 1059 1254 1110 5

85 1167 327 1250 possessione
351 1167 491 1232 excidi:
516 1168 548 1232 ai
571 1187 646 1232 rem
670 1168 944 1251 usuoepissem,
972 1174 1049 1232 tum
1073 1168 1104 1232 si
1128 1188 1202 1232 rem

84 1310 202 1356 meam
226 1311 312 1356 esse
336 1294 557 1374 oporteret’.
599 1291 679 1356 baec
695 1292 779 1356 actio
795 1291 832 1356 in
855 1312 932 1357 rem
957 1291 1200 1375 ‘publiciana'

85 1415 278 1498 appellatus,
313 1416 461 1498 qnoniam
491 1415 610 1499 primus
633 1415 794 1480 Publicius
821 1422 949 1500 praetor
976 1436 1047 1481 eam
1074 1416 1202 1480 inuenit.

54 1552 74 1601 5.
84 1543 112 1605 5.
134 1539 257 1604 Rursus
281 1559 321 1604 ex
351 1540 477 1605 diuerso
506 1541 628 1605 iurem
656 1540 834 1605 intenditur.
880 1560 953 1605 nam
981 1541 1009 1605 si
1036 1540 1106 1621 quis
1136 1560 1202 1604 rem

84 1683 186 1727 meam
204 1663 365 1729 bonafide
382 1664 546 1747 possideat
569 1671 601 1730 et
624 1664 738 1729 deiude
753 1664 948 1748 reipublicae
968 1684 1066 1729 causa
1090 1665 1202 1729 abesse
1223 1681 1257 1732 10

85 1788 241 1872 coeperit,
266 1789 366 1854 ueluti
389 1789 548 1872 legatione
571 1790 720 1872 fungens,
748 1789 801 1853 uel
823 1789 856 1853 in
883 1789 1019 1854 boatium
1046 1795 1203 1873 potestate

83 1913 192 1995 fuerit,
222 1919 318 1994 atque
348 1914 485 1996 interim,
516 1914 590 1978 dum
618 1914 672 1978 ille
699 1915 792 1978 abest
822 1920 876 1978 aut
899 1913 984 1997 apud
1013 1913 1120 1979 hostes
1144 1919 1202 1996 est,

84 2036 288 2120 usucapionis
315 2044 440 2120 tempus
468 2038 650 2120 impleatur,
682 2045 713 2102 et
740 2037 890 2120 deinceps
918 2043 1096 2102 reuertatur
1123 2038 1204 2102 alter

84 2180 122 2224 ex
149 2161 422 2244 peregrinatione,
457 2162 538 2226 alter
568 2163 609 2226 ab
637 2162 793 2242 hostibus,
829 2161 938 2226 licebit
969 2161 1044 2225 mibi
1077 2161 1202 2226 domino

83 2283 165 2348 intra
195 2305 312 2349 annum
344 2293 416 2368 post
448 2285 596 2368 reditum,
630 2286 767 2350 rescissa
797 2286 1005 2369 usucapione,
1040 2305 1107 2350 rem
1135 2285 1256 2351 uin-15

85 2408 201 2473 dicare.
264 2409 335 2474 dico
371 2410 467 2474 enim:
511 2411 553 2474 ‘si
598 2410 847 2475 aduersarius
892 2429 969 2474 rem
1009 2429 1083 2473 non
1119 2428 1203 2472 usu·

84 2533 269 2616 cepisset,
303 2540 392 2600 tnnc
419 2534 452 2599 si
483 2554 559 2599 rem
590 2555 706 2600 meam
735 2555 818 2600 esse
851 2534 1067 2617 oporteret’.
1121 2533 1204 2598 eius-

83 2657 167 2721 modi
193 2664 299 2722 antem
322 2678 422 2742 genus
446 2659 479 2723 in
501 2679 568 2724 rem
583 2659 717 2724 actionis
734 2665 766 2723 et
781 2658 853 2724 aliis
869 2658 1055 2740 quibusdam
1079 2663 1205 2741 praetor

84 2781 179 2845 simili
205 2783 367 2862 aequitate
390 2789 493 2848 motus
513 2783 742 2864 accomodanit,
768 2783 859 2848 sicuti
880 2803 919 2847 ex
934 2782 1100 2847 latioribus
1116 2781 1205 2845 libris
