2876 4712
508 347 737 412 -280-

41 553 59 604 o.
75 535 166 602 edent
207 534 237 598 3.
272 533 495 602 Preeieruntur
516 539 622 603 nutem
651 536 743 602 metri
765 536 798 604 in
820 537 995 605 hereditate
1016 536 1107 606 liberi
1129 539 1182 608 ds-

73 653 169 720 functi.
212 656 239 720 si
261 657 342 721 enim
365 657 435 736 quis
457 654 571 722 liberos
594 663 788 738 matremque
810 657 987 740 relinquens
1002 658 1180 736 decesserit,

72 775 131 840 eius
152 775 241 840 liberi
264 774 404 854 odibunt,
421 777 474 859 qni
489 777 538 841 sui
553 775 617 841 sint
640 775 691 843 uel
712 796 840 844 snorum
862 777 939 856 loco,
962 775 1061 843 ueluti
1078 795 1181 843 emon·

70 895 169 973 cipnti:
191 896 259 960 siue
281 895 373 978 primi
399 895 515 978 gradus
538 896 605 961 siue
627 897 754 962 secundi
784 895 852 962 siue
881 895 1045 961 ulterioris.
1090 894 1116 960 si
1139 893 1179 960 ie·

70 1015 145 1078 minu
169 1012 212 1079 sit
239 1020 372 1092 mortno,
400 1014 498 1094 ipsius
521 1015 575 1080 tilii
604 1014 709 1080 uniam
739 1033 829 1080 suom
856 1013 1022 1082 succedere
1052 1033 1112 1080 non
1141 1015 1178 1080 si·
1214 1011 1231 1060 ⁵

70 1140 147 1198 nunt
170 1131 222 1196 nir
237 1132 287 1198 uel
302 1133 418 1199 femine
431 1133 581 1200 decessit:
605 1141 695 1216 peter
716 1134 852 1211 extabat,
875 1134 907 1199 in
921 1133 1010 1200 ouius
1025 1139 1181 1214 potestate

69 1267 120 1315 nou
142 1258 248 1316 erent:
271 1253 398 1318 ertshm
419 1259 452 1318 et
466 1259 579 1319 meter:
602 1261 692 1335 peter
714 1258 931 1334 praeponetur.
954 1255 981 1318 si
1003 1271 1078 1318 uero
1101 1271 1180 1318 snus

69 1371 110 1435 nel
130 1389 269 1452 proauus
291 1379 427 1451 exteret,
450 1374 500 1438 cni
529 1371 619 1438 tiberi
641 1392 702 1439 non
725 1381 847 1451 essent,
875 1380 949 1438 tunc
970 1380 1070 1438 muter
1091 1389 1181 1453 pree·

68 1489 200 1569 terretur,
226 1497 335 1558 contre
356 1511 409 1558 cos
431 1498 553 1557 tantum
578 1493 617 1558 de
639 1492 812 1558 hereditate
839 1497 972 1558 certene.
1023 1497 1055 1556 et
1082 1492 1180 1555 freter

68 1607 196 1676 defuncti
219 1609 268 1675 uel
297 1611 461 1677 deiunctae
491 1613 741 1694 consanguineus
767 1609 866 1694 ipsius
895 1611 988 1676 metri
1017 1609 1230 1692 praeponi-10

66 1739 118 1796 tur.
154 1734 180 1796 si
204 1749 282 1798 uero
304 1733 534 1816 consanguinee
556 1737 641 1798 extet
662 1750 760 1812 soror,
783 1732 952 1798 concurrit:
976 1731 1033 1796 hoo
1056 1736 1104 1795 est
1124 1747 1179 1812 pa·

66 1853 132 1918 riter
152 1851 344 1918 admittitur.
388 1851 417 1916 si
440 1870 515 1918 uero
537 1850 636 1920 freter
659 1869 747 1918 soror
768 1857 802 1918 et
822 1856 922 1916 meter
944 1853 1097 1926 extorum,
1118 1846 1178 1912 irs·

66 1979 107 2036 ter
126 1973 219 2040 matri
242 1972 508 2054 praeponebatur,
528 1971 673 2054 quemuis
694 1972 744 2036 ius
765 1970 898 2036 filiorum
927 1969 1072 2034 heberet:
1100 1983 1179 2032 conn-

64 2092 154 2156 monis
175 2095 285 2156 nutem
307 2099 377 2157 erut
397 2089 556 2156 heredites
578 2089 670 2155 fratri
692 2109 728 2155 sc
750 2089 866 2166 sorori,
889 2089 934 2152 itu
964 2091 999 2150 nt
1020 2087 1088 2151 sine
1111 2091 1178 2150 tnn-

64 2217 120 2274 tnm
141 2211 242 2277 irater
264 2208 410 2276 defuncto
433 2217 526 2284 esset,
547 2209 616 2276 sine
638 2209 735 2274 irater
757 2227 795 2274 oc
817 2225 905 2273 soror
927 2211 960 2270 et
981 2209 1091 2283 meter,
1114 2221 1177 2269 ms·
1198 2225 1229 2275 15

63 2339 104 2396 ter
123 2328 351 2397 excluderetur.
389 2329 416 2394 si
439 2348 515 2394 uero
538 2327 636 2395 freter
658 2347 717 2393 non
741 2333 835 2406 extet,
859 2331 944 2392 extet
964 2327 1069 2389 eutem
1088 2339 1178 2389 soror

64 2458 171 2516 tontum
195 2455 231 2515 et
252 2455 362 2529 meter,
383 2455 458 2516 tunc
472 2448 632 2516 semissem
655 2455 764 2526 muter,
787 2445 947 2512 semissem
971 2450 1003 2511 et
1024 2462 1114 2510 soror
1128 2462 1178 2510 co·

31 2587 49 2634 t.
63 2571 127 2650 piet
176 2571 207 2634 4.
248 2567 335 2636 Huec
362 2587 438 2635 nero
466 2569 655 2651 antiquitus:
682 2568 863 2634 constitutio
892 2571 996 2632 eutem
1026 2561 1178 2646 principis

63 2693 149 2756 nostri
170 2688 241 2755 lete
263 2695 312 2754 est
332 2704 415 2769 quoe
436 2695 470 2754 et
491 2688 523 2753 in
546 2687 615 2754 eins
637 2686 742 2753 codice
765 2694 815 2753 cst
836 2685 972 2763 inserto,
1002 2701 1066 2764 qno
1087 2689 1177 2748 netu·

61 2827 118 2874 rum
140 2808 313 2892 respiciens
329 2818 361 2874 et
375 2806 532 2890 puerperii
548 2807 730 2890 periculum,
752 2804 837 2888 quod
853 2805 1020 2888 aliquando
1042 2808 1074 2868 ct
1096 2819 1177 2869 mor·
1192 2828 1229 2881 20

62 2935 115 2992 tem
142 2929 303 3006 intulerit,
336 2928 430 2995 metri
461 2926 708 2993 subueniendum
737 2943 806 2992 esse
835 2923 1014 2990 constituit:
1044 2923 1175 3003 ideoque

61 3047 177 3130 impium
190 3067 261 3114 esse
272 3048 405 3114 credidit
416 3046 638 3112 detrimentum
650 3047 677 3112 ei
689 3045 802 3110 odduci
812 3043 941 3110 fortuito
953 3060 1037 3122 cusu,
1049 3060 1109 3107 non
1122 3060 1175 3106 uo-

108 4245 204 4297 'l'neopin
217 4247 330 4290 Antecerr·
343 4257 384 4288 roc
399 4243 489 4288 Ferrim‘.
