2926 4708
513 361 744 424 -173-

82 551 185 622 eantur,
207 545 402 612 succedendo
422 546 490 611 inre
512 546 628 611 iactum
651 553 800 627 mmpunt
822 552 1053 612 testamentum.
1082 554 1114 614 et
1127 545 1185 613 hoc

83 667 138 746 lege
152 662 229 731 Iulia
245 663 373 730 Vellaeo
386 667 547 746 prouisum
563 671 612 730 est
629 665 661 730 in
681 683 744 747 qua
761 665 802 731 nd
824 665 1059 732 similitudinem
1083 673 1186 749 postn-

84 803 186 850 mcrum
201 785 372 850 exheredes
387 783 454 850 fieri
469 783 628 862 iubentur,
643 784 727 849 idest
741 801 839 866 nepos
854 783 1048 866 nominatim,
1069 783 1186 868 [neptis

54 927 71 976 a
84 913 170 970 autem
190 907 371 969 nominatim
387 905 450 986 nei]
466 905 550 969 inter
571 910 692 969 ceteros
715 903 818 985 iegato
841 905 960 970 relicto.
984 905 1013 968 3.
1040 904 1187 971 Habebat

85 1023 191 1104 quidam
212 1022 310 1086 tilium
333 1021 469 1088 filiamue
492 1024 711 1104 emancipatos.
739 1041 809 1088 cum
833 1029 1056 1090 testamentum
1080 1022 1185 1097 faciat,
1220 1035 1238 1084 t

85 1143 153 1222 quod
177 1144 215 1206 ad
244 1141 294 1206 ius
324 1141 430 1218 ciuile,
464 1159 524 1206 nou
547 1141 671 1222 cogitur
699 1161 753 1208 eos
783 1142 914 1208 heredes
941 1141 1108 1208 instituere
1136 1143 1186 1206 uel

86 1261 234 1326 exheredes
256 1260 404 1336 scribere,
426 1261 523 1343 ignoti
546 1269 620 1324 sunt
641 1259 723 1324 enim
750 1259 811 1342 legi
835 1259 895 1324 XII
917 1260 1095 1326 tabularum
1119 1278 1184 1342 pro·

86 1385 141 1459 pter
159 1399 250 1462 quam
271 1381 357 1462 passi
379 1387 452 1443 sunt
479 1379 591 1461 cepitis
619 1378 873 1444 deminutionem.
926 1383 1053 1458 praetor
1080 1385 1185 1442 autem

87 1499 239 1564 naturalem
261 1499 475 1579 cognationem
499 1499 683 1580 respiciens,
706 1499 763 1564 hos
790 1515 914 1580 quoque
941 1497 1057 1564 liberos
1080 1514 1187 1578 rocog-

87 1617 179 1694 noscit‚
208 1619 356 1698 iubetque
377 1618 588 1699 emancipatos
615 1617 748 1683 heredes
777 1617 951 1682 instituere.
1003 1616 1051 1681 sin
1079 1621 1186 1681 autem
1208 1625 1239 1676 ro

88 1743 199 1801 testator
222 1737 307 1816 nolit,
330 1755 433 1802 mares
447 1736 571 1819 quidem
592 1736 773 1802 nominatim
789 1735 1028 1815 exheredantur,
1052 1733 1186 1801 feminae

87 1861 225 1920 tutemet
247 1828 427 1919 nominatim
450 1861 482 1919 et
505 1854 586 1920 inter
607 1861 737 1920 ceteros.
775 1852 859 1936 quod
882 1852 909 1918 si
932 1872 1034 1936 neque
1055 1851 1187 1918 heredes

88 1973 251 2053 scribantur,
274 1992 392 2054 neque,
423 1974 468 2039 nti
496 1975 613 2039 dictum
643 1982 706 2050 est,
735 1973 906 2040 exheredes
934 1972 1027 2052 fiant,
1058 1972 1113 2036 dat
1141 1969 1187 2036 eis

88 2101 195 2172 praetor
214 2101 323 2159 contra
344 2095 468 2160 tabulas
491 2094 642 2159 bonorum
664 2093 902 2176 possessiouem,
926 2109 1090 2174 perquam
1106 2089 1188 2154 filius

89 2229 206 2292 neposne
233 2231 353 2278 omnem
383 2213 521 2279 defuncti
556 2213 709 2294 accipient
736 2212 962 2290 substantiam,
992 2209 1056 2274 tilia
1082 2215 1186 2274 autem
1208 2209 1239 2258 ¹⁶

90 2329 212 2410 neptisue
232 2336 355 2397 tantum
377 2331 489 2414 accipit
510 2338 663 2414 quantum
687 2331 713 2396 si
735 2331 886 2414 potestati
913 2329 1055 2396 subiecta
1076 2327 1188 2392 inisset

58 2449 274 2517 cadcrsscendo
297 2452 477 2534 accepisset.
521 2455 551 2515 4.
585 2449 671 2518 Haec
696 2451 832 2533 primum
861 2450 917 2517 tibi
947 2453 1112 2530 perspecta
1133 2445 1187 2510 ha·

91 2567 158 2635 bens.
197 2573 222 2636 si
243 2590 337 2655 quem
359 2575 391 2637 iu
419 2573 615 2652 adoptionem
642 2572 807 2653 accipiam,
838 2569 889 2636 hic
916 2568 992 2634 mihi
1021 2565 1105 2633 filius
1128 2565 1187 2632 erit

91 2693 116 2752 et
133 2689 192 2756 iure
212 2695 245 2757 et
265 2698 388 2756 natura
430 2691 500 2757 iure
522 2690 647 2772 quidem
669 2696 799 2773 propter
826 2689 1044 2771 adoptionem,
1075 2694 1189 2752 natura

90 2813 177 2874 anum
202 2817 330 2892 propter
358 2810 437 2876 iuris
465 2810 546 2894 uim3
583 2810 634 2876 ins
661 2812 743 2875 enim
772 2811 866 2876 etiam
901 2814 1045 2874 naturam
1079 2807 1109 2872 in
1141 2825 1189 2872 se·
1206 2818 1240 2870 au

91 2928 203 3011 metipso
223 2930 429 3010 amplectitur.
473 2949 510 2996 eo
533 2948 632 3012 usque
660 2937 765 2996 antem
795 2935 909 2994 natura
938 2925 994 2992 filii
1021 2925 1113 2992 huius
1135 2944 1189 3006 pa·

91 3051 210 3116 teresse
230 3051 398 3128 existimor,
421 3053 518 3119 donec
533 3052 661 3135 adoptio
677 3053 781 3118 durat.
805 3053 889 3134 quod
912 3051 938 3115 si
962 3069 1032 3117 eum
1055 3049 1187 3115 emanci-

92 3183 198 3250 panero,
212 3189 280 3236 cum
294 3171 324 3236 is
339 3177 428 3237 actus
443 3170 666 3254 dialogismus,
689 3170 842 3254 legitimos
861 3168 1037 3252 adoptionis
1060 3169 1189 3234 effectus

93 3285 176 3354 soluit.
214 3307 284 3356 cum
306 3295 412 3356 autem
435 3291 485 3356 ius
506 3309 567 3356 non
594 3289 729 3370 amplius
758 3293 919 3366 seruetur,
946 3290 1065 3355 recedit
1094 3287 1187 3354 simut
