2932 4704
536 349 767 414 -105-

63 559 96 608 21,
105 537 147 600 il.
179 534 209 600 Si
231 555 307 601 uero
331 554 405 616 pars
427 553 508 617 quae
530 555 568 601 ex
595 541 650 600 tuo
679 534 807 616 praedio
834 535 976 602 detracta
1005 541 1054 602 est
1082 536 1211 602 arbores

103 655 244 730 habuerit,
267 661 300 719 et
322 673 391 720 meo
414 655 545 736 appulsa
566 652 696 735 praedio
710 653 851 734 longiore
865 659 1006 735 tempore
1021 653 1050 720 ei
1064 654 1210 732 haeserit,

103 775 281 855 arboresque
303 791 383 852 quaa
405 791 510 838 seeum
533 771 675 850 traxerit,
698 791 774 840 suas
803 772 1002 838 extenderint
1023 773 1145 839 radices
1167 773 1212 836 ita

103 901 132 956 ut
150 909 251 957 meum
274 893 468 974 attingerent
489 891 637 970 tandum,
660 913 698 959 ex
727 911 765 958 eo
794 899 934 972 tempore
961 892 1109 957 uidentur
1134 891 1211 956 mihi

102 1011 268 1093 adquisitae
284 1031 321 1077 ex
336 1032 398 1094 quo
414 1013 574 1094 coeperint
595 1032 632 1078 ex
654 1031 724 1078 maa
746 1019 832 1079 terra
853 1011 976 1088 nutriri,
1000 1017 1109 1093 utpote
1131 1028 1212 1092 qnae
1245 1020 1263 1071 5

60 1142 86 1192 aa
99 1129 125 1192 in
144 1148 212 1194 mea
237 1137 322 1196 terra
345 1129 465 1195 radices
486 1130 662 1196 habuerint
701 1131 752 1194 22.
786 1129 925 1196 Insulam
947 1130 1033 1196 nasei
1055 1131 1086 1194 in
1110 1129 1212 1194 medio

101 1249 167 1312 mari
189 1248 323 1330 contigit
346 1249 442 1330 (quod
466 1267 539 1315 raro
560 1251 701 1316 accidere
722 1249 829 1331 solet):
853 1249 1034 1331 occupantis
1050 1247 1153 1314 insula
1166 1247 1211 1322 fit,

100 1368 203 1434 nulius
228 1371 308 1434 enim
333 1387 402 1434 cnm
425 1377 519 1434 antea
541 1375 638 1446 asset,
668 1387 750 1434 nuno
779 1369 889 1450 incipit
915 1368 1045 1434 alienius
1067 1370 1098 1432 in
1121 1367 1212 1433 bonis

99 1505 167 1554 esse.
210 1493 248 1552 at
269 1488 302 1552 in
325 1485 452 1552 flumine
480 1494 553 1552 nata
582 1485 776 1568 (frequenter
804 1487 835 1552 id
864 1485 1003 1569 accidit),
1031 1487 1057 1551 si
1083 1485 1211 1566 quidem

101 1607 222 1671 mediam
246 1613 369 1686 partem
391 1604 526 1671 fluminis
548 1611 664 1684 teneat,
687 1607 859 1672 communis
881 1613 930 1671 est
952 1625 1069 1684 eorum,
1092 1605 1145 1686 qui
1172 1605 1212 1670 ab
1233 1621 1264 1672 ro

103 1731 227 1805 utraque
260 1731 350 1807 parte
383 1723 520 1790 fluminis
551 1743 648 1806 prope
681 1726 780 1806 ripam
809 1724 939 1807 praedia
966 1725 1126 1806 possident
1154 1743 1212 1806 pro

104 1845 187 1909 modo
209 1844 387 1910 latitudinis
409 1845 573 1926 utriusque
596 1845 683 1926 ripae
704 1861 861 1924 agrorum,
884 1861 966 1925 quae
987 1845 1055 1926 agri
1077 1844 1212 1910 latitudo

100 1982 185 2045 propa
212 1963 313 2044 ripam
342 1965 392 2028 sit.
438 1971 473 2027 ut
495 1981 567 2028 eoae
594 1963 773 2030 extenditur
800 1981 838 2029 aa
867 1963 969 2030 insula
995 1963 1083 2029 uerbi
1111 1965 1214 2046 gratia

101 2099 189 2164 usque
218 2083 259 2148 ad
287 2084 383 2163 pedae
412 2081 453 2161 03
483 2081 645 2165 praedium
673 2102 751 2149 nero
779 2083 846 2150 eius
873 2082 928 2164 qui
950 2101 970 2148 a
992 2082 1103 2148 dextra
1123 2091 1213 2164 parte

101 2199 227 2266 fluminis
265 2209 314 2268 est
349 2203 389 2268 ad
426 2201 451 2266 C
480 2221 580 2284 usque
613 2203 709 2282 pedes
736 2205 767 2266 in
800 2202 996 2267 latitudinem
1029 2200 1265 2283 porrigitur315

101 2321 157 2384 eius
178 2339 254 2388 uero
278 2323 331 2404 qui
353 2342 372 2388 a
394 2321 524 2387 sinistra
545 2327 635 2403 parta
665 2328 714 2388 est
739 2322 901 2404 praedium
931 2322 971 2386 ad
999 2319 1084 2385 Lxx
1114 2339 1214 2402 usque

101 2439 186 2518 pedes
208 2440 400 2506 extenditur:
423 2440 514 2506 alteri
539 2441 700 2523 usquead
723 2437 876 2522 Gpodum
891 2441 1099 2518 latitudinem,
1122 2440 1213 2506 alteri

102 2558 254 2639 usquead
278 2559 363 2624 Lxx
385 2579 415 2640 p.
444 2559 566 2624 insulae
590 2558 761 2624 dominium
783 2559 978 2645 adquiratur.
1031 2557 1079 2623 sin
1107 2565 1214 2623 antem

103 2677 198 2742 insula
219 2679 310 2744 alteri
326 2679 408 2759 parti
431 2678 599 2760 proximior
621 2679 672 2752 sit,
694 2677 735 2744 ab
757 2679 856 2744 altare
878 2697 954 2745 nero
977 2678 1082 2754 distet
1105 2694 1212 2744 eorum

103 2802 216 2862 tantum
240 2798 310 2872 erit,
334 2797 389 2880 qui
411 2799 450 2863 ab
473 2817 510 2864 ea
532 2805 622 2880 parte
645 2815 742 2879 propa
763 2796 862 2878 ripam
885 2797 1015 2878 praedia
1043 2796 1266 2878 possidentes

98 2918 120 2977 si
141 2933 215 2980 nero
237 2915 370 2994 flumen,
398 2919 481 3000 quod
504 2935 606 2981 meum
629 2914 730 2981 affluit
751 2915 898 2994 fundum,
925 2916 1031 2998 aliqua
1056 2923 1146 2998 parte
1168 2916 1215 2979 di-

98 3035 195 3100 uiaum
219 3044 250 3100 et
278 3039 309 3102 in
338 3038 401 3102 duo
428 3039 558 3103 scissum
588 3055 690 3102 meum
719 3035 849 3101 tirndum
877 3035 1048 3102 oirenmdet
1075 3041 1107 3100 et
1132 3033 1215 3098 inira

97 3153 133 3216 ad
159 3173 228 3220 sese
255 3154 390 3222 refluens
410 3157 549 3232 uniatur,
573 3154 756 3235 mediusque
777 3153 865 3220 loeus
888 3155 918 3218 in
941 3153 1072 3218 iormam
1095 3153 1215 3218 insulae

100 3273 270 3354 redigatur,
301 3293 404 3342 meum
426 3281 532 3340 manet
558 3275 687 3342 tondum
710 3274 936 3341 circumdatum
963 3271 1067 3353 aquis,
1090 3289 1160 3338 oum
1183 3277 1215 3336 et
