2898 4712
143 1168 300 1282 Incipit
330 1171 511 1256 feliciter
542 1199 637 1254 oum
670 1171 763 1254 Deo
795 1170 1012 1256 Institutio
1044 1173 1144 1256 IH2.

569 1389 719 1402 .---—

216 1542 263 1608 De
286 1542 512 1608 hereditatibus
535 1561 615 1624 quae
638 1545 678 1610 ab
699 1543 850 1609 intestato
873 1542 1065 1608 deferuntur.

556 1661 679 1728 Titulus
705 1667 731 1726 l.

168 1849 244 1914 Post
274 1849 497 1931 expositionem
531 1849 773 1930 adquisitionum
806 1867 861 1930 per
884 1849 1037 1932 speciem,
1067 1869 1137 1916 oum
1166 1850 1205 1915 de

95 1966 138 2032 his
158 1969 234 2034 iuris
257 1966 366 2050 figuris
387 1968 472 2050 loqui
493 1969 721 2035 instituerimus
749 1969 863 2050 quibus
886 1987 941 2050 per
964 1968 1204 2034 uniuersitatem

95 2107 139 2154 res
159 2092 246 2156 nobis
269 2090 488 2174 adquiruntur,
511 2091 648 2171 cepimus
671 2093 710 2156 de
731 2091 906 2156 hereditate
921 2089 1086 2168 disserere,
1110 2107 1202 2170 quam

95 2209 217 2275 diximus
239 2209 291 2276 uel
313 2229 351 2276 ex
373 2216 559 2276 testamento
581 2209 633 2275 uel
648 2211 687 2275 ab
703 2209 852 2275 intestato
869 2211 957 2275 nobis
974 2208 1097 2274 deferri.
1126 2207 1204 2273 Cum

98 2331 183 2408 igitur
204 2332 265 2394 iam
288 2331 327 2396 de
349 2331 545 2395 testamentis
567 2347 660 2413 quam
682 2328 860 2412 plenissime
884 2337 919 2392 ut
948 2330 978 2392 in
1001 2328 1205 2393 institutioni·
1239 2338 1256 2389 o

97 2449 147 2514 bus
168 2448 233 2516 fieri
256 2451 370 2531 potuit,
393 2450 487 2516 locuti
511 2451 617 2530 simus,
641 2456 674 2514 et
688 2454 913 2534 cousequenter
929 2449 968 2514 de
982 2446 1095 2528 legatis
1110 2447 1204 2511 etiam

96 2586 126 2634 ao
144 2568 398 2645 fideicommissis,
421 2571 459 2635 de
481 2570 706 2636 hereditatibus
729 2569 869 2634 dicamus
891 2585 972 2652 quae
995 2568 1035 2633 ab
1056 2567 1205 2633 intestato

97 2688 277 2755 deferuntur.
324 2689 458 2754 Moritur
479 2696 583 2754 autem
606 2689 676 2770 quis
699 2689 866 2753 intestatus
895 2693 951 2752 aut
972 2685 1065 2763 iacto,
1088 2687 1116 2750 si
1137 2685 1206 2751 nul·

98 2805 153 2871 lum
173 2825 300 2889 prorsus
322 2807 395 2873 feeit
417 2814 648 2884 testamentum,
672 2812 726 2871 aut
748 2805 826 2884 iure,
849 2806 876 2871 si
893 2811 1114 2871 testamentum
1138 2805 1205 2886 qui·

98 2925 159 2990 dem
179 2925 259 3004 ierit,
281 2926 315 2990 id
336 2939 440 2991 tamen
470 2928 519 2991 ius
548 2944 608 2990 nou
637 2925 791 2990 admittat.
842 2925 907 2990 Aut
935 2926 1016 2990 euim
1046 2945 1106 2989 nou
1133 2925 1204 2988 iure
1224 2932 1257 2984 lo

98 3043 171 3109 ciuili
197 3045 313 3112 laetum
346 3052 408 3122 est,
442 3043 592 3127 neglectis
620 3046 720 3109 modis
747 3045 786 3110 ad
816 3045 995 3110 sollemnem
1024 3045 1204 3110 testamenti

99 3165 313 3232 ordinationem
342 3165 586 3246 pertinentibus3
619 3173 675 3230 aut
709 3168 768 3230 rite
796 3166 966 3258 perlectum
995 3171 1123 3246 ruptum
1156 3169 1205 3228 est

101 3282 166 3361 (sois
186 3263 288 3351 autem
316 3291 393 3367 quot
415 3284 514 3350 modis
538 3287 642 3367 rumpi
669 3287 781 3368 possit,
809 3285 945 3367 postumi
967 3283 1129 3364 praeteriti
1151 3301 1204 3346 na·

99 3400 219 3482 uditate,
242 3423 324 3472 nouo
347 3423 404 3471 suo
427 3403 607 3483 adcedeute‚
623 3405 674 3471 uel
696 3423 778 3472 nouo
800 3422 857 3470 suo
872 3403 1039 3485 adgnato);
1062 3411 1117 3466 aut
1131 3401 1205 3466 inri-
