2936 4704
542 327 774 390 -127-

97 521 208 580 untur
231 521 289 582 snt
310 519 471 580 uetustate
492 519 650 590 cormunt,
672 512 870 579 ususfructus
896 513 1091 595 extinguitur
1111 511 1157 578 its
1178 521 1215 580 ut

96 648 193 710 neque
214 649 310 696 ureae
332 630 528 696 ususfructus
550 631 724 698 fructuario
747 639 907 708 seruetur,
931 649 992 698 nun
1016 633 1098 698 enim
1120 651 1214 700 erese

67 759 139 814 sset
161 749 292 814 sedium
314 748 512 815 ususfructus
534 749 563 814 ei
585 767 693 818 cessus
714 753 773 815 est.
814 750 845 812 4.
879 746 958 814 Cum
979 758 1085 816 sutem
1107 749 1215 816 finitus

97 867 187 932 fuerit
208 865 412 932 ususfructus
433 866 573 948 quolibet
595 886 633 934 sx
655 868 701 932 his
731 865 848 945 modis,
878 866 1050 934 reuertitur
1075 868 1117 932 ud
1145 887 1216 950 pro·

97 985 259 1067 prietatem
282 992 315 1051 et
335 1005 374 1052 ex
396 1004 433 1051 eu
455 993 597 1067 tempore
623 987 668 1052 rei
698 985 841 1051 dominus
868 984 976 1067 incipit
1004 985 1215 1067 plenissimum
1250 987 1267 1038 ⁶

97 1103 209 1169 hebere
230 1103 264 1168 in
286 1121 321 1169 re
335 1109 534 1186 potestatem,
556 1103 640 1170 idest
657 1109 762 1186 potest
786 1105 879 1170 etium
901 1103 1022 1171 fructus
1045 1105 1215 1186 percipere.

98 1227 187 1286 entes
209 1240 286 1288 uero
307 1240 380 1288 cum
401 1222 523 1288 fructus
538 1223 698 1304 percipere
712 1223 859 1304 nequiret
881 1241 942 1288 nou
965 1221 1133 1290 uidebstur
1149 1222 1216 1303 ple·

98 1357 166 1404 num
187 1345 378 1420 potestuten
400 1341 433 1406 in
455 1359 490 1406 rc
511 1341 636 1408 hebere.

341 1941 389 2006 De
411 1957 470 2006 usn
492 1947 526 2006 st
546 1939 751 2006 hubitutiuue.
796 1941 919 2008 Titulus
941 1941 971 2006 5.

183 2128 258 2192 Post
280 2125 455 2192 semitutes
481 2132 515 2190 st
541 2123 769 2191 usumfructum
791 2143 987 2210 consequeus
1015 2129 1065 2191 est
1093 2123 1133 2190 de
1160 2142 1220 2192 usu

106 2252 135 2310 et
166 2245 360 2312 habitatione
396 2250 543 2310 uenture.
601 2261 678 2310 usus
719 2244 820 2310 isdem
863 2245 964 2310 modis
1007 2243 1272 2322 constituitur.1⁰

106 2365 211 2442 quibus
243 2370 278 2429 et
311 2360 493 2428 usufructus
529 2369 562 2426 st
594 2359 694 2428 isdem
725 2361 841 2444 quibus
870 2367 902 2429 ct
934 2359 1133 2427 ususfructus
1167 2362 1220 2430 de-

69 2495 87 2544 r.
104 2481 182 2545 sinit
235 2485 265 2544 1.
312 2479 418 2546 Minus
450 2479 531 2546 lucri
572 2487 621 2546 cst
656 2481 689 2546 in
724 2498 802 2559 usu,
838 2497 932 2560 quem
971 2479 1003 2544 in
1040 2479 1219 2548 usufructu:

104 2615 231 2679 numque
266 2599 295 2664 is
332 2599 387 2682 qni
422 2598 513 2664 fundi
549 2615 640 2664 nsum
675 2597 771 2664 habet
806 2597 883 2664 nihil
927 2597 1060 2664 ulterius
1103 2597 1221 2664 hebere

102 2723 217 2796 potest,
246 2734 343 2798 quem
375 2723 412 2782 ut
443 2716 560 2783 ibidem
586 2717 669 2782 nutis
695 2715 833 2782 cleribus
858 2717 958 2797 pomis
989 2713 1120 2782 floribus
1149 2715 1220 2782 feno

102 2835 278 2902 strumentis
319 2835 413 2919 lignis
451 2843 604 2917 quantum
641 2827 687 2901 'cd
729 2852 822 2901 usum
861 2833 1067 2901 cottidianum
1105 2831 1221 2902 sufficit
1240 2839 1272 2892 16

103 2959 219 3019 ututur.
259 2953 414 3020 hsctenm
434 2961 540 3020 sutem
562 2953 636 3022 licet
661 2955 691 3020 ei
713 2953 829 3020 murmi
855 2953 889 3018 in
917 2952 1032 3032 fundu,
1061 2957 1221 3036 utusque

103 3071 171 3152 egri
202 3075 325 3140 iumine
352 3074 502 3140 molestus
530 3072 693 3150 uidentur,
726 3089 829 3154 neque
856 3069 905 3138 his
932 3089 989 3154 per
1016 3089 1096 3153 qnos
1124 3087 1222 3153 opens

104 3189 222 3257 rustice
252 3190 331 3257 fiunt
367 3191 589 3274 impedimento
621 3191 673 3257 sit
728 3208 790 3256 uon
823 3188 898 3256 licet
928 3192 1035 3255 cutem
1067 3187 1097 3254 ei
1129 3205 1221 3254 rusum

103 3309 238 3376 uendere
258 3315 315 3376 sut
335 3311 438 3378 locere
459 3317 515 3377 snt
536 3310 637 3394 gratis
651 3309 744 3376 elteri
760 3308 940 3388 concedere,
964 3323 1036 3374 cum
1057 3323 1160 3390 neque
1181 3305 1220 3386 ei,
