2936 4704
524 358 757 423 -13'1-

104 546 153 623 ιιι,
183 545 383 627 coniungitur
415 543 581 626 utriusque
612 547 736 624 tempus
767 541 976 626 possessionis
1008 549 1042 610 et
1069 547 1206 612 seeundo

104 663 216 746 emptori
237 664 286 730 rei
308 663 479 730 dominium
501 661 687 746 adquiritur,
709 667 743 728 et
763 662 809 727 its
823 658 961 728 Seuerus
984 665 1017 727 et
1031 662 1205 730 Antoninus

68 781 321 864 ltrssoripserunt.
367 784 415 847 14.
438 781 519 848 Lete
541 787 590 847 est
611 782 643 846 in
665 781 760 848 edisti
782 780 913 847 iormnm
936 780 1118 846 constitutio
1139 781 1205 848 dini

102 899 191 979 timei,
212 919 279 983 qun
300 906 432 966 onustior
453 906 491 966 ut
506 899 533 967 is
549 900 602 983 qui
622 916 689 965 rem
703 896 835 966 ulienum
851 898 960 966 nfiseo
975 898 1094 977 emerit,
1116 899 1205 982 quin-

101 1017 216 1098 quennio
254 1019 377 1100 elapso,
412 1020 457 1085 rei
490 1018 547 1084 tint
579 1018 733 1084 dominus.
783 1017 867 1100 quod
896 1017 1033 1084 edictum
1062 1035 1206 1085 neeesse·
1238 1035 1258 1087 ι

100 1137 165 1200 num
195 1143 267 1204 erut
299 1157 356 1219 pro
388 1135 438 1203 his
466 1138 519 1218 qui
551 1137 671 1204 minore
699 1141 840 1217 tempore
869 1153 962 1216 quum
993 1135 1205 1217 quinquennio

99 1252 136 1317 rei
154 1259 273 1335 emptae
295 1253 465 1321 dominium
494 1254 594 1335 episei
625 1272 686 1320 non
713 1257 868 1336 poterunt.
913 1259 950 1319 ut
971 1273 1056 1333 eone,
1084 1253 1205 1321 furtiue

99 1367 165 1437 torte
184 1391 232 1438 res
257 1381 326 1439 eret
348 1378 381 1440 et
406 1379 528 1453 emptor
549 1373 575 1438 ιι
599 1379 672 1453 post
693 1372 939 1454 quinquennium
962 1376 1134 1438 conuentus
1157 1391 1205 1438 eo·

98 1495 149 1568 set,
170 1491 349 1573 exceptione
375 1496 514 1557 ueterem
542 1489 723 1573 repellebat.
772 1489 971 1568 inquinem
999 1489 1092 1556 dinus
1120 1491 1204 1557 Mur·

99 1624 157 1672 cus:
177 1607 357 1675 constitutio
378 1613 484 1675 sutem
507 1607 573 1674 diui
595 1607 729 1674 Zenonis
750 1607 815 1673 leto
838 1613 895 1686 est,
918 1625 999 1689 quse
1020 1607 1110 1676 iubet
1131 1627 1202 1676 oum
1223 1629 1256 1682 ιο

97 1727 142 1802 qui
161 1745 179 1792 ι
197 1725 271 1792 fisco
294 1728 406 1793 emerit
430 1726 480 1791 uel
505 1725 673 1792 donatione
700 1725 751 1792 uel
780 1727 1011 1808 permutatione
1038 1729 1202 1809 occeperit,

97 1862 224 1910 ιιιιιιιιιι
257 1845 365 1911 stetim
397 1844 465 1910 fieri
499 1851 542 1925 et,
575 1847 643 1912 siue
675 1845 853 1928 experietur
885 1845 953 1912 siue
986 1847 1203 1925 conueniatur,

97 1962 230 2028 uictorem
252 1965 396 2043 existere,
418 1964 464 2029 rei
486 1969 591 2030 nutem
613 1963 738 2030 domino
765 1981 865 2047 usque
891 1964 931 2029 ed
961 1964 1202 2045 quadriennium

97 2081 232 2148 aduersus
254 2081 363 2149 fiscum
385 2082 547 2149 intendere
569 2081 673 2149 licere.
717 2082 795 2148 haee
817 2100 894 2149 uero
920 2101 982 2148 nom
1011 2085 1043 2148 iu
1065 2082 1201 2149 dominio

98 2200 304 2280 tantummodo,
326 2207 376 2267 set
397 2201 492 2266 etiem
514 2199 547 2266 in
577 2199 753 2284 hypotheca
781 2201 890 2268 eudem
918 2202 1102 2268 constitutio
1131 2219 1202 2268 sun·
1221 2211 1252 2265 ιι

97 2316 142 2394 xit,
162 2325 195 2383 ut
215 2336 316 2400 neque
338 2317 482 2386 dominus
504 2319 551 2385 rei
572 2319 814 2387 uindiestionem
844 2339 946 2403 neque
975 2320 1111 2388 creditor
1139 2338 1201 2387 ser·

96 2435 204 2502 ιιιιιιιιι
226 2437 260 2502 in
282 2437 331 2503 his
353 2437 457 2504 selues
480 2437 627 2517 hobesnt,
650 2456 731 2521 quse
752 2457 772 2506 s
793 2437 868 2504 tisoo
889 2438 1027 2506 elienets
1041 2441 1116 2504 snut
1129 2444 1201 2521 post

95 2555 326 2632 qunonennium.
370 2556 569 2638 promulgato
591 2561 641 2622 eet
663 2557 757 2623 etism
785 2557 934 2640 principis
963 2557 1063 2624 nostri
1086 2559 1200 2624 eonsti-

94 2674 171 2756 tutio,
192 2691 284 2755 quom
306 2693 406 2758 nuper
429 2674 536 2756 edixit,
561 2695 625 2758 quo
646 2676 755 2742 eedem
778 2677 919 2757 optinere
933 2675 1027 2743 iussit
1048 2675 1143 2742 etiem
1164 2675 1198 2742 iu

91 2789 240 2877 hisquae
263 2791 419 2862 Serenites
441 2794 509 2861 eius
538 2794 589 2862 uel
616 2796 759 2878 piissime
785 2799 895 2861 nostre
918 2797 1061 2878 Auguste
1082 2795 1199 2861 eliens-
1215 2811 1252 2864 ιι

91 2911 196 2992 oeriut,
226 2929 308 2993 quse
337 2914 470 2980 Zenonis
498 2914 681 2980 constitutio
709 2915 740 2979 ιιι
767 2913 929 2982 fluentibus
957 2913 1199 2981 alienationibus

90 3031 250 3096 constituit.
