2884 4728
527 339 568 346 -
615 304 679 368 408
726 338 768 348 ·-

93 478 288 544 commissum
314 478 422 558 fuerit,
456 484 488 542 et
515 478 599 558 quod
628 485 736 561 aperte
761 478 801 541 ad
834 477 1054 542 contumeliam
1087 476 1204 542 domini

91 609 220 685 spectat.
268 602 367 667 ueluti
390 603 417 667 si
444 603 514 683 quis
542 622 666 667 seruum
695 622 798 666 meum
825 601 1056 683 uerberauerit3
1085 601 1118 665 in
1144 601 1204 665 hoc

90 727 171 791 enim
194 747 271 792 casu
299 726 484 791 iniuriarum
510 727 595 792 actio
626 727 788 810 competit:
818 733 850 790 at
873 727 901 790 si
924 726 994 807 quis
1017 745 1110 791 semo
1133 746 1203 790 meo

89 851 263 916 conuicium
287 851 398 916 fecerit
414 857 469 915 aut
491 869 597 934 pugno
614 871 686 914 eum
702 851 902 935 percusserit,
926 851 1012 914 nulla
1028 849 1104 914 mihi
1121 849 1203 914 actio

55 989 78 1040 4.
88 975 187 1040 datur.
233 982 263 1042 4.
288 977 489 1041 Communem
514 996 639 1041 seruum
662 997 732 1040 cum
755 975 840 1040 Titio
864 976 1051 1057 habueram
1075 981 1109 1039 tu
1133 995 1202 1038 eum
1241 988 1256 1037 c

86 1100 270 1165 uerberasti.
323 1109 354 1165 et
383 1120 442 1184 ego
472 1107 503 1165 et
535 1101 637 1165 Titius
672 1101 855 1165 iniuriarum
890 1119 986 1182 agere
1021 1100 1201 1183 possumds;

85 1244 187 1305 neque
211 1245 269 1309 pro
293 1245 332 1290 ea
348 1233 448 1308 parte,
472 1245 536 1307 qua
559 1245 619 1308 ego
644 1224 788 1290 dominus
812 1245 890 1306 aum,
916 1231 963 1289 set
987 1244 1027 1289 er
1050 1224 1202 1305 qualitate

84 1349 247 1430 utriusque
276 1349 393 1414 domini
416 1369 571 1433 personae
599 1349 713 1414 iniuria
742 1350 939 1414 aestimatur:
970 1349 1045 1432 quid
1069 1349 1151 1414 enim
1176 1349 1203 1414 si

52 1473 164 1538 culter
191 1479 332 1555 senator,
362 1474 443 1538 alter
470 1473 613 1558 plebeius
646 1474 708 1538 sit?
752 1479 782 1540 5.
806 1475 955 1538 Eiusdem
983 1474 1068 1538 serui
1100 1473 1202 1538 Titius

82 1597 308 1662 usumfructum
323 1599 472 1680 habebat,
497 1599 641 1664 Maeuius
660 1599 839 1664 dominium.
876 1599 906 1664 ei
920 1599 1024 1663 fecisti
1040 1598 1200 1680 iniuriam
1222 1612 1256 1663 10

51 1736 72 1785 c.
82 1722 209 1787 Maeuio
238 1722 298 1787 soli
325 1723 509 1788 iniuriarum
538 1723 692 1788 obnoxius
721 1724 792 1788 eris.
844 1728 873 1790 6.
898 1723 975 1787 Cum
1002 1723 1083 1788 liber
1110 1724 1201 1787 homo

80 1846 137 1910 tibi
161 1845 325 1910 bonafide
348 1848 491 1928 sarciret,
516 1868 576 1930 ego
600 1867 671 1912 eum
687 1848 804 1912 iniuria
820 1848 932 1913 adfeci.
966 1867 1030 1912 non
1046 1855 1202 1932 competet

78 2101 111 2157 ut
133 2095 207 2178 ipse
231 2115 288 2159 suo
311 2095 436 2160 nomine
461 2097 649 2180 experiatur.
696 2096 728 2160 id
751 2115 827 2162 uero
853 2097 933 2178 dico,
957 2097 1019 2162 nisi
1043 2105 1152 2181 aperte
1168 2097 1200 2162 in

78 2226 166 2283 tuam
185 2219 405 2285 contumeliam
430 2220 460 2285 ei
475 2221 621 2284 iniuriam
644 2221 716 2302 feci,
741 2227 815 2286 tunc
833 2222 915 2286 enim
932 2223 1027 2287 etiam
1044 2222 1102 2286 tibi
1117 2222 1199 2285 actio
1222 2233 1252 2284 15

77 2343 265 2408 iniuriamm
288 2344 422 2411 dabitur.
471 2345 553 2410 idem
577 2346 708 2410 dicimus
732 2346 814 2410 etsi
838 2347 958 2411 alienus
982 2366 1092 2411 seruus
1116 2347 1200 2410 bona

76 2467 136 2532 fide
180 2468 237 2532 tibi
276 2468 412 2551 seruiat;
457 2489 529 2533 nam
570 2469 597 2534 ai
634 2470 749 2534 iniuria
788 2470 953 2535 adficiatur
989 2471 1048 2536 tibi
1085 2471 1199 2535 totiens

76 2591 265 2656 iniuriarum
288 2592 414 2657 dabitur
438 2593 536 2676 actio,
566 2594 711 2675 quotiens
736 2595 901 2660 ostendere
930 2596 1031 2679 possis
1055 2596 1087 2660 in
1113 2601 1199 2660 tuam

36 2729 58 2781 t.
76 2715 302 2780 contumeliam
325 2717 359 2780 id
381 2718 498 2782 tactum
522 2738 601 2783 esse.
640 2722 667 2784 7.
690 2720 799 2784 Poena
822 2727 927 2785 autem
950 2720 1135 2784 iniuriarum
1160 2739 1198 2784 ex

75 2840 148 2923 lege
176 2839 238 2904 XII
261 2841 439 2905 tabularum
463 2848 593 2926 propter
618 2843 792 2907 membrum
821 2844 947 2926 quidem
973 2850 1099 2927 ruptum
1122 2845 1198 2909 talio
1218 2855 1252 2908 20

75 2970 145 3027 erat
171 2963 268 3048 (idem
293 2965 375 3029 enim
405 2965 587 3049 patiebatur
610 2967 663 3048 qui
685 2969 858 3032 membrum
878 2968 1042 3052 rupisset);
1071 2977 1199 3052 propter

76 3108 111 3152 os
136 3109 217 3152 uero
244 3088 379 3154 fractum
407 3092 602 3156 nummariae
628 3091 746 3156 fiebant
774 3092 1060 3159 condemnationes.
1112 3100 1143 3158 et
1167 3094 1197 3156 id

75 3212 209 3294 manius
245 3221 314 3278 erat
349 3214 382 3278 in
416 3236 533 3298 magna
571 3223 713 3280 ueterum
753 3223 949 3300 paupertate.
1006 3224 1055 3282 set
1087 3225 1198 3301 postea

75 3343 254 3419 praetores,
278 3358 392 3422 poena,
417 3359 498 3420 quae
514 3341 574 3404 XII
590 3341 707 3405 tabulis
731 3340 910 3406 introducta
925 3341 1037 3422 fuerat,
1062 3343 1196 3419 sublata,

74 3459 156 3543 ipsis
192 3461 246 3542 qui
276 3461 391 3526 iniuria
423 3471 495 3528 sunt
526 3463 643 3529 adfecti
671 3465 880 3548 permiserunt
906 3465 1066 3546 iniuriam,
1103 3485 1197 3546 quam
1216 3475 1250 3526 25

128 4175 228 4226 'Phacum
243 4177 353 4218 Artacana.
368 4189 409 4218 roo.
424 4177 512 4218 Farrioi.
