2932 4704
547 335 760 399 ..77-

99 518 207 586 nturis
227 523 361 600 numine,
385 523 438 608 qui
460 523 491 588 id
514 523 693 604 uonsutnit,
714 523 911 591 atilianus
933 529 1074 592 uouutur.
1118 541 1217 606 augu-

98 638 175 705 stior
196 647 303 709 sutem
325 661 362 708 eu
383 642 434 708 lex
455 649 513 716 est,
537 649 647 724 utpote
668 661 748 725 quus
767 641 885 708 Rornae
906 646 1040 722 tantum,
1063 660 1125 710 nun
1139 659 1215 709 uero

98 766 186 826 extra
207 761 356 842 optineat.
385 761 417 826 in
438 762 608 844 prouinciis
629 767 734 828 autem
756 760 795 825 ad
818 761 887 827 eius
909 761 1113 826 imitationem
1136 741 1216 827 duae

97 879 182 962 leges
204 877 290 946 latae
311 889 386 947 sunt
407 880 488 948 Iulia
509 888 542 948 et
563 880 655 958 Titia,
679 881 793 965 quibus
815 887 942 948 tautum
964 889 1022 960 est,
1046 888 1095 961 ut,
1119 881 1146 948 si
1169 887 1218 948 tu·

98 1008 146 1065 tur
168 997 311 1074 definiat,
334 1001 450 1068 iuditio
470 1001 623 1084 praesidis
646 1001 825 1082 prouinciae
846 1005 932 1068 tutnr
947 1001 1050 1081 detur,
1072 1003 1127 1082 qui
1144 1001 1217 1068 iude
1250 1001 1267 1052 ὅ

65 1129 82 1178 ι.
98 1119 377 1186 iulintitianus
399 1121 496 1186 sudit
536 1123 565 1184 1.
598 1119 663 1187 Neu
684 1126 809 1186 tuntum
832 1139 909 1186 uero
930 1125 1057 1187 tutores
1079 1138 1140 1186 non
1164 1120 1218 1185 lna

97 1238 185 1304 beuti
207 1237 356 1306 atilianus
377 1257 434 1306 sen
456 1239 662 1306 iuliotilianua
684 1247 771 1306 tutur
792 1236 906 1319 datur,
929 1245 978 1305 set
1000 1239 1095 1306 etiam
1117 1237 1145 1304 si
1168 1256 1219 1304 ex·

96 1365 143 1423 tet
164 1357 292 1440 quidem
315 1363 415 1436 tutor,
445 1356 586 1439 quadnet
615 1365 720 1424 untern
750 1377 846 1425 musa
872 1357 1060 1440 impediatur
1088 1357 1217 1424 tutelam

96 1479 267 1562 suscipere.
311 1478 386 1562 quid
407 1479 487 1544 eninr
514 1479 541 1543 si
567 1478 637 1560 quis
663 1479 798 1544 moriens
827 1475 924 1543 lilium
952 1495 1043 1543 suum
1071 1475 1217 1544 heredem

96 1599 255 1678 instituat,
279 1597 334 1664 det
354 1603 459 1663 autem
483 1599 512 1664 ei
535 1603 670 1663 tutorem
693 1595 751 1663 sub
777 1597 958 1664 condicione
991 1597 1035 1662 »si
1062 1597 1152 1662 ιιιιιίιι
1181 1615 1218 1664 ax
1239 1611 1270 1664 ιο

96 1720 174 1786 Asis
196 1718 351 1795 uenerit«,
373 1718 481 1784 autin
504 1718 595 1797 diem,
618 1717 700 1784 idest
719 1722 790 1799 post
805 1717 834 1782 ss
849 1734 948 1784 annos
963 1733 1055 1799 quam
1077 1722 1220 1783 munaus

96 1839 181 1905 erit?
215 1839 315 1904 donus
342 1837 482 1904 nundinio
512 1843 568 1902 aut
595 1835 664 1902 dies
689 1836 819 1918 pandet,
846 1834 994 1901 atilianus
1023 1842 1080 1902 aut
1108 1834 1219 1902 iulinti·

96 1959 204 2024 tu'anns
225 1963 314 2022 tutor
335 1957 438 2023 datur.
482 1957 509 2022 si
532 1964 637 2022 autem
659 1975 738 2038 pura
758 1956 852 2021 datur
874 1965 936 2030 est,
958 1957 1092 2038 scriptus
1115 1961 1219 2021 autem

97 2078 189 2142 heres
212 2075 366 2143 deliberat
388 2076 427 2142 de
448 2077 622 2142 hereditate
644 2075 787 2141 adeunda
810 2073 905 2158 (finge
928 2074 1009 2139 enim
1039 2083 1218 2140 extraneum

97 2198 276 2261 institutum
309 2213 377 2262 esse
405 2195 567 2274 heredem,
596 2195 843 2276 exheredemque
870 2193 967 2259 filium
995 2195 1110 2259 lactum
1141 2211 1220 2270 esse,
1240 2208 1271 2260 15

96 2323 235 2384 tutorem
260 2321 365 2382 autem
392 2335 470 2397 nure
492 2333 562 2382 esse
591 2313 715 2396 datum,
737 2320 793 2382 set
821 2313 957 2382 nundum
985 2314 1121 2378 creuisse
1149 2313 1220 2378 scri·

98 2443 188 2517 ptnnu
209 2435 371 2516 hundam)
393 2437 424 2499 in
446 2431 506 2502 huc
527 2453 652 2519 quoque
674 2451 759 2512 casu,
782 2433 884 2500 medio
907 2439 1046 2514 tempure
1074 2430 1220 2498 atilianus

97 2573 156 2622 sau
177 2555 385 2620 inliotitianus
407 2560 493 2620 tuter
516 2554 618 2622 datur.
663 2553 789 2622 sineru
818 2551 957 2618 condicio
985 2551 1136 2628 extiterit,
1166 2556 1221 2616 aut

95 2673 168 2738 dies
188 2673 301 2750 ederit,
324 2676 380 2736 aut
400 2672 492 2739 heras
514 2672 642 2751 adierit,
670 2678 744 2738 tunc
766 2671 820 2756 qui
843 2677 1031 2738 testamento
1059 2671 1150 2736 datus
1173 2673 1221 2734 est

53 2802 77 2851 a
95 2789 232 2858 tutulum
255 2791 416 2874 suscipiet,
438 2797 470 2858 et
492 2790 524 2855 hi
545 2795 668 2858 tutores
691 2809 760 2858 asse
787 2791 940 2858 desinent
985 2789 1014 2853 2.
1049 2787 1096 2854 Ab
1125 2786 1221 2852 hosti·
1238 2795 1272 2848 au

93 2914 158 2978 bus
184 2929 307 2995 qunque
330 2917 435 2977 tutore
458 2919 559 2994 capto,
582 2913 656 2978 itam
679 2911 797 2978 Βοιιιιιι
818 2908 977 2988 atilianus,
999 2909 1029 2973 in
1051 2907 1221 2990 prouinciis

91 3037 207 3098 nutem
228 3029 432 3097 iuliotilianns
462 3031 570 3108 datur,
598 3030 654 3115 qui
682 3029 805 3096 desinet
831 3047 900 3096 esse
923 3033 1025 3106 tutor,
1056 3028 1082 3092 si
1111 3028 1138 3092 is
1167 3026 1221 3109 qui

91 3156 213 3232 raptus
235 3158 283 3216 est
303 3151 411 3218 hostes
432 3149 591 3234 effugerim
613 3167 761 3218 renuens
783 3150 866 3215 enim
891 3147 1020 3214 tutulum
1047 3147 1116 3212 inre
1138 3151 1220 3228 post

48 3282 72 3332 a.
92 3269 216 3336 liminii
237 3271 358 3364 resipit
402 3268 432 3334 3.
468 3269 523 3336 Set
543 3269 621 3336 hune
643 3268 767 3352 quidem
790 3267 880 3346 aliun
906 3273 1016 3350 postea
1038 3271 1142 3332 autem
1164 3264 1222 3330 ati·

88 3387 174 3454 lieni
202 3406 257 3454 seu
284 3387 464 3454 iuliutitiuni
492 3393 614 3454 tutores
643 3387 710 3453 dari
739 3388 916 3465 desierunt3
943 3393 1113 3468 coeperunt
1140 3385 1221 3452 enirn
1239 3409 1272 3461 nt
