2936 4704
550 357 787 426 ..146-

122 540 257 618 Mona,
285 539 319 606 iul
348 541 449 608 bonae
474 539 547 610 fidoi
577 544 776 625 consumptio
800 543 903 612 huot.
955 545 1065 612 orittur¹
1084 548 1166 614 enim
1194 553 1229 616 ot

121 660 183 726 inte
200 659 366 726 condictio.
409 661 486 742 quii
515 667 619 728 autom
648 663 726 728 iuris
754 667 804 729 est
829 664 857 729 sl
882 681 922 729 er
951 665 1111 732 connium
1139 665 1230 734 desib

120 777 181 860 quis
200 796 267 843 rem
288 776 409 860 pupillo
430 777 499 844 sine
520 780 634 845 tutoris
656 779 868 847 auctoritate?
894 782 1038 849 domiuus
1065 781 1102 850 lit
1129 783 1228 870 pupil-

119 897 174 979 los,
192 915 293 978 neque
316 895 398 963 enim
420 897 526 964 obstat
546 898 576 964 ci
605 898 656 964 ins
683 897 871 979 quominus
892 903 1113 982 patrimonium
1135 921 1228 968 suum

118 1023 229 1098 augeat,
253 1015 400 1099 quamuis
422 1017 490 1084 sine
510 1022 632 1084 tutores
653 1020 850 1088 auctoritate.
898 1019 974 1104 quid
1003 1017 1102 1104 lgitur
1124 1021 1152 1084 si
1174 1021 1228 1088 do·
1254 1011 1279 1074 '⁵

116 1135 190 1202 bitcr
209 1133 322 1220 pupilli
343 1135 445 1204 eidem
466 1135 585 1220 pupillo
614 1136 756 1204 debitum
784 1137 910 1206 soluat?
940 1138 1099 1206 dominum
1127 1137 1228 1222 pupil-

113 1253 171 1320 lun
190 1255 345 1335 pecuniae
366 1255 488 1324 solutae
509 1255 578 1322 fieri
600 1262 739 1331 constat3
767 1263 865 1324 auct
892 1256 1016 1324 debitor
1037 1256 1229 1339 obligations

112 1373 313 1440 liberabitur?
337 1381 370 1440 et
391 1375 491 1457 magis
513 1380 563 1441 est
583 1380 619 1440 ot
641 1391 800 1456 negemus
822 1375 849 1440 si
872 1375 953 1441 onim
976 1375 1151 1442 diceremus
1173 1375 1228 1441 do·

110 1491 237 1559 bitorom
258 1491 397 1573 liberari,
420 1493 557 1576 pupillos
578 1493 798 1576 obligationem
820 1494 958 1562 alienare
983 1495 1159 1574 uideretur,
1189 1513 1226 1561 so
1264 1483 1269 1499 '

109 1613 185 1694 quod
219 1611 364 1678 debitum
398 1613 466 1678 sins
500 1611 615 1677 tutoris
644 1613 833 1680 auctoritato
863 1615 997 1700 reciper,
1027 1615 1121 1698 idque
1150 1615 1227 1680 neti
1245 1619 1279 1672 1⁰

108 1725 170 1796 tum
193 1738 252 1796 est.
300 1731 408 1812 itaquo
430 1731 461 1795 io
490 1729 589 1796 debiti
616 1728 770 1797 solutione
798 1731 912 1798 tutoris
939 1749 1109 1802 consensus
1135 1733 1224 1812 ‚adbi-

105 1848 223 1914 bendns
255 1854 320 1923 ost3
352 1848 380 1913 si
409 1848 491 1914 enim
521 1853 631 1914 contra
657 1849 726 1914 elus
753 1849 948 1918 uoluntatem
975 1851 1135 1933 soluatur,
1162 1846 1224 1922 uon

104 1967 254 2034 liberatur
288 1967 420 2034 debitor.
474 1967 570 2051 idque
602 1967 839 2036 euidentissima
873 1969 1095 2036 constitutione
1123 1969 1225 2052 plisni·

107 2103 174 2151 mos
193 2087 340 2170 princeps
362 2093 471 2153 noster
491 2087 604 2167 sanxit,
626 2105 720 2171 quam
741 2089 783 2154 acl
805 2087 1032 2155 ansaroensos
1053 2088 1224 2156 muocams

110 2223 144 2268 ex
171 2204 373 2288 suggestione
399 2205 585 2271 Tribuoiani
611 2205 672 2271 uiri
706 2205 942 2272 eminentissimi
970 2207 1147 2289 quaestoris
1176 2225 1222 2274 re·
1244 2216 1276 2269 tu

110 2323 244 2406 scripsit,
273 2341 339 2405 qua
359 2323 518 2406 disposuit
540 2323 715 2392 debitorem
743 2323 853 2408 pnpilli
880 2327 978 2392 tutori
1005 2326 1056 2393 uel
1086 2311 1224 2393 curatori

111 2441 170 2506 eius
191 2444 264 2525 (scis
287 2444 369 2509 enim
391 2443 488 2508 etiam
509 2445 662 2529 pupillum
684 2445 841 2510 interdum
862 2445 893 2510 iu
909 2463 986 2511 cura
1000 2445 1083 2528 esse)
1098 2445 1144 2512 ita
1164 2445 1223 2511 sol·
1263 2507 1268 2541 3

110 2578 179 2626 nere
204 2561 337 2638 debere,
365 2568 403 2630 ut
422 2561 512 2646 prius
538 2562 694 2629 sententia
721 2561 877 2630 iudicialis
902 2561 972 2629 sine
999 2563 1224 2646 ulla-impensa

110 2675 261 2746 celebrata
293 2680 458 2762 permittat
483 2680 671 2748 solutionem
700 2678 779 2746 fleri.
834 2695 897 2764 quo
924 2680 1109 2760 subsecuto,
1135 2681 1164 2746 si
1190 2685 1224 2748 ct

107 2795 195 2864 iudex
214 2801 469 2883 pronuntiauerit
489 2807 522 2868 et
543 2799 666 2868 debitor
692 2799 835 2880 sulcant,
862 2817 993 2868 securus
1015 2799 1140 2867 debitor
1161 2799 1223 2866 erit
1239 2813 1277 2868 au

107 2921 211 2996 utpote
232 2919 340 2985 debito
360 2918 523 2986 liberatus.
567 2918 617 2986 sin
639 2923 746 2986 autom
772 2925 884 2986 contra
907 2915 1081 3000 praefatam
1108 2919 1222 2985 consti·

107 3035 253 3102 tutionem
275 3037 372 3105 debiti
394 3038 509 3104 solutio
530 3035 597 3116 fiat,
619 3056 711 3104 resno
732 3037 855 3106 solutus
876 3037 961 3122 apud
987 3037 1139 3122 pupillum
1160 3037 1222 3102 sal·

106 3169 161 3218 uae
171 3157 347 3230 manserint,
363 3153 416 3224 uel
430 3157 508 3223 baec
521 3157 676 3238 scriplum
691 3156 928 3240 consumpserit,
944 3162 977 3224 et
990 3156 1064 3222 indo
1078 3155 1138 3222 sibi
1154 3155 1222 3236 ipso

108 3269 155 3334 uel
180 3275 365 3354 patrimonio
386 3292 444 3342 suo
473 3276 668 3342 commodum
695 3275 869 3360 qmeserit,
896 3275 992 3358 (lorte
1017 3275 1100 3342 enim
1127 3272 1222 3340 aedos

110 3393 307 3472 murronis,
330 3393 383 3460 uel
404 3393 518 3462 fundos
545 3411 620 3462 suos
649 3394 840 3462 commodius
868 3393 1021 3474 excoluit,
1043 3393 1095 3460 nel
1123 3390 1221 3474 magi·
1237 3396 1273 3450 2⁵

110 3507 183 3573 stris
202 3500 371 3580 macedum
393 3511 554 3594 impendit,
577 3513 628 3581 ucl
655 3513 863 3580 creditoribus
889 3513 955 3579 suis
982 3511 1092 3596 soluit)
1113 3508 1221 3579 nihilo
