2870 4716
533 407 574 416 -·
622 372 685 436 355
732 406 773 416 —

95 547 254 630 emporia,
283 546 365 630 pede
388 551 465 630 puta
487 545 539 611 uel
561 566 657 611 manu
679 547 730 611 uel
755 546 859 628 oculo,
886 547 992 612 laesus
1019 547 1127 627 tuerit,
1156 551 1212 611 aut

96 671 124 735 si
146 671 244 736 aedes
271 671 420 736 uenditae
447 677 532 736 totae
561 676 616 735 aut
642 669 749 752 aliqua
777 691 816 736 ex
843 678 934 755 parte
962 670 1107 736 incendio
1137 691 1209 735 oon·

95 801 240 880 sumptae
263 795 392 880 fuerint,
422 803 476 860 aut
499 794 612 860 fundus
637 795 670 860 ui
696 794 830 862 fluminis
854 802 936 862 totus
960 796 1012 860 uel
1041 795 1148 879 aliqua
1172 817 1210 862 ex

94 927 187 1006 parte
212 921 336 986 ablatus
359 921 413 1004 sit,
441 919 509 985 siue
533 921 628 986 otiam
655 919 857 985 inundatione
885 940 1052 1002 aquamm,
1081 921 1134 986 uel
1162 941 1211 986 ur·

95 1045 228 1110 boribus
250 1045 374 1111 turbine
396 1045 527 1110 deiectis
549 1045 644 1128 longe
668 1043 769 1110 minor
791 1050 822 1110 et
845 1043 983 1110 deton'or
1001 1043 1121 1109 fundus·
1139 1064 1210 1110 esse
1248 1061 1262 1111 5

95 1170 252 1256 coeperit:
276 1171 309 1236 in
331 1169 485 1235 eiusmodi
508 1169 652 1234 omnibus
675 1169 801 1234 casibus
821 1169 1038 1235 detrimentum
1062 1168 1103 1234 ad
1127 1187 1211 1253 emp·

95 1302 199 1361 torem
220 1297 363 1380 pertinet.
409 1295 503 1360 immo
526 1294 587 1359 etsi
609 1294 746 1359 nondum
769 1293 816 1360 rei
842 1295 1075 1378 possessionem
1101 1299 1211 1360 nactus

96 1420 203 1503 fuerit,
226 1420 359 1504 pretium
383 1420 507 1484 soluere
531 1418 743 1502 compelletur.
793 1419 918 1484 omnino
942 1419 1024 1484 enim
1049 1418 1211 1484 sciendum

95 1553 157 1628 est,
183 1543 334 1626 quidquid
357 1545 477 1624 absque
494 1542 566 1607 dolo
591 1550 623 1608 et
638 1543 732 1626 culpa
747 1543 919 1608 uenditoris
935 1543 982 1608 rei
999 1543 1158 1625 acciderit,
1180 1545 1212 1608 in

95 1690 136 1735 eo
161 1675 261 1734 tutum
285 1689 355 1734 esse
378 1668 583 1734 uenditorem,
628 1669 782 1750 quomodo
806 1668 935 1734 fortuita
958 1668 1121 1733 diminutio
1144 1669 1211 1733 siue
1231 1679 1266 1737 10

96 1795 245 1860 interitus
268 1793 315 1858 rei
336 1793 485 1858 uenditae
508 1793 550 1857 ad
572 1800 744 1876 emptorem
767 1799 898 1877 spectat,
922 1792 967 1857 ita
983 1798 1015 1858 et
1030 1792 1057 1858 si
1076 1791 1150 1873 quid
1165 1793 1213 1857 rei

96 1919 248 1985 uenditae
271 1917 350 1982 lucri
373 1917 550 1999 accesserit,
574 1918 707 2001 emptori
729 1917 761 1982 id
783 1917 932 2001 proderit.
978 1936 1075 1998 quare
1092 1915 1119 1981 si
1136 1916 1210 1981 allu-

96 2045 196 2108 uione
215 2042 317 2106 maior
331 2040 444 2106 fundus
467 2042 568 2106 iactus
592 2048 640 2106 est
656 2041 737 2126 (erat
760 2042 842 2106 enim
864 2041 945 2106 forte
969 2047 1092 2106 centum
1114 2039 1213 2124 pleth·

97 2187 216 2248 rorum,
239 2172 311 2250 post
325 2185 402 2230 uero
418 2172 611 2230 contractam
626 2166 838 2231 uenditionem
854 2185 910 2250 per
925 2164 1213 2230 alluionemdecem

99 2292 168 2357 alis
191 2291 315 2375 plethra
338 2292 561 2376 accesserunt),
590 2291 753 2355 commodo
780 2297 903 2374 emptor
929 2289 1061 2355 fruetur:
1091 2295 1214 2373 oportet
1234 2301 1266 2353 15

100 2416 188 2482 enim
211 2416 278 2481 eius
301 2435 371 2481 esse
388 2415 594 2496 commodum,
619 2415 706 2479 cuius
730 2421 761 2480 et
777 2414 954 2480 detrimenti
968 2414 1141 2498 periculum
1157 2421 1213 2480 est.

48 2542 150 2608 ila·3¹².
174 2541 211 2605 Si
231 2560 307 2606 uero
331 2546 403 2606 ante
426 2539 625 2605 traditionem
647 2539 764 2622 fugerit
786 2539 878 2604 homo
902 2539 956 2620 qui
979 2539 1076 2604 ueniit
1097 2539 1149 2604 uel
1172 2540 1213 2604 ab

101 2665 211 2746 aliquo
235 2666 401 2748 subreptus
424 2663 525 2746 fuerit,
548 2663 592 2728 ita
615 2672 649 2729 ut
671 2682 773 2745 neque
797 2663 887 2728 dolus
910 2683 1012 2744 neque
1032 2663 1125 2747 culpa
1140 2683 1214 2727 uen-

100 2790 213 2856 ditoris
236 2788 360 2854 ostendi
382 2789 491 2872 possit,
514 2787 717 2872 dispiciamus
739 2809 781 2854 au
803 2787 875 2852 inde
898 2787 1043 2852 uenditor
1068 2788 1214 2852 damnum

100 2914 220 2980 sentire
244 2913 367 2978 debeat.
406 2919 438 2978 et
460 2913 505 2976 ita
528 2911 779 2995 distinguendum
803 2919 858 2977 est.
897 2911 925 2976 si
947 2911 1066 2976 uenditi
1081 2911 1214 2977 hominis
1233 2923 1268 2976 20

101 3037 278 3104 custodiam
305 3039 337 3102 in
368 3058 403 3102 se
431 3037 576 3103 uenditor
603 3038 776 3121 susceperit
805 3057 905 3118 usque
934 3036 975 3100 ad
1005 3036 1213 3114 traditionem,

100 3163 278 3228 custodiam
310 3161 380 3250 [hoc
414 3163 558 3228 nimirum
590 3164 687 3227 uerbo
717 3163 813 3226 utitur
843 3159 957 3248 textus]
991 3181 1068 3226 sano
1106 3161 1213 3228 debet:

100 3286 293 3372 (custodia
315 3294 363 3352 est
384 3295 489 3352 autem
504 3286 745 3370 diligentissima
760 3295 792 3352 et
807 3287 923 3352 eximia
937 3287 984 3351 rei
1003 3286 1213 3370 conseruatio)

103 3419 134 3476 et
155 3410 227 3496 ipse
250 3411 323 3477 inde
347 3412 494 3477 damnum
510 3413 630 3477 sentiet
666 3412 693 3476 si
712 3431 788 3476 uero
804 3431 867 3476 non
883 3411 1063 3494 susceperit,
1087 3429 1215 3475 securus

102 3535 170 3601 erit
209 3536 293 3601 idem
316 3543 348 3601 et
370 3538 402 3601 in
426 3536 538 3601 ceteris
555 3536 752 3617 animalibus,
777 3535 875 3600 ueluti
890 3554 971 3616 equo
988 3535 1076 3600 asino
1094 3533 1214 3598 camelo
1233 3541 1267 3594 25

103 3660 248 3726 omnihus
273 3659 406 3742 denique
429 3660 461 3725 id
484 3679 595 3743 genus,
624 3661 709 3726 etin
733 3661 845 3725 ceteris
873 3660 967 3724 rebus
995 3658 1212 3740 intellegimus
