<?xml version="1.0" encoding="UTF-8"?>
<!DOCTYPE html PUBLIC "-//W3C//DTD XHTML 1.0 Transitional//EN"
    "http://www.w3.org/TR/xhtml1/DTD/xhtml1-transitional.dtd">
<html xmlns="http://www.w3.org/1999/xhtml" xml:lang="en" lang="en">
 <head>
  <title>
</title>
<meta http-equiv="Content-Type" content="text/html;charset=utf-8" />
  <meta name='ocr-system' content='tesseract 3.04.00' />
  <meta name='ocr-capabilities' content='ocr_page ocr_carea ocr_par ocr_line ocrx_word'/>
</head>
<body>
  <div class='ocr_page' id='page_1' title='image "./institutionumgr02linggoog_0196.png"; bbox 0 0 2932 4704; ppageno 0'>
   <div class='ocr_carea' id='block_1_1' title="bbox 525 304 734 370">
    <p class='ocr_par' dir='ltr' id='par_1_1' title="bbox 525 304 734 370">
     <span class='ocr_line' id='line_1_1' title="bbox 525 304 734 370; baseline 0 -18"><span class='ocrx_word' id='word_1_1' title='bbox 525 304 734 370; x_wconf 72' lang='grc'>,81-</span> 
     </span>
    </p>
   </div>
   <div class='ocr_carea' id='block_1_2' title="bbox 252 625 994 705">
    <p class='ocr_par' dir='ltr' id='par_1_2' title="bbox 252 625 994 705">
     <span class='ocr_line' id='line_1_2' title="bbox 252 625 994 705; baseline -0.005 -12"><span class='ocrx_word' id='word_1_2' title='bbox 252 626 373 705; x_wconf 78' lang='lat' dir='ltr'><strong>Quibus</strong></span> <span class='ocrx_word' id='word_1_3' title='bbox 395 627 496 692; x_wconf 86' lang='lat' dir='ltr'><strong>modis</strong></span> <span class='ocrx_word' id='word_1_4' title='bbox 516 627 616 694; x_wconf 84' lang='lat' dir='ltr'><strong>tutela</strong></span> <span class='ocrx_word' id='word_1_5' title='bbox 637 625 753 692; x_wconf 87' lang='lat' dir='ltr'><strong>linitur.</strong></span> <span class='ocrx_word' id='word_1_6' title='bbox 797 625 921 693; x_wconf 84' lang='lat' dir='ltr'><strong>Titulus</strong></span> <span class='ocrx_word' id='word_1_7' title='bbox 944 627 994 690; x_wconf 77' lang='lat'><strong>22.</strong></span> 
     </span>
    </p>
   </div>
   <div class='ocr_carea' id='block_1_3' title="bbox 43 813 1351 3398">
    <p class='ocr_par' dir='ltr' id='par_1_3' title="bbox 74 813 1351 3041">
     <span class='ocr_line' id='line_1_3' title="bbox 157 813 1179 892; baseline 0 -10"><span class='ocrx_word' id='word_1_8' title='bbox 157 814 227 882; x_wconf 83' lang='lat' dir='ltr'><strong>Onu</strong></span> <span class='ocrx_word' id='word_1_9' title='bbox 250 815 291 880; x_wconf 89' lang='lat' dir='ltr'><strong>de</strong></span> <span class='ocrx_word' id='word_1_10' title='bbox 313 815 431 882; x_wconf 76' lang='lat' dir='ltr'><strong>tutelae</strong></span> <span class='ocrx_word' id='word_1_11' title='bbox 452 815 672 883; x_wconf 88' lang='lat' dir='ltr'><strong>constitutione</strong></span> <span class='ocrx_word' id='word_1_12' title='bbox 694 815 947 892; x_wconf 76' lang='lat' dir='ltr'><strong>uectauerimus,</strong></span> <span class='ocrx_word' id='word_1_13' title='bbox 977 813 1016 880; x_wconf 85' lang='lat' dir='ltr'><strong>de</strong></span> <span class='ocrx_word' id='word_1_14' title='bbox 1045 814 1112 882; x_wconf 90' lang='lat' dir='ltr'><strong>eius</strong></span> <span class='ocrx_word' id='word_1_15' title='bbox 1135 833 1179 882; x_wconf 83' lang='lat' dir='ltr'><strong>so·</strong></span> 
     </span>
     <span class='ocr_line' id='line_1_4' title="bbox 89 933 1181 1017; baseline 0.003 -19"><span class='ocrx_word' id='word_1_16' title='bbox 89 934 186 1000; x_wconf 88' lang='lat' dir='ltr'><strong>tutione</strong></span> <span class='ocrx_word' id='word_1_17' title='bbox 204 951 330 1016; x_wconf 83' lang='lat' dir='ltr'><strong>quoque</strong></span> <span class='ocrx_word' id='word_1_18' title='bbox 354 933 563 1016; x_wconf 81' lang='lat' dir='ltr'><strong>tlspieiamus.</strong></span> <span class='ocrx_word' id='word_1_19' title='bbox 601 951 674 1000; x_wconf 87' lang='lat' dir='ltr'><strong>nem</strong></span> <span class='ocrx_word' id='word_1_20' title='bbox 695 933 847 1017; x_wconf 84' lang='lat' dir='ltr'><strong>quidquid</strong></span> <span class='ocrx_word' id='word_1_21' title='bbox 870 933 1090 1015; x_wconf 85' lang='lat' dir='ltr'><strong>aliquomodo</strong></span> <span class='ocrx_word' id='word_1_22' title='bbox 1112 952 1181 1001; x_wconf 82' lang='lat' dir='ltr'><strong>con·</strong></span> 
     </span>
     <span class='ocr_line' id='line_1_5' title="bbox 87 1051 1182 1133; baseline 0.002 -15"><span class='ocrx_word' id='word_1_23' title='bbox 87 1052 215 1128; x_wconf 88' lang='lat' dir='ltr'><strong>stituitur,</strong></span> <span class='ocrx_word' id='word_1_24' title='bbox 237 1053 323 1118; x_wconf 86' lang='lat' dir='ltr'><strong>idem</strong></span> <span class='ocrx_word' id='word_1_25' title='bbox 346 1051 564 1133; x_wconf 71' lang='lat' dir='ltr'><strong>aliquomodo</strong></span> <span class='ocrx_word' id='word_1_26' title='bbox 586 1052 680 1120; x_wconf 83' lang='lat' dir='ltr'><strong>etism</strong></span> <span class='ocrx_word' id='word_1_27' title='bbox 704 1053 894 1118; x_wconf 86' lang='lat' dir='ltr'><strong>dissoluitur.</strong></span> <span class='ocrx_word' id='word_1_28' title='bbox 922 1053 1055 1119; x_wconf 84' lang='lat' dir='ltr'><strong>soluItnr</strong></span> <span class='ocrx_word' id='word_1_29' title='bbox 1078 1059 1182 1120; x_wconf 82' lang='lat' dir='ltr'><strong>autern</strong></span> 
     </span>
     <span class='ocr_line' id='line_1_6' title="bbox 88 1169 1183 1252; baseline 0.003 -18"><span class='ocrx_word' id='word_1_30' title='bbox 88 1172 167 1236; x_wconf 70' lang='lat' dir='ltr'><strong>uela</strong></span> <span class='ocrx_word' id='word_1_31' title='bbox 185 1172 354 1252; x_wconf 79' lang='lat' dir='ltr'><strong>pubertate</strong></span> <span class='ocrx_word' id='word_1_32' title='bbox 376 1189 446 1237; x_wconf 89' lang='lat' dir='ltr'><strong>cum</strong></span> <span class='ocrx_word' id='word_1_33' title='bbox 468 1171 564 1236; x_wconf 82' lang='lat' dir='ltr'><strong>morin</strong></span> <span class='ocrx_word' id='word_1_34' title='bbox 586 1176 652 1237; x_wconf 89' lang='lat' dir='ltr'><strong>turn</strong></span> <span class='ocrx_word' id='word_1_35' title='bbox 678 1169 820 1237; x_wconf 79' lang='lat' dir='ltr'><strong>feminae.</strong></span> <span class='ocrx_word' id='word_1_36' title='bbox 854 1171 1050 1252; x_wconf 76' lang='lat' dir='ltr'><strong>puberutem</strong></span> <span class='ocrx_word' id='word_1_37' title='bbox 1077 1177 1183 1237; x_wconf 87' lang='lat' dir='ltr'><strong>autern</strong></span> 
     </span>
     <span class='ocr_line' id='line_1_7' title="bbox 85 1277 1351 1371; baseline -0.001 -18"><span class='ocrx_word' id='word_1_38' title='bbox 85 1297 189 1355; x_wconf 85' lang='lat' dir='ltr'><strong>ueteres</strong></span> <span class='ocrx_word' id='word_1_39' title='bbox 209 1308 272 1354; x_wconf 91' lang='lat' dir='ltr'><strong>non</strong></span> <span class='ocrx_word' id='word_1_40' title='bbox 296 1287 398 1354; x_wconf 90' lang='lat' dir='ltr'><strong>solum</strong></span> <span class='ocrx_word' id='word_1_41' title='bbox 421 1309 459 1354; x_wconf 83' lang='lat' dir='ltr'><strong>ex</strong></span> <span class='ocrx_word' id='word_1_42' title='bbox 480 1295 594 1366; x_wconf 64' lang='lat' dir='ltr'><strong>emta</strong></span> <span class='ocrx_word' id='word_1_43' title='bbox 616 1289 675 1355; x_wconf 88' lang='lat' dir='ltr'><strong>boc</strong></span> <span class='ocrx_word' id='word_1_44' title='bbox 696 1295 744 1356; x_wconf 89' lang='lat' dir='ltr'><strong>est</strong></span> <span class='ocrx_word' id='word_1_45' title='bbox 772 1307 809 1355; x_wconf 82' lang='lat' dir='ltr'><strong>ex</strong></span> <span class='ocrx_word' id='word_1_46' title='bbox 837 1307 875 1356; x_wconf 92' lang='lat' dir='ltr'><strong>eo</strong></span> <span class='ocrx_word' id='word_1_47' title='bbox 903 1290 986 1371; x_wconf 84' lang='lat' dir='ltr'><strong>quod</strong></span> <span class='ocrx_word' id='word_1_48' title='bbox 1012 1287 1109 1355; x_wconf 84' lang='lat' dir='ltr'>XIIII</span> <span class='ocrx_word' id='word_1_49' title='bbox 1130 1309 1182 1356; x_wconf 84' lang='lat' dir='ltr'><strong>an-</strong></span> <span class='ocrx_word' id='word_1_50' title='bbox 1218 1301 1235 1352; x_wconf 84' lang='lat' dir='ltr'><strong>o</strong></span> <span class='ocrx_word' id='word_1_51' title='bbox 1347 1277 1351 1284; x_wconf 82' lang='grc'><strong>’</strong></span> 
     </span>
     <span class='ocr_line' id='line_1_8' title="bbox 86 1405 1184 1492; baseline 0.003 -21"><span class='ocrx_word' id='word_1_52' title='bbox 86 1427 144 1472; x_wconf 91' lang='lat' dir='ltr'><strong>nun</strong></span> <span class='ocrx_word' id='word_1_53' title='bbox 164 1408 378 1492; x_wconf 84' lang='lat' dir='ltr'><strong>impleuerInt‚</strong></span> <span class='ocrx_word' id='word_1_54' title='bbox 402 1413 450 1478; x_wconf 91' lang='lat' dir='ltr'><strong>set</strong></span> <span class='ocrx_word' id='word_1_55' title='bbox 472 1409 566 1476; x_wconf 86' lang='lat' dir='ltr'><strong>etiam</strong></span> <span class='ocrx_word' id='word_1_56' title='bbox 589 1427 627 1474; x_wconf 86' lang='lat' dir='ltr'><strong>ex</strong></span> <span class='ocrx_word' id='word_1_57' title='bbox 649 1409 757 1476; x_wconf 84' lang='lat' dir='ltr'><strong>bebitn</strong></span> <span class='ocrx_word' id='word_1_58' title='bbox 784 1405 924 1490; x_wconf 90' lang='lat' dir='ltr'><strong>corporis</strong></span> <span class='ocrx_word' id='word_1_59' title='bbox 950 1408 1184 1492; x_wconf 74' lang='lat' dir='ltr'><strong>dignoscebant</strong></span> 
     </span>
     <span class='ocr_line' id='line_1_9' title="bbox 84 1525 1185 1608; baseline 0.005 -19"><span class='ocrx_word' id='word_1_60' title='bbox 84 1527 172 1608; x_wconf 84' lang='lat' dir='ltr'><strong>inque</strong></span> <span class='ocrx_word' id='word_1_61' title='bbox 192 1528 261 1596; x_wconf 88' lang='lat' dir='ltr'><strong>siue</strong></span> <span class='ocrx_word' id='word_1_62' title='bbox 289 1527 416 1594; x_wconf 88' lang='lat' dir='ltr'><strong>babitus</strong></span> <span class='ocrx_word' id='word_1_63' title='bbox 445 1527 582 1608; x_wconf 89' lang='lat' dir='ltr'><strong>corporis</strong></span> <span class='ocrx_word' id='word_1_64' title='bbox 612 1533 685 1594; x_wconf 85' lang='lat' dir='ltr'><strong>ente</strong></span> <span class='ocrx_word' id='word_1_65' title='bbox 711 1525 805 1594; x_wconf 87' lang='lat' dir='ltr'>XIIII</span> <span class='ocrx_word' id='word_1_66' title='bbox 831 1545 945 1594; x_wconf 84' lang='lat' dir='ltr'><strong>ennunr</strong></span> <span class='ocrx_word' id='word_1_67' title='bbox 973 1527 1185 1594; x_wconf 78' lang='lat' dir='ltr'><strong>manifestare-</strong></span> 
     </span>
     <span class='ocr_line' id='line_1_10' title="bbox 83 1643 1183 1728; baseline 0.004 -18"><span class='ocrx_word' id='word_1_68' title='bbox 83 1653 131 1722; x_wconf 88' lang='lat' dir='ltr'><strong>tur,</strong></span> <span class='ocrx_word' id='word_1_69' title='bbox 151 1647 215 1712; x_wconf 90' lang='lat' dir='ltr'><strong>siue</strong></span> <span class='ocrx_word' id='word_1_70' title='bbox 240 1646 313 1728; x_wconf 89' lang='lat' dir='ltr'><strong>quis</strong></span> <span class='ocrx_word' id='word_1_71' title='bbox 328 1643 423 1711; x_wconf 84' lang='lat' dir='ltr'>XIIII</span> <span class='ocrx_word' id='word_1_72' title='bbox 437 1664 553 1712; x_wconf 86' lang='lat' dir='ltr'><strong>ennom</strong></span> <span class='ocrx_word' id='word_1_73' title='bbox 567 1647 720 1728; x_wconf 84' lang='lat' dir='ltr'><strong>impleret,</strong></span> <span class='ocrx_word' id='word_1_74' title='bbox 743 1646 869 1712; x_wconf 72' lang='lat' dir='ltr'><strong>babitus</strong></span> <span class='ocrx_word' id='word_1_75' title='bbox 884 1654 988 1714; x_wconf 84' lang='lat' dir='ltr'><strong>eutem</strong></span> <span class='ocrx_word' id='word_1_76' title='bbox 1005 1665 1066 1714; x_wconf 87' lang='lat' dir='ltr'><strong>non</strong></span> <span class='ocrx_word' id='word_1_77' title='bbox 1081 1653 1183 1714; x_wconf 85' lang='lat' dir='ltr'><strong>osten·</strong></span> 
     </span>
     <span class='ocr_line' id='line_1_11' title="bbox 83 1765 1185 1848; baseline 0.004 -20"><span class='ocrx_word' id='word_1_78' title='bbox 83 1765 207 1842; x_wconf 84' lang='lat' dir='ltr'><strong>teretur,</strong></span> <span class='ocrx_word' id='word_1_79' title='bbox 242 1782 306 1830; x_wconf 93' lang='lat' dir='ltr'><strong>non</strong></span> <span class='ocrx_word' id='word_1_80' title='bbox 334 1765 573 1831; x_wconf 80' lang='lat' dir='ltr'><strong>existimabatur</strong></span> <span class='ocrx_word' id='word_1_81' title='bbox 599 1767 698 1848; x_wconf 85' lang='lat' dir='ltr'><strong>pubes</strong></span> <span class='ocrx_word' id='word_1_82' title='bbox 728 1783 812 1844; x_wconf 89' lang='lat' dir='ltr'><strong>esse,</strong></span> <span class='ocrx_word' id='word_1_83' title='bbox 842 1771 891 1832; x_wconf 86' lang='lat' dir='ltr'><strong>set</strong></span> <span class='ocrx_word' id='word_1_84' title='bbox 918 1784 987 1832; x_wconf 87' lang='lat' dir='ltr'><strong>eum</strong></span> <span class='ocrx_word' id='word_1_85' title='bbox 1015 1773 1185 1848; x_wconf 86' lang='lat' dir='ltr'><strong>utrumqne</strong></span> 
     </span>
     <span class='ocr_line' id='line_1_12' title="bbox 81 1883 1236 1968; baseline 0.003 -21"><span class='ocrx_word' id='word_1_86' title='bbox 81 1893 275 1951; x_wconf 71' lang='lat' dir='ltr'><strong>conurreret.</strong></span> <span class='ocrx_word' id='word_1_87' title='bbox 321 1883 414 1950; x_wconf 88' lang='lat' dir='ltr'><strong>hodie</strong></span> <span class='ocrx_word' id='word_1_88' title='bbox 435 1888 539 1950; x_wconf 67' lang='lat' dir='ltr'><strong>euoem</strong></span> <span class='ocrx_word' id='word_1_89' title='bbox 566 1883 723 1967; x_wconf 87' lang='lat' dir='ltr'><strong>piissimus</strong></span> <span class='ocrx_word' id='word_1_90' title='bbox 752 1887 894 1967; x_wconf 90' lang='lat' dir='ltr'><strong>princeps</strong></span> <span class='ocrx_word' id='word_1_91' title='bbox 923 1891 1029 1952; x_wconf 87' lang='lat' dir='ltr'><strong>noster</strong></span> <span class='ocrx_word' id='word_1_92' title='bbox 1057 1884 1184 1968; x_wconf 82' lang='lat' dir='ltr'><strong>(lignum</strong></span> <span class='ocrx_word' id='word_1_93' title='bbox 1204 1909 1236 1962; x_wconf 86' lang='lat'><strong>10</strong></span> 
     </span>
     <span class='ocr_line' id='line_1_13' title="bbox 81 2003 1186 2087; baseline 0.003 -21"><span class='ocrx_word' id='word_1_94' title='bbox 81 2019 138 2066; x_wconf 77' lang='lat' dir='ltr'><strong>osse</strong></span> <span class='ocrx_word' id='word_1_95' title='bbox 157 2021 286 2069; x_wconf 88' lang='lat' dir='ltr'><strong>suornm</strong></span> <span class='ocrx_word' id='word_1_96' title='bbox 312 2011 485 2087; x_wconf 83' lang='lat' dir='ltr'><strong>tempcnrm</strong></span> <span class='ocrx_word' id='word_1_97' title='bbox 509 2004 653 2070; x_wconf 59' lang='lat' dir='ltr'><strong>castitas</strong></span> <span class='ocrx_word' id='word_1_98' title='bbox 675 2010 804 2085; x_wconf 84' lang='lat' dir='ltr'><strong>putens,</strong></span> <span class='ocrx_word' id='word_1_99' title='bbox 827 2005 919 2069; x_wconf 89' lang='lat' dir='ltr'><strong>iussit</strong></span> <span class='ocrx_word' id='word_1_100' title='bbox 939 2005 1021 2070; x_wconf 89' lang='lat' dir='ltr'><strong>idem</strong></span> <span class='ocrx_word' id='word_1_101' title='bbox 1043 2003 1186 2086; x_wconf 78' lang='lat' dir='ltr'><strong>optinere</strong></span> 
     </span>
     <span class='ocr_line' id='line_1_14' title="bbox 79 2121 1185 2205; baseline 0.007 -21"><span class='ocrx_word' id='word_1_102' title='bbox 79 2122 148 2198; x_wconf 85' lang='lat' dir='ltr'><strong>quod</strong></span> <span class='ocrx_word' id='word_1_103' title='bbox 169 2124 229 2188; x_wconf 86' lang='lat' dir='ltr'><strong>ism</strong></span> <span class='ocrx_word' id='word_1_104' title='bbox 256 2123 434 2205; x_wconf 85' lang='lat' dir='ltr'><strong>antiquitus</strong></span> <span class='ocrx_word' id='word_1_105' title='bbox 455 2123 488 2188; x_wconf 91' lang='lat' dir='ltr'><strong>in</strong></span> <span class='ocrx_word' id='word_1_106' title='bbox 510 2121 633 2190; x_wconf 88' lang='lat' dir='ltr'><strong>feminis</strong></span> <span class='ocrx_word' id='word_1_107' title='bbox 655 2125 886 2201; x_wconf 71' lang='lat' dir='ltr'><strong>obtenebretur,</strong></span> <span class='ocrx_word' id='word_1_108' title='bbox 908 2125 939 2190; x_wconf 93' lang='lat' dir='ltr'><strong>in</strong></span> <span class='ocrx_word' id='word_1_109' title='bbox 962 2123 1076 2204; x_wconf 90' lang='lat' dir='ltr'><strong>quibus</strong></span> <span class='ocrx_word' id='word_1_110' title='bbox 1098 2130 1185 2192; x_wconf 86' lang='lat' dir='ltr'><strong>setes</strong></span> 
     </span>
     <span class='ocr_line' id='line_1_15' title="bbox 77 2241 1188 2328; baseline 0.005 -22"><span class='ocrx_word' id='word_1_111' title='bbox 77 2246 183 2308; x_wconf 77' lang='lat' dir='ltr'><strong>uncum</strong></span> <span class='ocrx_word' id='word_1_112' title='bbox 206 2243 438 2328; x_wconf 76' lang='lat' dir='ltr'><strong>inquirebatur,</strong></span> <span class='ocrx_word' id='word_1_113' title='bbox 459 2259 541 2323; x_wconf 83' lang='lat' dir='ltr'><strong>quae</strong></span> <span class='ocrx_word' id='word_1_114' title='bbox 562 2241 624 2311; x_wconf 89' lang='lat' dir='ltr'><strong>XII</strong></span> <span class='ocrx_word' id='word_1_115' title='bbox 645 2243 735 2309; x_wconf 86' lang='lat' dir='ltr'><strong>annis</strong></span> <span class='ocrx_word' id='word_1_116' title='bbox 757 2245 855 2312; x_wconf 83' lang='lat' dir='ltr'><strong>maior</strong></span> <span class='ocrx_word' id='word_1_117' title='bbox 882 2250 980 2322; x_wconf 87' lang='lat' dir='ltr'><strong>esset,</strong></span> <span class='ocrx_word' id='word_1_118' title='bbox 1010 2261 1078 2310; x_wconf 84' lang='lat' dir='ltr'><strong>cunr</strong></span> <span class='ocrx_word' id='word_1_119' title='bbox 1101 2241 1188 2312; x_wconf 79' lang='lat' dir='ltr'><strong>habi-</strong></span> 
     </span>
     <span class='ocr_line' id='line_1_16' title="bbox 80 2359 1188 2445; baseline 0.006 -24"><span class='ocrx_word' id='word_1_120' title='bbox 80 2363 134 2424; x_wconf 91' lang='lat' dir='ltr'><strong>tun</strong></span> <span class='ocrx_word' id='word_1_121' title='bbox 154 2364 296 2445; x_wconf 84' lang='lat' dir='ltr'><strong>corporIs</strong></span> <span class='ocrx_word' id='word_1_122' title='bbox 320 2379 426 2430; x_wconf 86' lang='lat' dir='ltr'><strong>earunr</strong></span> <span class='ocrx_word' id='word_1_123' title='bbox 449 2363 600 2444; x_wconf 80' lang='lat' dir='ltr'><strong>inspicere</strong></span> <span class='ocrx_word' id='word_1_124' title='bbox 622 2364 819 2429; x_wconf 89' lang='lat' dir='ltr'><strong>inhonestum</strong></span> <span class='ocrx_word' id='word_1_125' title='bbox 846 2361 1017 2432; x_wconf 85' lang='lat' dir='ltr'><strong>uideretur.</strong></span> <span class='ocrx_word' id='word_1_126' title='bbox 1061 2359 1188 2442; x_wconf 78' lang='lat' dir='ltr'><strong>putauit</strong></span> 
     </span>
     <span class='ocr_line' id='line_1_17' title="bbox 78 2479 1238 2565; baseline 0.003 -21"><span class='ocrx_word' id='word_1_127' title='bbox 78 2479 160 2558; x_wconf 78' lang='lat' dir='ltr'><strong>igitur</strong></span> <span class='ocrx_word' id='word_1_128' title='bbox 180 2482 335 2564; x_wconf 86' lang='lat' dir='ltr'><strong>princeps</strong></span> <span class='ocrx_word' id='word_1_129' title='bbox 357 2488 464 2548; x_wconf 88' lang='lat' dir='ltr'><strong>noster</strong></span> <span class='ocrx_word' id='word_1_130' title='bbox 491 2481 682 2565; x_wconf 86' lang='lat' dir='ltr'><strong>impudicum</strong></span> <span class='ocrx_word' id='word_1_131' title='bbox 710 2499 779 2548; x_wconf 88' lang='lat' dir='ltr'><strong>esse</strong></span> <span class='ocrx_word' id='word_1_132' title='bbox 806 2482 1018 2548; x_wconf 87' lang='lat' dir='ltr'><strong>habitudinem</strong></span> <span class='ocrx_word' id='word_1_133' title='bbox 1048 2481 1238 2564; x_wconf 79' lang='lat' dir='ltr'><strong>corporIc15</strong></span> 
     </span>
     <span class='ocr_line' id='line_1_18' title="bbox 76 2599 1188 2683; baseline 0.004 -23"><span class='ocrx_word' id='word_1_134' title='bbox 76 2600 276 2666; x_wconf 79' lang='lat' dir='ltr'><strong>musculorum</strong></span> <span class='ocrx_word' id='word_1_135' title='bbox 301 2601 470 2683; x_wconf 85' lang='lat' dir='ltr'><strong>inspicere,</strong></span> <span class='ocrx_word' id='word_1_136' title='bbox 493 2602 583 2668; x_wconf 86' lang='lat' dir='ltr'><strong>sicuti</strong></span> <span class='ocrx_word' id='word_1_137' title='bbox 611 2602 641 2666; x_wconf 91' lang='lat' dir='ltr'><strong>in</strong></span> <span class='ocrx_word' id='word_1_138' title='bbox 668 2599 791 2666; x_wconf 87' lang='lat' dir='ltr'><strong>leminis</strong></span> <span class='ocrx_word' id='word_1_139' title='bbox 819 2599 881 2665; x_wconf 89' lang='lat' dir='ltr'><strong>iam</strong></span> <span class='ocrx_word' id='word_1_140' title='bbox 913 2602 1014 2666; x_wconf 87' lang='lat' dir='ltr'><strong>uisum</strong></span> <span class='ocrx_word' id='word_1_141' title='bbox 1042 2606 1126 2678; x_wconf 84' lang='lat' dir='ltr'><strong>erut,</strong></span> <span class='ocrx_word' id='word_1_142' title='bbox 1155 2605 1188 2665; x_wconf 90' lang='lat' dir='ltr'><strong>et</strong></span> 
     </span>
     <span class='ocr_line' id='line_1_19' title="bbox 77 2717 1187 2802; baseline 0.003 -22"><span class='ocrx_word' id='word_1_143' title='bbox 77 2719 327 2786; x_wconf 85' lang='lat' dir='ltr'><strong>constitutionem</strong></span> <span class='ocrx_word' id='word_1_144' title='bbox 351 2721 506 2800; x_wconf 82' lang='lat' dir='ltr'><strong>tulitque</strong></span> <span class='ocrx_word' id='word_1_145' title='bbox 535 2719 637 2784; x_wconf 83' lang='lat' dir='ltr'><strong>sanxit</strong></span> <span class='ocrx_word' id='word_1_146' title='bbox 663 2719 859 2801; x_wconf 85' lang='lat' dir='ltr'><strong>pubertatem</strong></span> <span class='ocrx_word' id='word_1_147' title='bbox 889 2720 919 2784; x_wconf 96' lang='lat' dir='ltr'><strong>in</strong></span> <span class='ocrx_word' id='word_1_148' title='bbox 950 2717 1088 2785; x_wconf 72' lang='lat' dir='ltr'><strong>munbus</strong></span> <span class='ocrx_word' id='word_1_149' title='bbox 1115 2725 1187 2802; x_wconf 87' lang='lat' dir='ltr'><strong>post</strong></span> 
     </span>
     <span class='ocr_line' id='line_1_20' title="bbox 74 2835 1187 2922; baseline 0.003 -22"><span class='ocrx_word' id='word_1_150' title='bbox 74 2835 157 2902; x_wconf 84' lang='lat' dir='ltr'>XIIII</span> <span class='ocrx_word' id='word_1_151' title='bbox 187 2859 311 2906; x_wconf 84' lang='lat' dir='ltr'><strong>annum</strong></span> <span class='ocrx_word' id='word_1_152' title='bbox 342 2841 527 2922; x_wconf 90' lang='lat' dir='ltr'><strong>completum</strong></span> <span class='ocrx_word' id='word_1_153' title='bbox 555 2839 701 2921; x_wconf 88' lang='lat' dir='ltr'><strong>incipere.</strong></span> <span class='ocrx_word' id='word_1_154' title='bbox 757 2839 840 2922; x_wconf 87' lang='lat' dir='ltr'><strong>quod</strong></span> <span class='ocrx_word' id='word_1_155' title='bbox 870 2845 975 2905; x_wconf 85' lang='lat' dir='ltr'><strong>sutem</strong></span> <span class='ocrx_word' id='word_1_156' title='bbox 1004 2840 1035 2903; x_wconf 93' lang='lat' dir='ltr'><strong>in</strong></span> <span class='ocrx_word' id='word_1_157' title='bbox 1064 2837 1187 2904; x_wconf 86' lang='lat' dir='ltr'><strong>lerninis</strong></span> 
     </span>
     <span class='ocr_line' id='line_1_21' title="bbox 74 2955 1186 3041; baseline 0.003 -22"><span class='ocrx_word' id='word_1_158' title='bbox 74 2955 297 3026; x_wconf 82' lang='lat' dir='ltr'><strong>obsernsbrtur</strong></span> <span class='ocrx_word' id='word_1_159' title='bbox 320 2976 377 3024; x_wconf 88' lang='lat' dir='ltr'><strong>suc</strong></span> <span class='ocrx_word' id='word_1_160' title='bbox 399 2957 508 3025; x_wconf 86' lang='lat' dir='ltr'><strong>ordine</strong></span> <span class='ocrx_word' id='word_1_161' title='bbox 530 2958 663 3039; x_wconf 88' lang='lat' dir='ltr'><strong>reliquit,</strong></span> <span class='ocrx_word' id='word_1_162' title='bbox 687 2965 723 3024; x_wconf 91' lang='lat' dir='ltr'><strong>ut</strong></span> <span class='ocrx_word' id='word_1_163' title='bbox 744 2977 764 3024; x_wconf 84' lang='lat' dir='ltr'><strong>a</strong></span> <span class='ocrx_word' id='word_1_164' title='bbox 785 2956 847 3022; x_wconf 92' lang='lat' dir='ltr'><strong>XII</strong></span> <span class='ocrx_word' id='word_1_165' title='bbox 868 2977 949 3025; x_wconf 88' lang='lat' dir='ltr'><strong>enno</strong></span> <span class='ocrx_word' id='word_1_166' title='bbox 964 2958 1090 3041; x_wconf 85' lang='lat' dir='ltr'><strong>impleto</strong></span> <span class='ocrx_word' id='word_1_167' title='bbox 1114 2958 1186 3024; x_wconf 91' lang='lat' dir='ltr'><strong>uiri·</strong></span> 
     </span>
    </p>

    <p class='ocr_par' dir='ltr' id='par_1_4' title="bbox 43 3075 1240 3398">
     <span class='ocr_line' id='line_1_22' title="bbox 43 3075 1240 3159; baseline 0 -14"><span class='ocrx_word' id='word_1_168' title='bbox 43 3098 59 3145; x_wconf 83' lang='lat' dir='ltr'><strong>r.</strong></span> <span class='ocrx_word' id='word_1_169' title='bbox 74 3082 204 3152; x_wconf 66' lang='lat' dir='ltr'><strong>mentes</strong></span> <span class='ocrx_word' id='word_1_170' title='bbox 228 3096 304 3144; x_wconf 86' lang='lat' dir='ltr'><strong>esse</strong></span> <span class='ocrx_word' id='word_1_171' title='bbox 326 3077 590 3159; x_wconf 84' lang='lat' dir='ltr'><strong>intellegerentur.</strong></span> <span class='ocrx_word' id='word_1_172' title='bbox 635 3081 662 3141; x_wconf 93' lang='lat' dir='ltr'><strong>l.</strong></span> <span class='ocrx_word' id='word_1_173' title='bbox 696 3077 863 3144; x_wconf 82' lang='lat' dir='ltr'><strong>Praetereo</strong></span> <span class='ocrx_word' id='word_1_174' title='bbox 885 3075 1068 3142; x_wconf 88' lang='lat' dir='ltr'><strong>dissoluitur</strong></span> <span class='ocrx_word' id='word_1_175' title='bbox 1089 3075 1189 3141; x_wconf 87' lang='lat' dir='ltr'><strong>tutela</strong></span> <span class='ocrx_word' id='word_1_176' title='bbox 1205 3093 1240 3145; x_wconf 80' lang='lat' dir='ltr'><strong>ao</strong></span> 
     </span>
     <span class='ocr_line' id='line_1_23' title="bbox 72 3194 1188 3282; baseline 0.006 -28"><span class='ocrx_word' id='word_1_177' title='bbox 72 3194 93 3254; x_wconf 82' lang='lat' dir='ltr'><strong>si</strong></span> <span class='ocrx_word' id='word_1_178' title='bbox 113 3196 256 3279; x_wconf 81' lang='lat' dir='ltr'><strong>adrogati</strong></span> <span class='ocrx_word' id='word_1_179' title='bbox 282 3198 348 3262; x_wconf 88' lang='lat' dir='ltr'><strong>sint</strong></span> <span class='ocrx_word' id='word_1_180' title='bbox 369 3198 544 3282; x_wconf 90' lang='lat' dir='ltr'><strong>impuberes</strong></span> <span class='ocrx_word' id='word_1_181' title='bbox 567 3202 623 3263; x_wconf 84' lang='lat' dir='ltr'><strong>eut</strong></span> <span class='ocrx_word' id='word_1_182' title='bbox 638 3197 802 3280; x_wconf 86' lang='lat' dir='ltr'><strong>deportati.</strong></span> <span class='ocrx_word' id='word_1_183' title='bbox 841 3196 998 3262; x_wconf 87' lang='lat' dir='ltr'><strong>interdurn</strong></span> <span class='ocrx_word' id='word_1_184' title='bbox 1021 3195 1188 3264; x_wconf 89' lang='lat' dir='ltr'><strong>enimcum</strong></span> 
     </span>
     <span class='ocr_line' id='line_1_24' title="bbox 72 3313 1188 3398; baseline 0.004 -23"><span class='ocrx_word' id='word_1_185' title='bbox 72 3313 193 3392; x_wconf 82' lang='lat' dir='ltr'><strong>proximi</strong></span> <span class='ocrx_word' id='word_1_186' title='bbox 222 3317 292 3382; x_wconf 88' lang='lat' dir='ltr'><strong>sint</strong></span> <span class='ocrx_word' id='word_1_187' title='bbox 321 3315 494 3398; x_wconf 80' lang='lat' dir='ltr'><strong>pubertati,</strong></span> <span class='ocrx_word' id='word_1_188' title='bbox 526 3314 660 3398; x_wconf 83' lang='lat' dir='ltr'><strong>utiquam</strong></span> <span class='ocrx_word' id='word_1_189' title='bbox 688 3317 721 3381; x_wconf 92' lang='lat' dir='ltr'><strong>in</strong></span> <span class='ocrx_word' id='word_1_190' title='bbox 752 3333 862 3382; x_wconf 82' lang='lat' dir='ltr'><strong>noxam</strong></span> <span class='ocrx_word' id='word_1_191' title='bbox 890 3314 1028 3382; x_wconf 88' lang='lat' dir='ltr'><strong>incidere</strong></span> <span class='ocrx_word' id='word_1_192' title='bbox 1058 3323 1188 3398; x_wconf 70' lang='lat' dir='ltr'><strong>possum</strong></span> 
     </span>
    </p>
   </div>
   <div class='ocr_carea' id='block_1_4' title="bbox 0 0 1470 4704">
    <p class='ocr_par' dir='ltr' id='par_1_5' title="bbox 0 0 1470 4704">
     <span class='ocr_line' id='line_1_25' title="bbox 0 0 1470 4704; baseline 0 10"><span class='ocrx_word' id='word_1_193' title='bbox 0 0 1470 4704; x_wconf 95' lang='lat' dir='ltr'><strong> </strong></span> 
     </span>
    </p>
   </div>
  </div>
 </body>
</html>
