2920 4750
538 419 578 428 —
627 384 777 447 485—-

104 556 218 637 gratia‚
248 577 318 620 cum
342 577 464 622 seruum
490 559 573 642 apud
601 579 650 623 me
679 559 879 642 deposuerim
908 558 962 640 qui
989 558 1214 642 aegrotauerit:

103 687 241 763 sumptus
264 681 326 747 feci
341 683 373 746 iu
389 683 457 747 eius
473 683 693 748 ualetudinem.
732 704 787 748 cos
802 705 860 767 per
876 684 1011 767 depositi
1027 685 1215 748 contrariam

103 811 167 868 ate
183 811 296 888 petam.
333 807 414 872 actio
431 827 554 888 quoque
572 827 628 890 pro
645 809 732 872 socio
749 807 871 874 famosa
892 816 947 873 cst.
996 809 1028 872 in
1043 808 1125 873 hanc
1141 827 1216 872 uero

102 949 154 1008 ea,
185 911 278 1010 quae*
294 932 332 996 de
361 933 526 997 contrariis
555 933 732 998 actionibus
757 933 901 1014 diximum
930 954 992 998 uon
1017 932 1145 1015 cadunt;
1175 935 1216 998 ab

104 1061 233 1135 utraque
251 1057 333 1120 enim
349 1063 438 1140 parte
455 1058 538 1122 actio
555 1058 676 1123 directa
692 1065 749 1140 est,
767 1065 798 1123 ct
814 1059 854 1122 ob
871 1058 903 1122 id
920 1059 1050 1139 quilibet
1067 1078 1106 1122 ex
1123 1056 1216 1122 sociia
1254 1071 1269 1122 5

101 1178 267 1245 damnatus
290 1181 463 1263 ignominia
486 1187 621 1247 notatur.
657 1183 834 1247 differentia
849 1189 954 1248 autem
978 1184 1059 1248 inter
1074 1183 1216 1248 actiones

101 1324 141 1367 ex
170 1305 292 1370 delictis
328 1315 359 1371 et
391 1328 447 1372 cas
482 1328 520 1372 ex
551 1309 762 1373 contractibus
798 1328 836 1372 ea
872 1315 933 1390 est,
968 1308 1050 1389 quod
1078 1307 1152 1372 furti
1186 1315 1217 1372 et

100 1435 274 1494 ceterorum
291 1430 324 1494 id
340 1452 439 1513 genus
456 1453 553 1497 causa
569 1453 632 1497 non
648 1433 748 1497 solum
769 1433 821 1514 qui
839 1433 1004 1498 damnatus
1025 1440 1073 1497 est
1092 1439 1218 1496 notatur

98 1553 287 1638 ignominia,
317 1564 365 1622 set
388 1559 482 1622 etiam
507 1559 561 1640 qui
584 1567 673 1624 extra
696 1558 844 1624 iudicium
867 1566 979 1642 pactus
1003 1564 1064 1622 est:
1095 1557 1218 1622 uidetur

101 1681 186 1744 enim
209 1682 429 1749 liberationem
446 1706 466 1748 a
480 1705 585 1768 poena
601 1685 662 1750 sibi
678 1685 853 1750 obueutura
870 1682 1100 1765 quodammodo
1117 1683 1217 1766 pretio
1239 1694 1271 1744 10

100 1825 218 1889 eruere,
243 1815 283 1888 et,
308 1808 381 1872 dum
405 1810 585 1893 paciscitur,
610 1831 700 1875 suum
716 1809 831 1875 fatetur
847 1809 1003 1874 delictum.
1042 1809 1074 1872 in
1089 1807 1218 1872 actioni-

100 1931 159 1994 bus
186 1952 261 1998 uero
286 1954 325 1998 ex
349 1936 561 2000 contractibus
578 1936 743 2000 damnatus
758 1942 879 2000 tantum
895 1941 1035 2016 notatur;
1060 1934 1113 2015 qui
1136 1934 1217 1997 enim

67 2063 89 2112 3.
99 2063 150 2120 est
173 2065 285 2141 pactus
308 2060 525 2125 misericordia
541 2061 655 2143 dignus
671 2061 867 2126 iudicabitur.
906 2063 935 2127 3.
953 2060 1097 2125 Omnium
1114 2065 1217 2123 autem

70 2209 72 2213 ’
100 2182 260 2247 actionum
284 2183 544 2250 instituendarum
567 2186 754 2269 principium
778 2206 798 2249 a
821 2185 910 2249 titulo
935 2185 989 2248 ‘de
1013 2183 1049 2248 in
1073 2185 1130 2248 ius
1154 2204 1218 2248 uo·

99 2307 231 2372 cando'
256 2311 412 2390 praetorio
442 2309 557 2396 [edicti]
582 2310 802 2393 proficiscitur:
836 2331 908 2374 nam
938 2310 990 2390 qui
1018 2328 1088 2373 cum
1112 2309 1218 2388 aliquo
1239 2321 1271 2371 15

99 2452 201 2514 agere
224 2433 305 2514 uult,
331 2418 551 2518 magistratum
580 2435 668 2499 adire
696 2435 791 2500 debet
818 2441 849 2500 et
876 2436 921 2499 ita
948 2434 1163 2499 aduersarium
1186 2433 1218 2497 in

98 2556 253 2621 iudicium
276 2578 400 2623 uocare.
447 2559 495 2624 sin
519 2579 594 2624 uero
618 2579 733 2642 parens
757 2565 818 2640 est,
848 2561 901 2640 qui
928 2560 961 2624 in
987 2558 1137 2624 iudicium
1164 2577 1218 2622 uo-

97 2691 202 2764 catur,
228 2691 282 2749 aut
305 2692 456 2768 patronus
480 2705 500 2749 a
523 2684 650 2766 liberto,
682 2685 845 2770 patroniue
869 2690 1016 2768 parentes
1040 2691 1095 2747 aut
1117 2683 1218 2764 liberi,

96 2809 199 2873 uenia
223 2810 263 2872 ab
287 2828 325 2874 eo
350 2809 487 2892 petenda
510 2816 566 2874 est.
602 2815 634 2873 et
656 2811 683 2874 si
699 2810 794 2874 uenia
817 2829 877 2874 non
894 2809 994 2892 petita
1016 2809 1048 2872 in
1071 2808 1219 2873 iudicium

96 2940 271 3017 uocantur,
294 2933 327 2997 in
349 2933 467 2998 factum
491 2937 574 3000 actio
598 2936 751 3000 aduersus
775 2941 925 3000 uocantes
949 2935 1087 3014 dabitur,
1112 2935 1165 3014 qui
1188 2933 1220 2996 in
1240 2939 1275 2994 20

98 3060 124 3122 L
151 3059 273 3124 solidos
296 3060 593 3124 condemnabuntur.
