2898 4712
530 343 763 408 -267-

91 544 135 600 tce
155 535 186 600 in
210 551 317 600 eorum
339 531 441 598 locum
464 531 643 608 concedant
666 531 781 614 quibus
803 533 900 615 geniti
922 529 1106 598 sunt‘Gum
1121 551 1209 612 nero,

88 662 124 720 ut
143 654 260 719 dictum
282 657 346 730 eet,
376 659 499 718 mortuo
527 657 692 718 mortuaue
721 650 805 717 filius
834 649 939 718 filiane
969 653 1023 731 sit,
1054 660 1119 718 tnm
1148 655 1208 720 uiri

89 779 213 856 nepotes
236 791 274 838 ex
294 771 457 850 feminino,
487 769 622 838 feminae
643 789 681 836 en
701 771 870 837 masculino
890 771 940 837 uel
962 771 1110 839 feminino
1133 794 1210 840 sexu

90 865 310 959 descendentes
339 893 442 959 minus
467 895 595 958 tertiam
623 893 777 972 accipient
804 897 940 974 partem,
979 911 1072 976 quarn
1101 913 1224 988 eorum·

90 1024 231 1100 parentes
252 1017 412 1100 accepturi
435 1016 546 1083 forent.
591 1016 621 1082 si
642 1034 718 1082 uero
749 1034 819 1082 cum
848 1015 973 1098 agnatis
996 1021 1117 1081 tantum
1141 1034 1210 1082 con·
1233 985 1261 1071 ¹b

88 1143 222 1214 corrant,
245 1138 426 1202 uniuersam
448 1136 602 1218 accipient
623 1135 881 1202 adscendentiurn
896 1136 1119 1202 hereditatem:
1142 1138 1212 1200 erat

88 1262 189 1322 antem
217 1256 291 1323 olim
321 1255 504 1323 constitutio
534 1275 614 1339 quae
644 1256 796 1323 eiusmodi
827 1257 993 1337 nepotibus
1026 1253 1211 1320 dodrantem

49 1389 80 1438 re.
90 1375 192 1455 dabat,
216 1379 340 1460 agnatis
367 1396 445 1443 uero
473 1377 690 1457 quadrantem.
742 1377 791 1440 16.
826 1375 987 1440 Posterius
1014 1381 1120 1439 autern
1147 1373 1212 1438 lata

89 1501 132 1560 est
154 1498 338 1562 constitutio
360 1497 513 1577 superiori
536 1495 699 1561 obscurius
722 1495 872 1574 aduersa;
895 1499 1003 1559 noster
1025 1512 1101 1558 uero
1115 1491 1213 1575 impe-
1244 1497 1249 1507 ’

89 1624 169 1681 rator
193 1616 274 1682 banc
296 1636 333 1682 err
356 1617 547 1683 obscuritate
569 1621 670 1680 ortam
694 1615 919 1680 dubitationem
935 1613 1058 1694 tollens,
1080 1614 1212 1677 alteram
1231 1625 1263 1675 10

89 1754 176 1818 qoam
203 1735 338 1800 diximus
361 1735 612 1804 constitutionem
636 1736 668 1800 in
692 1753 749 1800 suo
772 1735 877 1800 codice
900 1733 994 1799 scribi
1016 1752 1078 1799 non
1101 1730 1212 1814 permi‘

89 1857 136 1933 sit,
159 1874 263 1938 neque
285 1872 394 1922 eama
420 1855 624 1922 theodosiano
654 1855 759 1922 codice
786 1853 969 1920 translatam
996 1854 1027 1918 in
1052 1873 1089 1919 en
1117 1852 1213 1918 inseri

89 1993 197 2055 passus
220 1982 279 2040 est.
324 1975 424 2040 edidit
446 1992 522 2041 oeno
544 1975 720 2058 generalem
745 1981 778 2041 et
800 1971 1003 2040 clarissimam
1019 1971 1213 2038 constitutio
1249 1982 1254 2018 2

90 2111 156 2158 nem
179 2113 261 2176 quae
284 2094 446 2159 dodrantis
469 2101 502 2158 et
516 2094 699 2174 quadrantis
716 2095 902 2159 diuisionem
918 2092 1066 2165 auferret,
1089 2091 1212 2154 omnino

91 2219 191 2279 antem
219 2213 373 2278 eiusmodi
403 2221 533 2295 nepotes
567 2220 600 2278 et
628 2219 815 2296 pronepotes
848 2213 993 2294 adgnatis
1025 2210 1212 2292 praeferret:
1232 2217 1264 2269 15

91 2333 257 2399 absurdum
282 2333 364 2398 enirn
387 2334 440 2415 qui
463 2351 501 2398 ex
524 2341 706 2400 transuersa
728 2333 811 2398 linea
840 2333 971 2399 ueniunt
998 2329 1137 2414 potiores
1162 2323 1213 2394 his

92 2435 204 2533 haberi,
227 2455 281 2537 qni
309 2460 394 2520 reato
424 2455 493 2520 iure
521 2454 723 2520 descendunt.
774 2453 915 2520 breuiter
940 2462 1044 2518 autem
1074 2457 1106 2516 et
1132 2469 1213 2515 nune
1256 2503 1258 2508 .

92 2574 201 2639 statuit
224 2575 354 2638 eandem
378 2575 631 2640 constitutionem
654 2576 796 2655 optinere
819 2575 990 2639 secundnm
1012 2589 1094 2654 quae
1122 2573 1152 2635 in
1176 2589 1214 2636 ea

93 2697 301 2768 continentur,
325 2710 487 2777 quaequae
509 2697 540 2759 in
571 2715 609 2760 ea
638 2695 802 2776 designata
830 2702 905 2760 sunt
934 2702 1084 2774 tempora.
1133 2691 1214 2756 sicut

93 2830 165 2877 uero
187 2832 282 2897 supra
304 2815 448 2893 diuinae,
471 2815 497 2879 si
520 2815 591 2894 quia
613 2821 756 2880 mortuus
778 2815 872 2880 fuerit
894 2811 992 2878 filium
1014 2818 1047 2878 et
1069 2815 1213 2892 nepotem
1230 2821 1265 2873 uo

94 2938 122 2997 et
144 2937 266 3014 neptem
289 2953 327 2998 ex
348 2927 550 3016 praemortuo
572 2932 635 2998 filio
658 2934 845 3014 relinquens,
868 2935 900 2998 in
921 2932 1051 3015 stirpem
1073 2951 1111 2996 ex
1126 2949 1214 3012 prae-

94 3059 212 3117 mortuo
234 3052 298 3119 filio
319 3061 450 3136 nepotes
471 3054 578 3121 uocari
602 3059 633 3120 et
655 3073 717 3121 nun
738 3055 770 3119 in
793 3055 906 3136 capita,
930 3051 976 3118 ita
997 3059 1030 3118 et
1044 3052 1071 3117 ei
1087 3052 1135 3115 uir
1151 3069 1212 3115 mo·

96 3171 192 3236 riatur
213 3172 311 3238 filium
335 3181 366 3239 et
388 3180 518 3257 nepotes
540 3193 578 3240 ex
600 3172 663 3238 filia
679 3181 880 3254 praemortua
895 3171 1082 3256 relinquens,
1105 3188 1214 3236 omnes

96 3269 219 3372 nepotes
240 3292 274 3359 in
296 3267 426 3374 stirpem
449 3300 602 3359 uocantur
624 3295 725 3358 minus
749 3300 892 3373 quartam
915 3298 1036 3375 partem
1060 3288 1212 3371 accipian·
