2864 4736
531 370 772 434 -430-

95 544 263 609 obnoxium
290 544 411 625 tacere,
442 563 512 608 oum
540 544 615 608 mihi
644 545 668 608 0
692 564 806 610 aureos
835 544 981 624 deberet,
1010 543 1151 608 libellum
1180 543 1210 607 ei

96 670 167 734 mici
187 669 219 734 M
242 689 421 750 aureorum,
447 673 478 733 et
500 668 572 733 ideo
597 675 725 733 coactus
748 668 807 733 fuit
834 688 907 733 rens
935 668 1104 752 ampliores
1133 667 1209 731 dare

97 794 265 878 sportulas,
298 799 406 877 utpote
433 814 491 877 pro
519 814 637 877 magua
664 814 786 858 summa
815 794 923 859 libello
954 793 1081 858 inserta.
1128 812 1209 873 quae

95 917 296 1002 petitionum
324 925 408 982 esset
434 938 585 1000 excussa,
615 918 763 1001 apparuit
789 937 877 982 reum
900 917 925 982 0
948 924 1067 983 tantum
1096 937 1209 982 aureos

97 1042 219 1107 debere.
276 1049 307 1107 et
330 1063 400 1106 cum
423 1043 528 1126 plura,
552 1063 647 1124 quam
669 1062 783 1108 reuera
806 1042 962 1124 debuerit,
986 1043 1115 1107 soluerit
1142 1047 1209 1125 (ue-
1247 1059 1262 1109 o

94 1170 151 1234 luti
177 1169 314 1252 exempli
344 1169 448 1250 gratia
475 1187 590 1234 aureos
612 1168 681 1252 VI),
717 1187 757 1233 ex
790 1167 955 1253 praedicta
989 1167 1209 1232 constitutione

94 1293 248 1358 condictio
271 1299 419 1358 nascetur
443 1293 595 1358 aduersus
619 1312 669 1358 me
698 1299 851 1373 actorem,
882 1312 945 1372 qna
966 1292 1069 1355 XVHI
1094 1309 1208 1356 aureos

92 1421 190 1500 petet,
215 1417 298 1482 idest
320 1416 363 1480 VI
387 1437 452 1498 eos,
475 1437 553 1498 quos
574 1437 672 1500 supra
687 1417 826 1481 debitum
844 1416 975 1480 soluerit
991 1423 1022 1480 et
1045 1416 1125 1481 alios
1137 1417 1208 1480 XII.

90 1543 318 1626 proculdubio
350 1549 398 1607 eat
421 1563 461 1607 ex
490 1543 562 1626 lege
593 1542 823 1609 condictionem
852 1562 892 1607 ex
920 1562 959 1607 ea
987 1541 1208 1606 constitutione

36 1675 79 1726 25.
92 1687 249 1732 emanare.
304 1670 355 1734 25.
389 1665 601 1751 Quadrupli
645 1665 941 1732 condemnationem
987 1667 1070 1731 actio
1115 1665 1208 1730 furti
1228 1681 1262 1732 10

91 1791 287 1856 manifesti
307 1793 413 1872 habet,
437 1791 513 1856 item
533 1799 565 1856 et
587 1793 669 1857 actio
691 1791 730 1856 de
754 1811 795 1857 eo
821 1793 918 1872 quod
941 1798 1058 1857 metus
1084 1811 1207 1856 causa.

90 1937 163 1980 nam
188 1916 215 1980 ei
239 1916 290 1980 cui
312 1922 427 1981 metum
450 1916 568 1981 incussi
592 1921 624 1981 et
646 1916 765 1996 curaui,
789 1923 823 1980 ut
846 1914 921 1982 mihi
945 1936 1033 1981 suam
1057 1936 1124 1981 rem
1147 1924 1208 1981 tra·

91 2040 188 2121 deret,
212 2041 369 2106 actionem
393 2042 432 2106 de
456 2060 493 2106 eo
510 2040 595 2122 quod
614 2047 714 2105 metue
730 2061 829 2106 causa
843 2041 960 2105 factum
984 2047 1032 2106 est
1056 2040 1208 2106 aduersus

89 2185 139 2230 me
167 2165 312 2246 habebit,
341 2185 404 2246 qua
432 2166 462 2230 ei
489 2165 521 2230 in
550 2165 756 2249 quadruplum
788 2166 1028 2230 condemnabor.
1079 2171 1150 2230 sunt
1177 2170 1209 2230 et

89 2290 172 2354 duae
193 2289 335 2354 actiones
351 2289 384 2354 in
399 2289 526 2371 factum,
552 2309 633 2370 quae
657 2291 689 2353 in
706 2289 913 2373 quadruplum
929 2290 1046 2354 habent
1062 2289 1207 2354 condem·
1228 2303 1259 2353 15

87 2414 264 2480 nationem:
288 2414 386 2479 ueluti
409 2415 442 2478 in
464 2415 524 2478 hac
548 2415 662 2498 specie.
709 2414 783 2479 dedi
805 2414 863 2478 tibi
887 2414 911 2479 0
934 2434 1063 2496 norece,
1091 2421 1126 2478 ut
1154 2413 1207 2478 nd·

85 2558 201 2604 uersus
225 2539 343 2604 Titium
365 2539 513 2604 iudicium
537 2539 717 2604 intenderes
733 2559 866 2620 eumque
885 2539 1086 2620 tranquillum
1111 2557 1207 2622 agere

83 2684 150 2728 non
175 2664 310 2745 sinerem
335 2669 438 2747 potest
461 2663 562 2728 Titius
586 2664 739 2728 aduersus
761 2669 792 2728 te
816 2663 848 2728 in
871 2664 989 2728 factum
1009 2682 1116 2745 agere,
1141 2669 1207 2726 ate

84 2787 194 2852 CCCC
219 2807 331 2853 aureos
358 2795 478 2870 petere.
524 2789 576 2853 uel
607 2787 703 2853 etiam
734 2788 864 2852 uolebat
894 2788 977 2869 quis,
1008 2788 1061 2868 qui
1088 2788 1208 2852 nullam

82 2932 212 2976 mecum
237 2913 392 2977 actionem
415 2911 556 2994 haberet,
582 2912 758 2977 calumniae
782 2933 880 2977 cauea
895 2931 945 2976 me
962 2912 993 2976 in
1010 2911 1058 2976 ius
1074 2932 1205 2994 uocare,
1226 2923 1261 2974 20

84 3057 148 3120 ego
173 3037 208 3100 id
231 3043 386 3118 metuene,
415 3043 523 3120 utpote
546 3036 595 3100 uir
619 3057 638 3099 a
662 3036 797 3118 negotiis
822 3035 958 3118 alienus,
988 3043 1021 3100 ut
1047 3035 1206 3116 indicium,

84 3161 173 3242 qnod
197 3161 384 3242 minabatur,
410 3161 590 3244 effugerem,
616 3159 688 3224 dedi
705 3159 736 3225 ei
751 3181 865 3226 aureos
890 3159 927 3224 O:
953 3181 1081 3244 possum
1100 3181 1207 3225 rursus

83 3306 158 3350 oum
185 3305 223 3350 eo
247 3287 280 3350 in
305 3287 423 3352 factum
451 3306 548 3370 agere
572 3293 604 3351 et
627 3285 834 3372 quadruplum
862 3288 1030 3370 pecuniae,
1060 3307 1154 3368 quam
1178 3288 1208 3352 ei

84 3409 245 3492 dederim,
271 3411 427 3494 persequi.
485 3417 534 3476 eet
561 3411 717 3476 condictio
746 3431 870 3492 qnoque
894 3431 934 3476 ex
960 3411 1047 3493 lege,
1081 3431 1207 3494 quaen

84 3535 312 3600 constitutione
346 3535 498 3619 principie
531 3536 630 3601 nostri
663 3536 761 3599 oritur
795 3541 826 3600 et
859 3535 1027 3618 quadrupli
1062 3535 1207 3600 condem·
1226 3544 1260 3595 25

83 3659 249 3724 nationem
273 3660 378 3741 habet,
402 3659 435 3725 in
458 3660 517 3724 hac
542 3660 662 3726 scilicet
685 3659 800 3743 specie.
839 3679 908 3723 oum
928 3659 1112 3744 aduersario
1136 3679 1206 3724 meo
