2960 4704
562 349 751 414 ..3-

100 551 158 598 non
180 534 362 616 peccauerit
383 553 485 617 neque
506 554 526 602 a
548 538 681 603 ueritate
702 539 907 606 aberrancrit
944 536 1087 604 similiter
1109 543 1141 604 et
1161 537 1221 618 ino,

99 669 159 732 quo
181 671 382 720 romanorum
404 657 505 722 utitur
526 657 648 734 ciuitas,
677 657 727 722 ius
754 656 845 724 ciuile
866 675 1063 723 romanorum
1090 663 1223 724 nocatnr

98 792 153 838 sen
176 774 229 840 ius
252 774 345 841 ciuile
366 775 543 854 Quiritium,
564 775 647 842 idest
668 793 729 858 quo
751 777 888 854 Quirites
909 781 1050 842 utuntur.
1089 777 1221 842 Romani

99 897 179 960 enim
203 915 224 961 a
246 895 377 975 Quirino
398 897 482 963 idest
503 898 634 964 Romulo
662 895 806 964 aMarta
834 905 904 962 sato
932 897 1083 977 originem
1106 899 1220 964 duccre

97 1015 275 1098 gloriantur
306 1018 439 1102 ideoque
471 1019 607 1098 Quirites
640 1018 782 1084 audiunt.
835 1019 980 1102 quotiens
1012 1025 1117 1084 antem
1149 1020 1220 1102 quis
1254 1025 1272 1077 o

96 1135 259 1204 indefinite
286 1137 348 1203 ins
377 1137 504 1204 ciuile
535 1137 628 1215 dicit,
663 1158 725 1205 non
757 1138 875 1206 addens
904 1137 1139 1204 Atheniensium
1168 1139 1220 1208 nel

94 1257 434 1336 Lacedaemoniorum,
457 1277 618 1325 romanum
641 1258 805 1341 significat.
850 1260 940 1327 sicuti
968 1278 1039 1326 cum
1068 1265 1219 1342 poetam

96 1379 240 1444 dicentes
272 1380 433 1460 proprium
464 1396 578 1444 nomen
611 1395 672 1443 non
707 1379 866 1458 addimus,
898 1377 1107 1460 significamus
1136 1379 1220 1460 apud

96 1500 237 1566 Graecos
253 1499 433 1578 Homerum,
456 1501 540 1581 apud
556 1501 710 1564 Romanos
725 1507 831 1566 autem
848 1499 1028 1582 Vergilium.
1050 1498 1220 1564 insontem

95 1619 239 1702 gentium
269 1619 355 1684 omni
382 1618 519 1684 humano
549 1621 654 1700 generi
682 1638 844 1684 commune
874 1624 939 1692 est,
969 1638 1040 1685 nam
1069 1637 1128 1683 nsu
1157 1617 1272 1690 exi-10

97 1746 193 1819 gente
215 1746 248 1802 et
269 1739 411 1806 humanis
433 1740 674 1806 necessitatibus
695 1739 936 1821 postulantibus
958 1757 1057 1821 genus
1079 1745 1219 1804 nostrum

95 1859 191 1941 plura
228 1859 288 1923 sibi
334 1860 474 1938 inuenit,
520 1880 576 1926 sen
617 1860 789 1927 constitnit.
850 1878 922 1924 nam
965 1865 998 1924 et
1033 1857 1115 1926 bella
1150 1863 1220 1926 orta

98 1987 182 2055 sunt,
206 1977 322 2060 quibus
345 1978 545 2061 captiuitates
568 1989 642 2046 sunt
664 1989 789 2047 secutae
813 1987 909 2062 atque
930 1979 1100 2046 seruitutes
1123 1979 1219 2043 intro-

98 2097 213 2162 ductae
235 2105 318 2170 sunt,
340 2116 421 2180 qnae
445 2101 505 2165 iuri
527 2101 664 2165 naturali
691 2107 764 2166 sunt
790 2100 957 2166 contraria.
1002 2107 1115 2165 natura
1137 2099 1218 2163 enirn

97 2237 205 2285 omnes
226 2219 368 2284 homines
390 2221 503 2286 liberos
525 2222 611 2303 gigni
633 2219 730 2286 nouit.
767 2239 805 2285 ex
827 2219 885 2285 hoc
907 2221 974 2284 iure
995 2221 1135 2301 gentium
1154 2237 1218 2285 om·
1239 2227 1269 2277 15

97 2359 152 2406 nes
173 2360 254 2422 pene
276 2348 456 2406 contractus
479 2341 650 2408 introducti
671 2349 759 2420 sunt,
782 2347 818 2405 ut
840 2342 954 2423 emptio
977 2339 1116 2405 uenditio
1137 2339 1219 2405 loca·

94 2462 139 2526 tio
169 2461 337 2528 conductio
367 2461 499 2528 societas
525 2461 698 2542 depositum
728 2467 870 2526 mutuum
898 2467 930 2524 et
958 2460 1011 2524 alii
1043 2459 1217 2542 complures

95 2587 286 2648 contractus.

53 2708 69 2757 ³
183 2699 213 2764 3.
246 2699 326 2766 Cum
347 2700 478 2782 primam
494 2701 598 2782 legum
613 2701 798 2767 diuisionem
819 2702 1062 2784 exposuerimus,
1084 2718 1216 2782 quarum

91 2820 178 2886 aliae
192 2827 266 2886 sunt
276 2817 436 2886 naturales
451 2819 530 2886 aliae
545 2820 624 2887 iuris
639 2822 787 2903 gentium,
810 2821 889 2886 aliae
905 2822 1028 2886 demum
1043 2819 1121 2884 iuris
1141 2818 1217 2884 cini·
1234 2837 1269 2889 ao

91 2941 143 3018 lis,
167 2947 199 3004 et
221 2937 361 3021 singulas
388 2939 616 3020 definierimus,
645 2949 741 3024 atque
767 2942 914 3024 exemplis
943 2941 1216 3012 illustrauerimns,

91 3061 131 3123 ad
161 3059 294 3126 alteram
321 3059 426 3144 legum
456 3060 640 3128 diuisionem
669 3062 880 3142 procedamns.
916 3062 1034 3144 Legum
1063 3063 1215 3145 quaedam

90 3188 170 3246 sunt
186 3181 329 3262 scriptae,
344 3181 497 3263 quaedam
512 3200 575 3247 non
590 3181 736 3264 scriptae.
758 3184 842 3265 leges
858 3191 963 3250 autem
985 3185 1120 3267 scriptae
1143 3190 1217 3249 sunt

90 3301 141 3365 lex
166 3299 331 3381 plebiscita
345 3307 473 3367 senatus
495 3303 638 3368 consulta
653 3303 825 3386 principum
848 3304 964 3385 placita
978 3305 1215 3387 magistratuum

48 3440 72 3489 4.
88 3420 204 3484 edicta
224 3419 421 3502 prudentium
443 3440 602 3504 responsa
647 3424 678 3488 4.
700 3423 849 3492 Libenter
870 3443 946 3492 nero
968 3425 1117 3494 discerem
1140 3433 1217 3509 quot
1233 3449 1267 3502 25

89 3538 156 3604 sint
186 3538 270 3618 apud
296 3537 452 3606 Romanos
481 3541 585 3622 legum
611 3543 787 3610 conditores
823 3550 856 3610 et
891 3545 1018 3628 quinam
1049 3546 1070 3611 ii
1099 3546 1163 3612 sint
1184 3555 1216 3612 et

144 4242 257 4295 Theoph.
270 4243 375 4288 Antoeess.
388 4259 430 4288 rec.
445 4245 535 4287 rernm.
