2926 4708
648 363 880 428 -198-

204 549 375 618 inofficioso
397 553 528 634 agentes
556 550 677 616 utiliter
704 551 764 618 hac
791 548 932 635 querella
953 555 1096 632 utentur,
1126 570 1196 618 cum
1218 551 1331 618 ceteris

205 671 328 736 auxiliis
350 671 476 736 omnino
498 679 642 752 careant,
664 679 837 739 usnemun
865 673 946 739 enirn
969 673 1143 739 subsidium
1166 671 1207 737 de
1228 670 1327 738 inoffi·

204 789 288 856 cioso
311 789 453 871 querella
474 795 532 856 est.
555 792 612 873 qui
633 791 797 858 enim-alio
818 791 888 858 iure
910 792 950 857 ad
974 793 1079 858 omnia
1092 789 1232 858 defuncti
1247 792 1329 857 bona

205 929 356 976 eorumne
378 915 499 992 partem
522 910 632 978 uenbe
653 917 767 993 potest,
791 911 912 977 aditum
935 913 976 978 ad
997 910 1169 996 querellam
1192 929 1253 977 non
1276 911 1328 976 ba-

205 1031 267 1095 bet
310 1028 470 1096 idautem
493 1035 699 1095 nontantum
723 1030 905 1108 delibaris,
935 1031 989 1111 qni
1018 1031 1050 1096 in
1080 1049 1185 1096 rerum
1214 1036 1330 1096 natura
1363 1021 1380 1071 ⁵

164 1165 186 1216 a.
204 1156 287 1230 sunt,
311 1155 361 1215 set
382 1148 422 1216 de
443 1150 596 1232 postumis
618 1166 743 1232 qunque
764 1149 904 1230 intellegi
926 1155 1059 1232 oportet.
1090 1150 1120 1213 3.
1143 1150 1231 1229 Quae
1254 1169 1329 1216 uero

203 1270 248 1335 ita
269 1267 449 1350 accipimus,
471 1269 499 1334 si
520 1268 599 1334 nibil
619 1269 745 1351 penitus
767 1270 813 1334 eis
834 1287 855 1333 a
876 1266 1023 1335 defuncto
1045 1268 1190 1335 relictum
1212 1269 1274 1336 sit:
1298 1270 1329 1333 id

204 1387 285 1453 enirn
314 1387 503 1455 sanctissimi
530 1387 680 1471 principis
711 1390 810 1453 nostri
839 1387 1066 1455 constitutione
1098 1395 1244 1467 muctar,
1274 1389 1329 1470 qui

204 1511 338 1572 naturas
360 1507 496 1573 debitam
523 1509 666 1572 seruauit
693 1507 925 1573 uerecundiam.
978 1507 1051 1573 olim
1080 1509 1162 1574 enim
1193 1509 1253 1572 nisi
1283 1515 1330 1574 to·

204 1631 271 1690 turn
302 1625 386 1705 quod
415 1622 583 1690 deberetur
609 1632 694 1690 esset
718 1625 878 1702 relietum,
908 1627 1066 1708 querellae
1096 1627 1135 1694 de
1156 1625 1329 1693 inofficioso
1350 1645 1381 1696 ιο

203 1746 291 1810 locus
306 1743 410 1810 fiebat
434 1749 470 1808 ut
484 1762 556 1810 acce
571 1741 674 1810 CCCC
689 1763 854 1812 aureorum
869 1746 1092 1828 patrimonium
1108 1746 1235 1829 quidam
1259 1764 1328 1812 cum

203 1862 344 1940 baberet,
360 1862 525 1943 oportebat
543 1882 613 1929 eum
631 1860 793 1930 Comnino
810 1864 995 1948 relinquere,
1009 1866 1092 1932 idest
1109 1871 1255 1946 quartam
1276 1865 1329 1930 bo·

205 1997 317 2046 norum
339 1988 470 2061 partem,
492 1999 531 2047 ne
552 1980 592 2045 de
614 1979 784 2048 inofficioso
806 1989 965 2064 ageretur.
1012 1982 1105 2050 bodie
1127 2001 1206 2049 uero
1228 1984 1255 2048 si
1277 1982 1328 2049 uel

205 2117 351 2165 nummus
372 2118 454 2165 nnus
476 2099 540 2167 filio
562 2101 750 2168 exheredato
780 2102 832 2168 uel
860 2104 1145 2186 quantulacumque
1173 2119 1248 2184 pars
1276 2103 1327 2168 bo·

205 2235 315 2283 norum
338 2219 534 2300 relinquatur
560 2219 612 2286 uel
642 2221 803 2304 quaelibet
830 2239 897 2296 res,
927 2223 966 2288 de
992 2220 1162 2287 inofficioso
1190 2221 1329 2302 querella
1349 2231 1380 2280 16

206 2345 309 2404 cessat
335 2344 432 2420 atque
459 2359 496 2406 ex
518 2339 741 2406 constitutione
761 2341 845 2421 qnod
872 2347 1004 2424 quartae
1033 2341 1123 2406 deest
1152 2339 1325 2422 suppletur,

207 2457 279 2523 lieet
299 2463 434 2524 testator
455 2460 583 2542 propria
604 2478 698 2526 manu
728 2476 788 2527 non
820 2461 997 2544 scripserit:
1027 2461 1061 2524 si
1089 2460 1181 2541 quid
1208 2476 1329 2541 quar·

207 2582 270 2642 tae
292 2576 433 2642 deesse
454 2578 688 2645 inueniatur
717 2579 755 2642 id
778 2578 867 2645 uolo
894 2581 987 2646 boni
1015 2579 1096 2644 uiri
1119 2579 1329 2645 arbitratu
1360 2573 1363 2579 ’
1449 2557 1450 2610 ³

206 2695 394 2777 suppleri.
444 2697 476 2761 id
500 2698 582 2762 enim
610 2697 756 2780 quamuis
787 2716 847 2764 non
877 2699 920 2763 sit
941 2698 1098 2765 adiectum
1120 2700 1190 2781 ipsa
1213 2699 1329 2764 consti·

166 2835 191 2885 a.
207 2817 286 2881 tutio
308 2818 438 2896 perinde
458 2818 570 2900 accipit
591 2836 628 2884 ac
650 2819 678 2883 si
700 2825 813 2900 suapte
835 2826 949 2884 natura
970 2825 1189 2901 consequatur.
1234 2821 1265 2882 4.
1294 2816 1328 2883 Si
1346 2831 1380 2882 ao

207 2937 277 3017 quis
298 2943 462 3019 paternam
484 2939 644 3019 amplexas
673 2937 716 3004 sit
739 2936 948 3017 uoluntatem,
978 2939 1087 3022 nequit
1115 2943 1227 3024 postea
1255 2955 1327 3006 ean·

206 3056 276 3120 dam
298 3073 356 3136 per
377 3037 547 3137 querellam
569 3053 731 3122 inofficiosi
754 3058 948 3124 subuertere.
993 3058 1076 3124 unde
1097 3059 1129 3124 id
1151 3058 1329 3139 quaesitum

206 3180 262 3240 est.
286 3193 356 3242 cum
368 3172 559 3248 filiusmeus,
575 3176 672 3258 quiin
684 3181 841 3258 potestate
852 3183 930 3256 erat,
946 3177 1057 3259 pupilli
1072 3177 1235 3244 cniusdam
1247 3183 1329 3245 tate

205 3293 267 3358 lam
282 3300 418 3374 gereret,
432 3292 566 3360 moriens
581 3312 639 3376 ego
653 3293 748 3360 alium
764 3297 920 3376 quendam
935 3296 1082 3362 heredem
1098 3297 1229 3375 institui,
1244 3315 1327 3363 eum·

205 3429 265 3492 que
280 3412 335 3496 qui
357 3413 388 3477 in
412 3429 482 3478 mee
496 3419 564 3480 erat
578 3418 734 3495 potestate
756 3413 941 3481 exheredem
964 3413 1037 3496 ieci3
1059 3416 1197 3498 legatum
1220 3421 1328 3482 autem
1346 3450 1380 3502 25

206 3531 333 3614 pupillo,
356 3533 407 3598 cui
427 3533 495 3614 ipse
516 3538 585 3598 erat
606 3537 693 3598 tutor
715 3531 837 3613 reliqui.
874 3552 945 3601 cunr
968 3535 1111 3614 petiisset
1134 3533 1216 3600 filius
1239 3553 1326 3601 mens
1449 3605 1450 3618 χ

205 3648 343 3732 legatum
358 3648 476 3732 pupillo
491 3649 643 3731 relictum,
658 3651 805 3734 deinceps
819 3650 991 3733 querellam
1005 3651 1167 3720 inofficiosi
1181 3653 1329 3734 instituit,
1449 3627 1450 3658 ;

207 3774 315 3850 utpote
337 3770 392 3852 qui
419 3769 496 3835 nihil
523 3789 562 3837 ex
589 3769 732 3852 paternis
759 3771 849 3838 bonis
873 3773 915 3838 sit
943 3777 1129 3840 consecutas
1160 3773 1329 3840 uidendum
