2920 4750
618 403 682 465 ιιι
732 437 769 444 -

67 585 87 634 1.
186 578 211 640 1.
236 574 364 639 Summa
391 585 496 640 autem
523 577 758 641 interdictorum
787 575 899 639 diuisio
927 575 1005 639 haee
1033 579 1095 655 est,
1125 575 1206 656 quod

96 699 328 764 interdictorum
341 700 496 780 quaedam
509 701 767 783 prohibitoria
779 706 859 780 sunt,
877 700 942 765 alia
956 700 1205 780 restitutoria,

95 825 158 888 alia
187 824 428 889 exhibitoria.
448 831 501 888 'et
524 825 781 908 prohibitoria
808 830 880 889 sunt
903 844 955 905 ea,
980 825 1092 905 quibus
1121 829 1207 888 uetat

94 953 221 1030 praetor
248 949 366 1031 aliquid
394 949 469 1013 fieri.
520 954 554 1013 ut
583 969 656 1014 eooe
684 949 863 1013 minabatur
890 949 1016 1028 quidam
1044 968 1115 1013 sese
1143 949 1207 1012 uim

94 1071 169 1135 mihi
191 1072 359 1136 inlaturum
383 1078 415 1136 et
437 1073 684 1155 possessionem,
709 1093 790 1154 quae
814 1073 898 1156 apud
920 1093 970 1137 me
994 1079 1076 1153 erat,
1100 1074 1206 1138 turba·
1243 1089 1259 1140 5

93 1203 206 1261 turmn.
252 1197 316 1261 adii
339 1203 517 1280 praetorem
542 1197 716 1262 aduersarii
739 1197 840 1262 minas
864 1197 895 1261 ei
918 1217 1091 1281 exponens:
1121 1197 1207 1261 addi-

93 1321 188 1400 dique
203 1342 253 1386 me
270 1323 338 1386 sine
354 1323 430 1387 uitio
447 1323 623 1405 possidere:
649 1329 679 1386 et
702 1323 917 1405 pronuntiauit
939 1329 1065 1406 praetor
1081 1324 1113 1388 in
1128 1324 1206 1387 haeo

92 1447 205 1510 uerba:
236 1447 326 1511 ‘sine
350 1447 446 1512 uitio
469 1447 684 1531 possidenti
701 1447 773 1511 uim
796 1447 885 1512 fieri
908 1449 1014 1512 ueto’.
1045 1447 1207 1512 ueletiam

92 1569 223 1634 uolebat
246 1571 371 1652 quidem
399 1579 553 1636 mortuum
582 1594 671 1636 sunm
699 1572 732 1636 in
759 1572 875 1652 loeum,
905 1591 965 1652 quo
995 1573 1100 1638 eiius
1129 1580 1205 1653 erat,

90 1696 209 1758 inferre
237 1673 538 1779 ibiquedeponere.
589 1697 716 1761 dabitur
742 1697 772 1760 ei
799 1689 1087 1779 prohibitorium
1115 1697 1260 1762 inter-10

89 1819 209 1882 dietum
229 1819 381 1884 aduersus
404 1820 501 1900 illum,
525 1821 577 1901 qui
593 1841 664 1885 eum
680 1819 830 1904 impedire
854 1821 997 1885 uoluerit.
1029 1822 1206 1886 ueletiam:

88 1943 222 2007 uolebat
237 1943 364 2022 qnidam
380 1944 412 2007 in
428 1965 518 2009 sacro
535 1945 604 2009 looo
621 1945 798 2025 aedificare,
816 1964 873 2009 seu
888 1945 920 2008 in
938 1943 1063 2010 flumine
1079 1946 1206 2029 publieo

88 2067 203 2150 ripaue
220 2067 287 2131 eius
304 2088 383 2150 opus
401 2068 512 2148 moliri,
537 2089 598 2149 quo
615 2089 710 2151 opere
727 2067 935 2132 difficiliorem
957 2089 1015 2151 per
1037 2069 1069 2132 id
1091 2070 1207 2135 flumen
1321 2138 1324 2143 ,

88 2192 329 2274 nauigationem
352 2193 510 2258 redderet:
535 2213 637 2274 aeque
654 2193 780 2257 dabitur
801 2193 1091 2276 prohibitorium
1113 2195 1206 2259 inter·

39 2315 218 2381 ladiotum.
256 2322 307 2382 la.
324 2317 576 2382 Restitutoria
599 2322 680 2399 sunt,
705 2319 818 2399 quibus
841 2318 962 2382 restitui
978 2318 1098 2400 aliquid
1112 2319 1206 2383 iubet
1227 2331 1259 2383 lo

87 2442 190 2505 ueluti
215 2443 367 2506 bonomm
391 2443 576 2524 possessori,
601 2449 633 2506 ut
656 2443 839 2507 restituatur
861 2443 891 2508 ei
906 2443 1065 2526 possessio
1089 2463 1205 2524 eorum,

87 2585 174 2646 quae
204 2565 286 2630 alius
316 2566 442 2646 quidam
470 2587 526 2649 pro
551 2567 665 2632 herede
694 2568 746 2631 uel
773 2587 830 2651 pro
856 2587 1039 2651 possessore
1066 2567 1208 2650 possidet

86 2689 180 2772 (quid
197 2695 302 2755 autem
318 2691 359 2755 sit
382 2695 458 2773 ‘pro
483 2693 629 2756 herede'
647 2692 699 2757 uel
723 2697 798 2774 ‘pro
821 2696 1052 2775 possessore'
1077 2692 1207 2758 inferius

86 2817 327 2900 proponemus),
356 2817 407 2879 uel
430 2817 456 2879 si
481 2815 589 2881 iubeat
610 2816 697 2881 fundi
719 2817 952 2899 possessionem
973 2816 1048 2880 mihi
1075 2817 1206 2900 restitui,

34 2947 154 3019 inqua
178 2939 213 3002 ui
237 2939 355 3004 eiectus
379 2941 445 3004 sim.
487 2942 540 3006 lb.
563 2940 805 3006 Exhibitoria
827 2947 899 3005 sunt
918 2961 975 3026 per
991 2961 1072 3022 quae
1088 2941 1261 3023 aliquidne
1319 2949 1322 2966 ⁸

84 3064 236 3128 exhiberi
260 3064 355 3130 iubet.
402 3070 437 3129 ut
460 3085 533 3130 eeoe
557 3067 685 3130 fratrem
713 3086 816 3131 meum
844 3066 982 3131 oeonltas
1006 3065 1114 3130 dioens
1137 3085 1207 3130 eum

84 3207 160 3252 esse
207 3194 293 3252 tuum
339 3208 478 3270 seruum,
524 3209 594 3253 oum
636 3209 696 3272 ego
740 3191 779 3254 de
816 3189 883 3253 eius
926 3186 1072 3254 libertate
1111 3208 1206 3271 agere

83 3313 197 3377 uelim
233 3312 284 3376 uel
308 3311 403 3376 etiam
419 3313 564 3378 libertum
580 3333 683 3378 meum
699 3313 849 3394 oooultas,
874 3315 924 3377 oui
941 3333 1054 3397 operas
1070 3313 1206 3378 indicere

83 3439 174 3502 uolo.
213 3436 265 3500 uel
287 3437 382 3501 etiam
401 3438 497 3520 (quod
521 3458 617 3521 saepe
633 3438 678 3523 fit)
695 3437 791 3501 filium
814 3457 916 3503 meum
938 3443 1133 3520 nepotemue,
1154 3437 1208 3519 qui

83 3560 118 3625 in
143 3581 222 3626 mea
245 3567 294 3626 est
316 3566 484 3644 potestate,
509 3562 594 3647 apud
616 3571 648 3626 te
667 3562 816 3642 oooultas,
840 3581 957 3642 eosque
981 3581 1041 3644 ego
1065 3561 1259 3629 exhiberint
