2876 4712
512 347 747 412 -296-

51 556 71 606 c.
84 541 233 618 pauonum
263 533 436 600 adiuuabat
463 551 519 598 nec
547 541 675 616 praetor
701 541 846 602 naturam
877 535 1010 602 ueritus.
1065 535 1094 598 2.
1136 533 1191 602 Set

82 661 177 735 postea
196 653 246 720 lex
268 651 365 738 Papia
385 659 588 736 patronorum
611 653 740 720 adauxit
762 656 849 722 iura:
872 654 1036 722 constituit
1059 654 1141 721 enim
1164 656 1190 720 si

80 774 249 855 locupletior
270 773 401 838 libertus
423 780 507 838 esset
529 771 726 855 (locupletem
755 780 859 840 autem
888 795 958 841 eum
986 773 1114 853 definiit,
1138 775 1191 858 qni

80 892 280 959 sestertiorum
314 897 437 959 centnm
471 892 601 958 millium
636 895 856 975 patrimonium
889 895 1032 977 baberet)
1059 900 1092 960 ct
1117 914 1191 977 pan·

79 1013 166 1076 ciores
187 1029 280 1091 qnam
303 1019 369 1077 tres
392 1009 506 1078 llberos
529 1011 734 1095 relinqueret,
762 1012 884 1078 uirilem
911 1020 1032 1096 partem
1060 1021 1191 1097 patrono
1225 1039 1242 1090 s

78 1132 182 1208 deberi,
205 1133 274 1196 siue
297 1132 323 1194 is
346 1136 534 1196 testamento
557 1131 639 1196 facto
662 1130 731 1196 siue
758 1132 906 1198 intestato
933 1139 1075 1199 mortuus
1098 1141 1191 1204 esset.

77 1271 162 1336 quare
184 1253 211 1316 si
227 1252 410 1334 contigisset
423 1227 656 1333 locupletiorem
678 1249 825 1316 libertum
848 1252 927 1317 mori
954 1272 1049 1318 unum
1072 1253 1191 1320 habene

77 1372 163 1436 lilium
186 1368 238 1436 uel
261 1388 354 1436 unam
377 1367 482 1447 liliam,
505 1375 790 1454 testamentumque
811 1369 950 1446 iecisset,
978 1372 1041 1437 lilio
1069 1371 1191 1439 filiaeue

76 1491 118 1558 len
138 1491 237 1573 Papia
258 1495 426 1573 patronum
448 1490 617 1568 adiciebat,
647 1492 675 1556 ei
702 1497 822 1572 partem
850 1491 1008 1556 dimidiam
1039 1491 1190 1558 bonorum
1306 1527 1311 1534 ·

77 1609 202 1677 defuncti
226 1609 409 1689 concedens,
431 1611 560 1694 perinde
588 1629 625 1676 ac
647 1610 675 1675 si
705 1609 809 1675 nullus
836 1618 1016 1691 superesset
1044 1610 1140 1676 lilius:
1162 1611 1190 1677 ai
1210 1615 1242 1666 1⁰

76 1749 142 1795 nero
163 1731 243 1796 dnos
267 1729 345 1796 lilios
368 1731 488 1796 duasne
514 1728 593 1795 filias
620 1729 751 1796 heredes
773 1729 975 1808 instituisset,
1003 1729 1034 1794 in
1064 1729 1189 1797 tertiam

75 1856 184 1932 partem
207 1857 360 1932 patronus
382 1850 622 1917 admittebatur:
651 1850 752 1914 tribus
780 1857 884 1914 autem
914 1847 1108 1925 extantibus,
1136 1869 1189 1932 pa·

43 1979 173 2045 stronus
195 1970 397 2037 multitudine
419 1971 553 2036 filiorum
575 1971 795 2052 repellebatur.
845 1969 875 2034 3.
909 1968 995 2036 Haec
1017 1989 1094 2037 uero
1116 1969 1190 2035 olim

74 2092 264 2172 optinebant:
287 2093 352 2159 lata
375 2099 550 2160 astantem
573 2093 722 2177 principis
744 2092 842 2157 nostri
869 2091 1068 2166 constitutio,
1096 2109 1189 2173 quam

74 2217 104 2276 nt
137 2215 280 2280 omnibns
318 2214 469 2297 liqueret,
510 2231 621 2296 graece
660 2211 866 2293 conscripsit,
908 2209 1000 2276 ualde
1040 2209 1188 2277 breuitati
1209 2219 1240 2270 15

73 2330 206 2398 studens.
253 2335 284 2398 in
314 2352 377 2417 qua
406 2332 547 2416 pracepit
575 2333 659 2398 atsi
686 2332 813 2414 quidem
841 2329 972 2396 libertus
999 2328 1051 2396 uel
1077 2330 1190 2395 liberta

73 2453 199 2519 minores
222 2454 408 2520 centenariis
430 2453 509 2530 sint,
532 2452 614 2517 idest
636 2453 737 2518 minus
768 2457 892 2517 centum
919 2451 1024 2517 aureis
1053 2448 1191 2514 babeant

72 2573 273 2639 substantiam
297 2573 356 2656 (sic
378 2573 459 2638 enim
482 2573 551 2654 lege
565 2569 663 2652 Papia
685 2577 810 2638 centum
825 2569 956 2636 millium
972 2567 1188 2636 sestertiorum

71 2695 267 2758 constitutam
294 2709 447 2758 summam
476 2692 700 2774 interpretatus
730 2696 795 2765 est,
823 2697 859 2754 nt
886 2708 942 2772 pro
972 2685 1007 2752 M
1035 2688 1188 2754 sestertiis

72 2829 144 2877 unus
166 2827 284 2878 aurens
306 2814 527 2893 computetur).
549 2810 654 2876 nudus
675 2811 763 2876 locus
779 2815 911 2890 patrono
925 2807 1019 2874 detur
1033 2808 1065 2873 in
1081 2824 1188 2874 eorum
1205 2821 1240 2874 eo

70 2931 311 3010 successionem,
334 2931 360 2994 si
382 2935 605 2996 testamentum
635 2935 739 2995 extet·
779 2927 806 2994 si
835 2944 911 2993 uero
939 2928 1106 2993 intestatus
1137 2925 1189 2992 de-

70 3050 194 3116 cesserit
215 3049 333 3116 liberes
355 3067 417 3115 non
440 3047 629 3132 relinquens,
652 3055 727 3115 tunc
748 3048 864 3114 babeat
888 3053 1039 3128 patronus
1067 3046 1099 3112 in
1122 3045 1189 3111 uni·

71 3188 191 3236 nemum
233 3189 271 3236 ex
303 3169 372 3252 lege
404 3167 468 3234 XII
501 3169 678 3234 tabularum
716 3167 955 3234 successionem.
1010 3185 1079 3232 cum
1112 3182 1188 3231 uero

69 3289 163 3355 mmor
185 3291 365 3357 centenario
387 3291 437 3364 sit,
459 3289 487 3354 si
509 3290 634 3372 quidem
656 3289 771 3354 liberos
794 3287 958 3368 relinquat,
980 3287 1034 3368 qui
1056 3285 1188 3351 heredes

70 3415 216 3475 nocentur
237 3409 305 3475 iure
327 3408 421 3488 ciuili,
444 3427 500 3475 scu
521 3409 690 3491 praetorio,
713 3427 784 3475 cum
808 3407 994 3490 emancipati
1017 3406 1096 3486 sint,
1118 3405 1186 3469 siue
1203 3425 1238 3477 as
