2960 4704
602 359 793 426 -n-

128 543 376 623 ibeodoslsnus,
385 549 550 624 praeterea
560 551 593 612 et
604 542 711 626 plures
722 545 972 624 constitutiones,
984 561 1066 628 qnae
1076 547 1151 630 post
1160 544 1260 614 ibeo-

129 665 296 728 dosianum
319 663 458 730 codicem
474 663 649 732 coniectum
672 665 756 733 latae
778 673 862 740 snut,
883 683 1061 749 magnaque
1082 685 1152 734 cum
1175 673 1260 732 must

127 785 213 848 inter
227 783 469 849 constitutiones
486 785 654 864 praedictis
668 785 903 852 collectionibus
923 789 1061 852 insertas
1083 803 1259 870 repugnen-

128 903 185 980 tia,
201 903 341 983 optimus
356 903 507 986 Princeps
522 910 630 972 noster
644 925 714 974 cum
729 907 857 976 inutiles
872 909 1109 992 geminatasqne
1123 907 1258 993 lusique,

126 1041 191 1105 qno
218 1025 355 1104 utimur,
388 1027 564 1092 contrarias
590 1025 717 1096 abolere
745 1027 903 1109 iussisset,
936 1027 1073 1096 codicem
1102 1026 1257 1094 conscribi
1290 1037 1308 1090 o

126 1146 299 1228 imperauit
320 1147 503 1212 serenitatis
525 1166 603 1214 snae
625 1149 748 1215 nomine
770 1149 957 1232 praeditum.
1005 1153 1055 1214 set
1082 1153 1116 1213 et
1135 1146 1177 1214 ad
1199 1143 1257 1212 im·

125 1285 237 1332 mensa
260 1273 404 1332 uetcmm
433 1267 634 1349 prudentium
658 1266 817 1335 uolumina
847 1285 955 1336 curem
986 1283 1075 1332 suam
1105 1263 1254 1344 extendit,

124 1405 270 1469 opusque
294 1388 496 1468 desperatum
518 1387 608 1470 qnasi
631 1405 688 1470 per
705 1379 845 1453 'medinm
875 1387 1022 1454 incedens
1043 1385 1174 1466 pelagus
1196 1384 1254 1450 dee

125 1507 256 1572 fauente
280 1509 389 1580 erexit,
413 1515 619 1589 receptasque
635 1515 778 1575 ueterum
794 1509 966 1574 sententias
981 1508 1013 1572 in
1028 1525 1124 1572 unum
1138 1504 1254 1571 libmm

73 1626 106 1676 ³-
127 1627 241 1707 coegit
299 1628 329 1692 3.
363 1627 462 1712 quue
495 1629 671 1694 iaciendum
712 1629 903 1694 Tribunienn
934 1623 1160 1708 gloriosissimo
1189 1642 1306 1696 met-10

123 1747 226 1826 gislro
257 1753 290 1811 et
317 1765 355 1812 cr
382 1755 551 1828 quaestore
572 1748 655 1814 sacri
677 1747 786 1830 palatii
809 1737 974 1828 commisit
995 1749 1133 1828 immune
1154 1745 1254 1810 'l'heo-

122 1865 212 1947 philo
234 1886 273 1932 ac
296 1867 454 1934 Dorotheo
475 1835 554 1935 uiris
576 1869 751 1934 illustribus
772 1875 806 1934 et
826 1867 1089 1934 antecessoribus.
1119 1883 1252 1952 qnnmm

122 1989 265 2054 omnium
301 1988 474 2055 sollertiam
501 1997 534 2055 et
561 1989 665 2070 legum
692 1989 854 2054 scientiam
885 1994 918 2054 et
949 1987 1033 2054 circe
1066 1983 1253 2067 principales

120 2108 282 2175 iussiones
296 2109 389 2175 fidem
405 2129 442 2175 ex
457 2109 564 2176 multis
579 2117 726 2192 expertus
741 2107 972 2174 sacratissimus
987 2107 1131 2188 princeps
1146 2110 1253 2172 noster

121 2231 332 2310 argumentis
355 2232 401 2296 eis
423 2230 612 2303 conuocatis,
635 2228 812 2311 specialiter
834 2226 995 2294 mandauit
1012 2232 1048 2292 ut
1062 2224 1131 2292 eius
1145 2233 1252 2292 aucte·
1272 2237 1303 2290 nt

120 2351 221 2414 ritate
243 2351 374 2430 eiusque
394 2351 601 2432 obsequentes
623 2348 821 2415 suasionibus
837 2346 1063 2426 institutiones,
1086 2347 1170 2412 idest
1191 2346 1252 2413 ele·

122 2475 233 2532 menta
254 2469 331 2533 iuris
353 2479 582 2549 componerent
628 2475 663 2534 ut
685 2469 792 2535 liceret
813 2468 1065 2535 adulescentibus
1087 2467 1190 2548 prima
1210 2465 1252 2534 le·

121 2607 200 2668 gum
224 2589 352 2654 exordia
374 2607 434 2654 non
458 2588 658 2672 abantiquis
681 2589 793 2655 lebulis
816 2591 911 2672 (quae
932 2588 1015 2656 enim
1037 2585 1110 2653 olim
1133 2585 1252 2668 optine-

122 2709 204 2773 bunt
224 2725 308 2772 nunc
330 2727 407 2774 uero
431 2711 461 2774 in
484 2709 723 2775 desuetudinem
745 2708 893 2775 abierunt
913 2706 1054 2792 legentes
1075 2703 1192 2772 similes
1213 2705 1252 2770 iis

119 2835 200 2892 snut
223 2827 278 2910 qui
300 2828 422 2895 fabulas
437 2830 680 2910 nanciscuntur),
702 2835 752 2894 set
772 2831 813 2895 ab
834 2826 987 2912 imperiali
1009 2825 1175 2910 splendore
1197 2843 1251 2908 ep
1267 2840 1302 2892 no

120 2955 248 3029 petere;
275 2957 404 3033 tamque
429 2970 536 3016 eorum
558 2969 651 3016 aures
681 2969 775 3030 qnam
797 2949 920 3015 animan
941 2948 1016 3014 nibil
1037 2946 1151 3014 inutile
1172 2944 1249 3011 nibil

121 3085 291 3150 perperam
312 3069 458 3150 positum,
481 3075 530 3136 set
551 3072 634 3152 quod
656 3073 687 3137 in
715 3072 785 3153 ipsa
806 3089 911 3138 rerum
932 3069 1159 3138 consuetudine
1181 3085 1251 3134 uer·

119 3195 213 3255 setur
235 3190 422 3270 acciperent.
452 3197 485 3256 et
507 3190 591 3272 quod
607 3190 680 3255 olim
703 3190 757 3256 nix
778 3197 851 3271 post
873 3189 1042 3256 triennium
1051 3189 1077 3272 ¹)
1100 3187 1251 3254 studiosis

120 3309 342 3392 contingebat,
370 3317 406 3376 ut
432 3315 504 3392 post
532 3311 598 3377 eius
626 3310 775 3394 temporis
802 3311 983 3390 decursum,
1010 3307 1251 3378 constitutiones

120 3429 314 3512 principales
336 3430 486 3511 legerent,
508 3429 567 3496 boc
589 3449 670 3496 nunc
693 3449 730 3495 ex
751 3429 821 3511 ipso
850 3448 971 3511 rerum,
998 3436 1034 3496 ut
1063 3429 1110 3495 ita
1138 3430 1250 3509 dicam,
1267 3451 1302 3502 aa

120 3549 295 3629 primordio
316 3549 552 3631 aggrediuntur,
568 3555 656 3616 tnnto
671 3549 757 3632 digni
772 3549 890 3616 honore
905 3556 1057 3631 mutaque
1078 3549 1252 3632 gaudentes

121 3667 274 3734 felicitate
298 3675 333 3731 ut
356 3675 388 3732 et
402 3667 506 3752 legum
520 3668 644 3734 initium
665 3688 837 3754 earumque
852 3670 1040 3738 eruditionis
1055 3670 1125 3738 linis
1139 3669 1252 3753 ipsisa

122 3806 202 3854 uoce
224 3787 392 3870 principali
412 3789 569 3870 procedet
592 3807 742 3870 praesens
756 3792 839 3856 enim
853 3808 980 3872 quoquc
1001 3791 1252 3871 compendiuma

198 4026 254 4092 ι)1.
273 4025 508 4097 ›quadriennium‹
529 4043 564 4083 ex
581 4028 627 4088 lat.
645 4029 711 4085 Inst
