2870 4716
516 353 743 416 -331-

267 642 314 706 De
337 641 490 707 diuisione
512 641 758 724 stipulationum.
805 629 929 707 Titulus
954 644 1001 706 18.

156 793 227 858 Non
250 793 421 859 absurdum
444 795 504 860 erit
526 795 620 860 etiam
643 795 882 876 stipulationum
898 795 1068 861 diuisiones
1091 813 1191 860 nosse.

74 912 310 994 stipulationum
326 913 409 978 enim
424 913 503 979 aliae
520 913 736 980 iudiciales
752 919 835 993 sunt,
859 913 938 979 aliae
954 915 1191 996 praetoriae.

75 1032 151 1098 aliae
174 1032 526 1110 conceptionalem
543 1033 623 1098 aliae
637 1052 872 1110 communes,
889 1033 947 1098 hoc
962 1039 1011 1098 est
1025 1037 1091 1098 tam
1105 1053 1194 1117 prae·

44 1153 60 1202 ¹·
74 1153 172 1219 toriae
193 1172 289 1235 quam
309 1153 479 1218 iudiciales.
517 1157 542 1218 1.
566 1153 610 1219 Et
630 1153 841 1219 iudiciales
864 1153 991 1236 quidem
1006 1157 1089 1231 sunt,
1111 1171 1194 1234 quae

75 1291 194 1338 amero
217 1271 318 1339 officio
340 1273 450 1339 iudicis
471 1273 720 1356 proficiscuntur,
744 1275 846 1356 qualis
868 1278 918 1340 est
939 1273 978 1338 dc
1001 1273 1072 1338 dolo
1094 1274 1227 1355 stipus

74 1392 154 1457 latio.
201 1393 288 1458 loeus
316 1393 388 1459 huic
417 1400 481 1473 ast,
511 1394 636 1478 quando
657 1412 727 1461 cum
750 1413 801 1472 eo,
830 1394 884 1475 qui
907 1392 982 1457 mihi
1005 1411 1042 1458 er
1064 1393 1194 1476 stipula-

75 1513 154 1578 tione
178 1511 334 1578 hominem
356 1513 457 1592 debet
483 1533 520 1580 ex
543 1515 697 1598 stipulatu
719 1533 826 1596 agam;
855 1519 887 1578 et
909 1531 982 1578 reus
1004 1513 1104 1579 sciens
1126 1511 1194 1578 iore

76 1637 106 1696 ut
119 1632 355 1711 condemnetur,
379 1633 407 1698 ei
422 1653 578 1699 uenenum
598 1633 758 1717 praebeat,
781 1632 866 1715 quod
881 1633 987 1715 paullo
1009 1637 1083 1716 post
1104 1634 1193 1699 rasti·

76 1752 225 1818 tutionem
246 1770 318 1818 eum
340 1771 452 1818 necare
473 1754 587 1836 possit:
610 1753 651 1818 ad
673 1751 808 1818 officium
823 1752 935 1818 iudicis
950 1753 1087 1834 pertinet
1100 1772 1193 1836 prop

76 1879 119 1938 ter
139 1871 295 1940 eiusmodi
324 1873 517 1956 suspiciones
545 1893 635 1939 reum
661 1892 772 1956 eogere
802 1878 839 1938 ut
860 1873 1031 1956 stipuletur
1059 1873 1135 1939 nihil
1158 1892 1193 1940 se
1214 1882 1244 1932 1⁰

77 1992 140 2058 dolo
162 1991 275 2059 fecisse
296 2012 358 2075 quo
388 1994 488 2076 magis
515 1995 683 2060 restitutus
713 2012 825 2059 seruus
847 1993 1034 2059 laederetur.
1079 1993 1100 2059 J
1106 1993 1194 2058 udi·
1326 1963 1331 1978 ¹

77 2112 181 2178 cialis
211 2129 339 2193 quoque
366 2117 415 2178 est
441 2113 603 2196 stipulatio
634 2113 672 2178 de
702 2131 795 2179 seruo
817 2113 1049 2196 persequendo,
1080 2113 1134 2195 qui
1161 2113 1193 2178 in

77 2231 144 2314 luga
165 2239 250 2315 agat
294 2233 420 2317 Siquis
449 2235 532 2300 enim
560 2253 688 2300 seruum
712 2253 815 2299 meum
839 2235 879 2298 ab
901 2233 1005 2316 aliquo
1027 2231 1193 2299 bonafide

77 2359 163 2433 emat,
185 2373 289 2437 neque
304 2355 417 2420 uitium
433 2355 544 2434 subsit
567 2356 677 2436 procul
693 2355 787 2420 dubio
803 2354 903 2420 currit
924 2353 1083 2436 usucapio.
1108 2353 1192 2435 quod

77 2472 101 2536 si
122 2481 192 2539 ante
214 2475 363 2558 temporis
392 2472 500 2554 finem,
530 2493 592 2557 quo
620 2475 770 2557 usucapio
793 2472 954 2556 perficitur
980 2477 1094 2557 (ugr.
1119 2478 1192 2539 ante
1212 2488 1242 2540 15

78 2591 151 2658 duos
177 2598 280 2660 tresve
307 2595 462 2678 menses),
491 2595 524 2660 iu
551 2613 618 2660 rem
645 2599 756 2660 eontra
784 2612 996 2676 possessorem
1023 2610 1132 2674 agam,
1160 2597 1193 2658 et

79 2713 193 2778 actione
220 2713 323 2779 adhuc
356 2715 526 2797 pendente,
560 2714 710 2797 usucapio
740 2712 934 2796 perficiatur,
966 2711 1079 2778 deinde
1112 2711 1191 2778 citra

79 2835 259 2912 possessoris
282 2833 388 2899 dolum
403 2853 516 2901 seruus
531 2833 638 2918 fugam
656 2838 809 2916 capessat,
832 2838 962 2915 tumque
985 2831 1110 2898 demum
1132 2851 1190 2914 ego

80 2957 163 3016 actor
182 2954 344 3020 ostendum
359 2973 463 3019 meum
479 2973 606 3019 seruum
621 2951 728 3032 fuisse,
752 2971 823 3018 cum
843 2950 1014 3018 absurdum
1037 2952 1079 3017 sit
1100 2969 1189 3017 reum

81 3071 277 3152 condemnem,
306 3073 360 3157 qui
382 3073 459 3139 nihil
480 3073 513 3138 in
536 3074 620 3140 serui
642 3070 718 3158 fuga
740 3071 915 3159 deliquerit,
939 3071 1061 3138 absolui
1083 3077 1188 3138 autem
1207 3085 1241 3138 ao
