2932 4704
542 333 752 398 ..33-

384 661 433 727 Ile
454 661 660 728 curatoribus.
705 660 827 727 Titulus
850 659 901 724 23.

176 847 210 914 In
231 848 449 932 superioribus
469 848 662 931 propositum
684 853 734 914 est
755 847 905 930 quosdum
928 846 959 912 in
983 845 1092 924 tutele,
1115 863 1208 928 quos·

103 968 163 1032 dum
183 967 213 1032 in
236 985 313 1032 cure
334 985 414 1046 esse,
435 967 586 1048 quosdam
609 973 716 1032 autem
738 973 850 1032 neuim
872 967 940 1031 iure
955 965 1066 1032 teneri.
1089 971 1206 1031 etcum

102 1087 135 1152 dc
153 1087 308 1152 tutoribus
330 1085 570 1153 tructuuerimus
593 1090 625 1152 et
647 1089 724 1168 quot
753 1085 816 1150 sint
837 1085 954 1152 tutelae
977 1087 1065 1168 (sunt
1085 1091 1205 1150 eutem:

102 1207 326 1272 testamentaria
348 1205 552 1286 adgnatorum
575 1225 631 1271 seu
652 1205 790 1287 legitime
819 1212 1002 1286 patronum,
1031 1207 1061 1270 in
1091 1223 1155 1288 qus
1175 1208 1208 1270 et

101 1323 226 1404 mrentis
249 1323 484 1391 manumissoris
506 1324 606 1390 tutela
621 1325 808 1404 continetur,
831 1323 993 1390 fiduciaria
1007 1323 1136 1390 ebbone
1151 1341 1207 1388 seu
1241 1329 1258 1377 ⁶

100 1442 348 1520 inductionum
376 1445 464 1510 cuius
493 1443 593 1509 uicem
621 1443 715 1508 ulium
744 1442 901 1528 quendum
929 1444 1074 1524 princeps
1099 1449 1208 1507 noster

100 1561 294 1643 introduxit),
318 1580 450 1643 cumque
473 1563 642 1628 dixerimus
661 1569 738 1645 quot
759 1562 860 1628 modis
881 1561 982 1627 tutele
1002 1560 1138 1638 linietur,
1162 1558 1208 1626 ui·

101 1682 216 1746 desnos
238 1681 280 1746 de
302 1681 472 1747 curatione.
517 1681 646 1746 musculi
670 1683 805 1763 puberes
827 1689 860 1746 et
881 1679 1015 1747 feminee
1037 1679 1206 1762 uiripoten·

101 1807 142 1864 tes
168 1802 205 1865 cd
233 1799 321 1866 XXV
352 1819 466 1867 annum
500 1819 600 1883 usque
629 1801 817 1884 completum
846 1809 1007 1867 curatores
1036 1799 1207 1880 occipiunt;

102 1922 147 2000 qni
166 1919 237 1986 licet
260 1919 394 2002 puberes
415 1923 487 1999 sint,
509 1921 612 1988 udhuc
633 1929 736 1986 mmen
760 1923 827 1986 eius
850 1919 964 1986 uelutis
987 1927 1074 1997 sunt,
1098 1925 1259 1985 utne-10

71 2049 88 2097 l·
102 2039 178 2118 gotis
198 2058 257 2106 suu
279 2042 362 2107 tueri
385 2060 445 2107 non
468 2043 597 2124 possint
646 2042 673 2102 1.
706 2037 831 2104 Dantur
853 2045 958 2104 sutem
985 2045 1144 2105 curatores
1167 2041 1207 2104 ub

102 2157 191 2233 isdem
210 2160 447 2242 magistratibus
469 2177 489 2224 u
509 2161 623 2241 quibus
645 2165 678 2224 et
699 2164 829 2224 tutores.
873 2165 999 2223 curator
1020 2163 1207 2224 testamento

102 2283 176 2342 recte
196 2295 257 2343 non
280 2279 388 2356 detur,
420 2285 469 2344 set
490 2279 583 2344 dutus
605 2277 807 2344 confirmetur
832 2278 958 2344 decreto
979 2277 1134 2358 praetoris
1156 2277 1206 2341 uel

69 2403 88 2452 2·
103 2396 252 2474 praesidis.
298 2398 326 2460 2.
366 2398 556 2464 Adulescens
579 2398 704 2472 inuitus
721 2405 897 2464 curatorem
921 2414 982 2462 non
1005 2397 1124 2480 recipit,
1147 2393 1207 2460 nisi

103 2515 129 2577 iu
148 2523 259 2581 certum
283 2517 385 2600 litem3
408 2523 533 2584 curetur
555 2517 638 2583 enim
660 2516 754 2583 etad
777 2522 894 2582 certum
916 2533 1041 2581 consum
1064 2514 1131 2580 duri
1155 2533 1207 2597 po
1227 2529 1258 2581 15

102 2641 164 2712 test,
186 2643 220 2701 ut
243 2634 386 2718 superius
408 2635 551 2702 diximus.
596 2637 703 2716 itaque
726 2635 831 2719 plures
853 2641 928 2702 sunt
950 2633 1144 2700 differentiae
1159 2639 1206 2700 tu-

101 2753 173 2819 telue
194 2761 226 2820 et
247 2774 349 2821 cume.
393 2763 481 2822 tutor
502 2755 584 2822 enim
607 2755 820 2840 impuberibus
842 2762 964 2821 tuntum
987 2757 1095 2834 datur,
1118 2773 1207 2821 curu·

101 2881 145 2938 tor
164 2881 267 2940 sutem
289 2876 459 2960 puberibus
482 2885 514 2942 et
541 2875 709 2956 aliquunde
737 2875 970 2960 impuberibus;
998 2883 1085 2941 tutor
1112 2880 1207 2941 teste·

101 2999 196 3059 mento
217 3000 301 3060 recte
316 2996 419 3072 datur,
442 2993 595 3060 inutiliter
609 3001 714 3060 sutem
737 3000 880 3074 curetur3
903 2995 1020 3060 inuitus
1042 3011 1133 3060 nemo
1155 3011 1205 3060 cn·

101 3119 227 3177 retorem
251 3111 372 3194 accipit,
394 3119 533 3178 tutorem
555 3120 660 3179 antem
683 3113 777 3179 etism
799 3112 917 3179 nolens.
963 3119 1050 3179 tutor
1071 3113 1112 3177 ed
1141 3129 1207 3178 cer·
1224 3131 1259 3184 so

67 3233 157 3298 imm
178 3252 302 3300 causum
324 3235 392 3301 dari
414 3253 475 3302 nou
497 3241 612 3317 potest,
635 3241 763 3302 curetur
785 3236 901 3316 ntique.
945 3231 975 3296 3.
999 3231 1130 3298 Prueter
1150 3231 1206 3296 mi·

103 3369 197 3428 nores,
219 3352 327 3420 furiosi
348 3373 472 3440 quoquc
495 3363 527 3422 et
548 3357 669 3439 prodigi
691 3357 722 3422 in
745 3375 823 3423 curu
844 3361 927 3426 sunt,
949 3355 1023 3420 licet
1044 3351 1131 3420 XXV
1154 3370 1206 3418 un·
