2898 4712
514 323 747 388 ..det-

73 509 171 575 doum
189 510 281 576 nasei
302 509 483 593 eontigerit,
509 511 565 576 uel
592 518 700 576 nauum
730 512 818 578 mori.
858 512 972 594 tienne
993 518 1105 580 auten
1124 531 1184 582 ne

69 629 170 710 ptisne
193 636 225 697 et
245 648 406 714 pronepos
427 633 627 712 proneptisne
651 633 700 697 itu
721 632 853 698 domurn
875 651 1007 698 monum
1029 632 1183 702 teredm

67 769 196 816 numero
223 757 312 828 snut,
340 752 366 816 si
386 751 574 832 praecedens
597 769 730 833 persona
755 753 787 817 in
802 752 858 817 sui
873 753 1186 834 parentis-potestate

73 889 137 937 esse
158 869 298 950 desierit,
315 877 420 936 morte
441 869 574 937 fortasse
596 871 647 936 uel
669 871 730 937 elia
756 871 894 952 ratione,
924 871 1023 938 ueluti
1052 869 1184 941 emanci-

73 989 204 1071 pudone.
247 1009 318 1056 nam
342 991 447 1072 siper
475 989 508 1054 id
535 997 658 1073 tempus
690 1007 752 1072 quo
781 991 851 1074 quis
883 997 1059 1058 moreretur
1088 989 1184 1061 fidum
1217 999 1235 1054 o

70 1107 98 1174 in
119 1115 278 1190 potestate
299 1109 454 1188 habuerit,
477 1126 573 1189 nepos
596 1129 633 1175 ex
655 1129 692 1176 eo
707 1129 783 1176 suus
796 1109 888 1178 heres
903 1129 972 1178 esse
994 1129 1056 1178 non
1078 1129 1186 1180 tome·

75 1229 160 1293 ditur.
207 1231 302 1313 idque
325 1235 357 1296 et
379 1231 418 1296 de
440 1231 553 1296 ceteris
576 1228 686 1296 diberis
708 1229 920 1314 intellegitur:
940 1249 1017 1298 oum
1039 1233 1129 1299 «euim
1145 1231 1186 1298 d·

72 1348 139 1413 dum
162 1367 267 1414 meum
290 1350 320 1414 in
343 1355 499 1432 potestate
520 1348 661 1427 habeam,
678 1349 746 1428 nuel,
769 1368 806 1415 eo
822 1355 961 1431 nono,
979 1356 1125 1434 repeton
1139 1365 1185 1417 u

73 1487 120 1548 eo,
146 1485 303 1552 pronepos
329 1487 406 1535 suus
435 1469 526 1534 heres
553 1485 622 1534 esse
651 1468 768 1551 nequit.
817 1471 954 1551 postumi
982 1487 1106 1555 qnoque
1126 1469 1185 1536 sui

73 1589 199 1656 heredes
223 1608 292 1656 esse
314 1596 458 1673 possnut3
485 1587 529 1654 illi
551 1590 696 1654 nimirum
724 1587 779 1670 qui
805 1589 832 1653 s'i
861 1589 934 1654 uino
961 1595 1091 1669 parente
1118 1589 1184 1656 nuti
1204 1596 1239 1648 to

42 1717 175 1780 sessent
196 1711 229 1775 in
253 1713 319 1777 eius
342 1717 497 1793 potestate
519 1710 616 1776 iuturi
638 1709 749 1776 forent
784 1709 813 1773 3.
837 1705 904 1773 'Sui
924 1706 1057 1774 heredes
1080 1715 1183 1775 antem

75 1831 161 1896 etium
183 1831 365 1913 ignorantes
386 1829 466 1896 fiunt
486 1830 618 1896 heredes
641 1830 673 1894 id
695 1835 744 1896 est
766 1829 917 1909 existunt,
945 1836 993 1896 set
1021 1834 1055 1896 et
1075 1827 1185 1896 furiosi
1266 1899 1271 1914 ,

75 1950 267 2018 nihilominus
299 1951 429 2018 heredes
462 1949 550 2016 fiunt
598 1948 781 2031 generalem
813 1949 901 2015 enirn
927 1947 1012 2015 iuris
1038 1949 1184 2032 regulam

75 2089 228 2151 cognosce,
253 2068 422 2151 nquibns
445 2091 486 2136 ex
507 2070 645 2135 causis
665 2069 956 2150 ignoruntidns
980 2066 1185 2134 nostruin·-

75 2189 462 2273 quidadquiriturex
477 2189 683 2255 hiseausis
698 2187 924 2254 et'fnriosos
939 2186 1180 2270 adquirere*
1204 2195 1236 2250 ιο

76 2309 284 2392 ignoremitus
300 2313 382 2376 enim
399 2307 611 2376 similessudt.
631 2315 668 2377 et
688 2309 795 2375 statim
809 2315 909 2376 morte
927 2305 1071 2392 parentis
1093 2306 1184 2387 quusi

75 2431 266 2495 continuatur
288 2428 466 2510 dominium,
489 2427 521 2494 id
544 2433 592 2495 est
614 2447 674 2494 non
691 2427 821 2494 dicimus
836 2435 958 2494 monuo
974 2435 1064 2510 patre
1078 2444 1129 2492 res
1144 2423 1184 2492 in

76 2547 203 2616 defuncti
223 2554 379 2632 potestate
407 2567 477 2616 osse
498 2547 640 2614 desinere
663 2565 706 2614 ,ao
728 2553 805 2630 post
831 2547 947 2630 aliquid
975 2543 1125 2628 temporis
1150 2545 1183 2613 in

76 2665 126 2732 iiii
146 2675 335 2751 „potestatem
366 2669 514 2748 transire„
543 2673 593 2732 set
621 2667 728 2732 statim
746 2665 897 2750 unitoque
924 2684 959 2732 re
976 2665 1082 2732 medin
1104 2673 1183 2732 totu·

80 2805 149 2868 pore
168 2793 275 2855 mutu
289 2787 466 2853 dominium
489 2787 641 2854 'continno
663 2785 754 2852 nudo
778 2784 961 2852 intermisto
989 2791 1130 2868 tome
1144 2787 1182 2852 dn
1199 2809 1237 2862 ω

75 2905 129 2971 iiiii
147 2914 303 2990 potestate
323 2905 467 2973 inueniri.
501 2906 610 2986 Quare
628 2905 660 2971 ei
680 2911 804 2972 mortuo
825 2912 917 2989 putre
932 2904 1020 2971 tilios
1036 2903 1183 2985 imputes

75 3025 121 3107 sit,
143 3027 252 3094 tutone
273 3028 459 3094 undositate
478 3025 521 3092 ad
543 3031 705 3110 paternam
732 3025 937 3094 hereditatem
959 3019 1182 3110 adquirendam

79 3164 134 3213 non
156 3147 280 3232 indiget,
303 3166 373 3214 cum
396 3153 428 3214 et
448 3147 664 3232 ignorantious
685 3145 772 3230 ipsis,
795 3151 904 3230 utpote
925 3143 1182 3220 suis'hereddrus,

79 3267 227 3335 deteratur
246 3269 414 3336 hereditas.
456 3265 510 3335 Set
531 3287 588 3336 uec
608 3269 636 3334 si
658 3268 756 3352 pubes
778 3266 860 3334 iilius
882 3265 934 3350 sit,
956 3268 1181 3333 minorantem

82 3384 127 3452 uel
148 3387 286 3468 furiosus,
308 3387 428 3472 indiget
450 3389 490 3454 ad
512 3387 571 3456 hoo
592 3386 746 3455 curatoris
772 3405 941 3469 consensu,
968 3386 1111 3470 quamuis
1132 3403 1180 3450 ex·
1198 3391 1236 3449 tu
