2876 4712
678 349 911 417 -274-

232 539 300 604 ἀλλ’
323 542 351 603 οί
371 541 451 621 μετὰ
474 542 526 603 τόν
548 535 783 603 δωδεκάδελτυν
804 541 897 622 σοφοὶ
921 541 1071 622 νεώτεροι
1099 539 1157 618 μὲν
1190 537 1277 614 ὄντες
1302 539 1346 624 τῆς

232 642 348 708 ἐκείνου
373 642 568 727 νομοθεσίας,
592 641 800 726 πρεσβύτεροι
822 641 858 707 δὲ
881 647 943 706 τῶν
971 642 1140 724 βασιλικῶν
1169 640 1345 716 διατάξεων,

232 744 377 831 ἀκριβείᾳ
394 745 560 834 χαίροντες
582 745 636 831 τὴν
658 745 824 832 εἰρημένην
839 745 1077 834 ἐμηχανήσαντο
1093 744 1257 830 διαφορὰν,
1277 744 1347 817 ἐξω·
1423 787 1424 816 3

232 851 363 922 θοῦντες
384 845 481 923 αλιτὰς
502 846 638 910 καθόλου
660 851 716 933 τῆς
738 846 799 911 τάιν
821 853 979 930 συγγενῶν
1009 847 1160 936 διαδοχῆς
1185 847 1293 934 μέχρις
1318 845 1346 910 οὔ
1422 849 1423 856 ’

197 972 213 1021 5
232 949 328 1034 (καθὰ
350 948 481 1036 εἴρηται)
504 951 533 1013 ολ
554 949 720 1033 ρταὲλοεθε
744 951 797 1038 την
820 951 878 1013 ὑπὸ
903 954 963 1014 τῶν
991 956 1101 1036 σοφῶν
1125 950 1347 1037 είσενεχθεῖσαν
1423 945 1424 970 ³

232 1052 466 1142 τραχόιητατῇ
497 1053 640 1139 πολιτείᾳ,
678 1051 962 1139 φιλανθρωποτέρᾳ
990 1053 1112 1139 διανοίᾳ
1141 1049 1346 1136 διορθοῦντες,

231 1158 278 1232 ὡς
298 1154 481 1237 comtos&
504 1155 618 1230 ταότας
639 1155 789 1220 ἐκάλεσαν
816 1155 835 1240 ἢ
859 1157 906 1219 καῖ
928 1159 962 1218 τό
985 1155 1123 1220 ἐλλεῖπον
1145 1155 1347 1240 ἀναπληροῦν-

232 1279 284 1334 τες
306 1259 410 1341 (τοῦτο
432 1259 492 1341 γὰρ
515 1254 590 1334 ἔθος
612 1258 728 1338 αὐτοῖς)
750 1258 855 1346 τρίτην
878 1259 963 1331 τάξιν
986 1258 1074 1344 τῆν’)
1097 1258 1276 1342 εοςυείίεὴν
1291 1257 1349 1319 ἐπι-

233 1362 399 1446 νοήσαντες
427 1361 472 1436 ὡς
499 1359 651 1442 οοςυίιῐαε
677 1357 774 1436 αὐτὰς
808 1361 959 1426 ἐκάλεσαν
989 1363 1043 1448 τὴν
1075 1363 1176 1426 »undo
1206 1360 1343 1441 cognati«

183 1479 215 1530 10
231 1462 415 1551 διακατοχὴν
431 1461 539 1537 αὐτοῖς
552 1461 818 1544 ἐπαγγελλόμενοι.
826 1463 851 1545 ⁸)
867 1461 916 1528 3b·
936 1466 953 1526 δ
969 1463 1006 1528 δέ
1022 1462 1182 1540 θειότατος
1196 1465 1281 1548 ἡμῶν
1296 1462 1348 1543 βα·

231 1565 332 1641 σελεδς
353 1565 407 1650 τὴν
429 1563 646 1650 ἐπινοηθεῖσαν
669 1563 731 1627 ἀπό
751 1568 806 1628 τοῦ
829 1564 1067 1629 δωδεκοδέλτου
1082 1565 1228 1651 ἀρρένων
1250 1587 1282 1627 τε
1304 1565 1348 1627 καί

232 1667 365 1753 θηλειῶν
388 1668 457 1750 περὶ
479 1667 533 1752 την
556 1665 737 1754 διαδοχηνί)
759 1666 885 1753 λσότητα
901 1668 1075 1752 φυλάττων,
1098 1666 1219 1732 ἐπαινεῖ
1228 1667 1285 1749 μὲν
1300 1672 1348 1750 τῆς

231 1770 469 1854 φιλανθρωπίας
490 1770 562 1844 τοὺς
584 1769 751 1853 ριὀὁλοεεε
771 1774 814 1857 μὴ
840 1769 986 1842 καθάπαξ
1016 1773 1104 1847 ἐκτὸς
1132 1773 1187 1836 τοῦ
1219 1771 1349 1856 διαδέχε-

231 1872 306 1936 σθαι
327 1873 382 1948 τδς
404 1872 531 1958 θηλείας
559 1871 730 1948 ἐάσαντας·
761 1875 841 1959 φησλ
869 1872 906 1938 δὲ
933 1870 1046 1949 αὐτοὺς
1073 1875 1116 1958 μὴ
1147 1872 1273 1947 τελείως
1301 1877 1347 1958 τῆς

182 1991 213 2042 15
232 1977 308 2038 κατὰ
331 1979 393 2038 τῶν
415 1976 550 2061 θηλειῶν
577 1975 694 2048 ἀδικίας
723 1975 825 2059 εὑρεῖν
854 1975 948 2040 ἴασιν·
979 1977 1178 2039 ἀτοπώτατον
1202 1977 1262 2060 γάρ
1285 1974 1348 2062 ἦν’)

232 2077 270 2150 ἐξ
289 2077 361 2153 ἑνός
382 2076 433 2141 καί
459 2081 512 2142 τοῦ
534 2077 629 2142 αὐτοῦ
654 2076 784 2161 βαθμοῦ
815 2079 870 2154 τὰς
902 2079 1030 2165 θηλείας
1060 2084 1121 2152 τοῖς
1150 2079 1260 2165 ἀμρεσι
1287 2101 1349 2141 ων,-

233 2180 401 2266 τμέχουσας
429 2176 536 2243 καὶού
557 2179 653 2264 μόνον
674 2181 730 2266 τὴν
753 2182 883 2266 φυσικὴν
910 2179 1043 2270 ἐχούσας
1063 2180 1256 2263 συγγένειαν,
1278 2181 1349 2244 ἀλλὰ

229 2283 279 2347 καὶ
302 2283 355 2370 την
378 2280 572 2366 adgnationa
598 2281 827 2358 ἀποσιυζοόσας
852 2283 896 2369 μὴ
926 2283 1004 2346 κατὰ
1027 2285 1078 2346 τὸν
1109 2285 1217 2368 όμοιον
1240 2284 1348 2370 τρόπον

233 2390 296 2462 τοῖς
317 2385 429 2470 ἄρρεσι
451 2383 653 2477 διαδέμσθαι
676 2383 752 2446 ἀλλὰ
772 2390 870 2465 μόνας
893 2383 1032 2469 ἀδελφὰς
1047 2385 1225 2473 εδςυείίοῷ
1244 2387 1347 2470 δικαίῳ

181 2501 215 2551 20
232 2487 280 2550 ἐπί
303 2489 354 2550 τόν
378 2489 431 2550 τοῦ
453 2487 697 2572 τελευτήσαντος
724 2485 950 2570 παραγίνεσθαι
979 2489 1099 2574 κλῆρον.
1151 2487 1270 2563 τούτοις
1297 2487 1347 2550 οὖν

231 2588 366 2674 κινηθείς
388 2590 406 2650 ό
429 2589 590 2663 θειότατος
611 2591 698 2674 ημῶν
719 2589 869 2671 βασιλεὺς
890 2595 955 2666 τοῖς
976 2592 1131 2672 λογισμοῖς
1159 2595 1194 2655 τὸ
1225 2594 1350 2680 ἀρχαῖον

232 2693 439 2756 ἀνεκαλέσατο
466 2691 601 2770 δίκαιον,
634 2693 703 2774 τδθ)
734 2693 795 2756 ἀπὸ
820 2695 877 2755 τοῦ
906 2691 1144 2758 διοδεκαδέλτου
1177 2697 1269 2780 φημὶ,
1303 2695 1349 2756 καλ

232 2793 325 2880 οἰκείᾳ
350 2795 488 2869 διατάξει
516 2796 553 2858 τὰ
584 2795 622 2868 ἐξ
648 2796 873 2878 ἀρρενογονίας
902 2799 1118 2881 συναπτόμενα
1146 2801 1193 2883 τῷ
1216 2798 1348 2882 τελευτὴ·

233 2921 318 2962 σοντι
340 2896 496 2982 πρόσωπα
517 2897 579 2962 εἴτε
601 2897 722 2982 ἀρρενα
745 2897 806 2962 εἴτε
827 2899 967 2986 θηλειαῖ)
992 2899 1050 2986 ἴσῳ
1074 2901 1212 2987 τρόπῳθ)
1234 2903 1279 2976 εἰς
1301 2901 1348 2983 τὴν

180 2999 393 3082 2510gitiman
416 3001 575 3065 ἐκέλευσεν
597 3001 635 3075 ἐξ
655 3000 822 3066 ἀδιαθέτου
846 3002 1005 3068 καλεῖσθαι
1021 3003 1179 3092 διαδοχὴν,
1204 3010 1258 3092 τῆς
1280 3025 1349 3086 προ·

232 3106 385 3192 τιρησεως
407 3104 561 3192 πανταχοῦ
585 3101 639 3169 τοῦ
659 3104 822 3186 βαθμοῡέ)
851 3106 1049 3194 σωζομένης·
1071 3108 1125 3172 τόν
1147 3108 1210 3191 γάο
1233 3104 1350 3188 ἐγγότε·

229 3207 331 3296 ρονῆ
360 3210 415 3294 τὴν
441 3208 611 3293 ἐγγυτέραν
643 3211 695 3271 τοῦ
725 3207 863 3271 ἐπέκεινα
893 3209 1102 3292 προτιμᾶσθαι
1127 3210 1276 3292 βούλεται
1307 3199 1350 3268 καὶ

229 3313 273 3398 μὴ
296 3311 347 3376 διά
368 3315 459 3375 τοῦτο
482 3309 628 3375 ἐλάττονα
636 3310 675 3390 ¹⁰)
705 3309 799 3383 αότάς
830 3309 925 3398 ἔχειν,
953 3311 1060 3398 ἐπειδὴ
1087 3313 1216 3396 βαθμὸν
1245 3308 1349 3394 ὺπερέ·

194 3457 199 3474 .
230 3416 333 3502 βησαν
354 3413 576 3501 όμαιμότητος·
600 3413 671 3476 ἀλλ’
694 3412 750 3474 ἐάν
773 3435 817 3490 τις
848 3413 1015 3502 τελευτήσῃ
1042 3413 1099 3480 δύο
1123 3417 1280 3496 συγγενεῖς
1300 3434 1349 3474 κα-

179 3537 216 3590 30
232 3520 365 3584 ταλιπῶν
388 3515 442 3582 τοῦ
463 3517 558 3580 αὐτοῦ
580 3515 719 3598 βαθμοῦ,
743 3514 787 3580 ὢν
809 3517 827 3579 ό
852 3515 910 3600 μὲν
933 3515 1035 3602 ἄρρην
1062 3518 1082 3603 η
1111 3515 1148 3579 δέ
1170 3516 1274 3597 eatan)
1296 3513 1349 3598 θη-

232 3621 314 3699 λεία,
344 3622 409 3705 ἅμα
438 3620 728 3707 παραγινέσθωσαν.
737 3619 776 3702 ¹¹)
820 3621 912 3701 λόγου
938 3621 1031 3706 χάριν
1059 3619 1141 3684 ἐστίν
1173 3623 1237 3695 υίδς
1265 3617 1349 3680 θείαν

301 3889 586 3954 ¹)1alius.L¹.L¹.
688 3888 712 3957 ²)
730 3888 757 3943 d.
777 3887 817 3943 vi.
836 3887 868 3944 R.
970 3890 992 3954 ⁸)
1010 3888 1235 3958 ἐπαγγειλάμενοι
1254 3888 1294 3940 vi.
1316 3885 1347 3938 R.

230 3980 255 4042 ⁴)
272 3979 433 4050 διακατοχὴν
454 3977 486 4032 V.
588 3979 611 4044 ⁵)
629 3974 700 4029 εἶναι
719 3974 762 4028 vi.
779 3972 812 4029 R
914 3975 938 4040 θ)
955 3975 998 4026 καλ
1016 3974 1057 4030 vi.
1171 3975 1194 4042 ²)
1211 3973 1296 4044 θήλεα
1315 3970 1349 4023 R.

231 4063 255 4129 ὓ)
271 4060 424 4132 ἐσοτρόπως
443 4063 493 4119 11⁶.
544 4064 569 4132 ⁹)
586 4066 635 4116 τοῦ
651 4062 681 4127 β.
699 4075 779 4114 καντ.
797 4059 845 4116 Μ.
915 4063 949 4128 ¹⁰)
968 4060 1080 4114 λλαττον
1099 4060 1148 4114 λοῦ.
1218 4061 1252 4126 ¹¹)
1263 4058 1287 4112 d.
1300 4055 1349 4108 12⁶.

228 4149 267 4218 1δ)
285 4147 340 4202 ολον
359 4149 408 4204 ina.
428 4149 469 4204 vi.
488 4149 520 4204 R
