2884 4728
526 374 767 438 -385—

101 551 237 618 turbuam
260 569 326 614 rom
349 568 502 632 quaerere
525 549 659 614 testibus
675 548 894 632 praesentibus
917 549 1078 613 uolentem
1101 549 1203 633 probi·
1237 610 1240 617 .

101 675 200 742 buerit.
235 680 401 759 praeterea
411 675 533 740 inuenit
543 680 672 759 praetor
682 673 1034 739 furtinonexhibiti
1049 674 1204 740 actionem

100 800 244 866 aduersus
272 819 343 864 eum
371 800 426 881 qui
449 799 599 864 furtiuam
622 819 688 864 rem
712 799 796 882 apud
820 817 855 864 se
879 798 1057 880 quaesitam
1082 804 1114 863 et
1133 818 1204 863 con-

98 931 212 1008 ceptam
227 943 290 988 non
311 945 424 1008 passus
441 924 481 989 sit
497 924 538 988 ab
555 943 592 988 eo
609 924 662 1004 qui
679 924 859 1006 conceperit
881 923 1011 987 auferri.
1045 923 1104 988 has
1128 943 1204 987 uero

99 1050 243 1130 actiones,
270 1049 352 1113 idest
374 1049 532 1143 concepti,
563 1049 675 1129 oblati,
704 1047 867 1132 prohibiti,
898 1069 961 1112 non
988 1047 1119 1112 exhibiti
1141 1066 1204 1110 non
1242 1061 1257 1114 5

96 1179 174 1240 recte
186 1173 334 1238 dicuntur
345 1193 464 1256 genera
476 1193 546 1238 esse
558 1173 722 1253 furtorum,
740 1193 810 1237 cum
826 1173 949 1256 species
962 1173 1024 1236 sint
1036 1172 1205 1252 actionum,

96 1318 181 1381 quae,
205 1298 290 1362 furto
313 1297 377 1361 iam
400 1297 552 1380 admisso,
577 1298 682 1362 locum
704 1297 835 1362 habent:
864 1297 973 1377 itaque
997 1302 1029 1361 et
1051 1297 1206 1361 aduersus

96 1443 174 1502 eum,
201 1421 257 1503 qui
279 1422 348 1504 ipse
376 1422 427 1485 fur
449 1439 513 1486 non
540 1423 595 1504 sit,
624 1421 779 1486 interdum
807 1425 994 1505 competunt.
1040 1440 1104 1484 non
1131 1420 1206 1485 licet

94 1547 186 1628 igitur
215 1545 309 1610 hodie
337 1565 393 1610 eas
426 1546 567 1611 actiones
599 1545 791 1629 principales
824 1545 995 1629 appellare.
1050 1545 1205 1610 eiusmodi

95 1690 165 1735 uero
180 1670 334 1752 actiones,
351 1691 430 1752 quas
448 1670 583 1735 diximus
599 1671 765 1754 speciebus
775 1671 927 1734 furtorum
941 1669 1124 1750 adhaerere,
1141 1689 1205 1734 non
1224 1681 1259 1734 10

92 1801 221 1878 possunt
235 1794 330 1859 hodie
353 1796 386 1858 in
406 1795 535 1860 ciuitate
552 1801 584 1860 et
606 1815 666 1860 usu
682 1795 831 1878 conspici.
866 1815 936 1859 eum
961 1795 1043 1859 enim
1067 1794 1204 1858 furtiuae

91 1919 134 1984 rei
155 1918 321 2000 requisitio
346 1919 517 1984 secundum
533 1925 673 1984 ueterem
689 1919 941 1984 obseruationem
963 1938 1026 1983 uon
1042 1918 1203 2002 procedat,

91 2043 170 2108 idest
203 2043 339 2108 testibus
366 2043 602 2126 praesentibus,
636 2044 748 2107 merito
781 2063 821 2108 ex
855 2043 1082 2124 consequentia
1109 2043 1204 2107 etiam

90 2167 255 2249 praefatae
286 2167 426 2231 actiones
454 2168 494 2231 ab
522 2185 582 2232 usu
605 2168 761 2232 communi
787 2173 994 2233 recesserunt.
1048 2166 1204 2250 explorati

89 2291 170 2355 euim
202 2291 282 2356 iuris
313 2297 361 2356 est
388 2291 575 2373 quicumque
611 2291 713 2356 sciens
747 2311 812 2356 rem
847 2292 995 2356 furtinam
1028 2310 1099 2356 esse
1134 2311 1203 2355 eam
1224 2302 1257 2355 15

89 2415 265 2499 susceperit
281 2420 313 2480 et
329 2415 494 2498 celauerit,
508 2436 578 2480 eum
590 2413 665 2480 furti
681 2436 739 2481 neo
756 2415 916 2481 manifesti
934 2436 1004 2480 esse
1025 2415 1202 2480 obnoxium.

56 2544 115 2606 cb.
138 2539 252 2604 Poena
274 2539 433 2605 manifesti
455 2539 532 2604 furti
555 2541 722 2623 quadrupli
745 2546 807 2623 est,
835 2560 893 2605 nee
917 2541 1077 2604 manifesti
1100 2539 1201 2623 dupli3

54 2663 153 2730 asine
178 2665 272 2746 liber,
295 2665 364 2730 siue
387 2685 499 2730 seruos
521 2665 572 2729 fur
594 2667 643 2730 sit
689 2669 718 2733 6.
741 2665 903 2730 Furtiuum
927 2685 990 2730 nou
1020 2673 1067 2729 est
1090 2665 1202 2745 solum,

85 2789 170 2870 quod
194 2795 293 2854 noctu
315 2793 371 2853 aut
392 2788 529 2854 interdiu
552 2789 633 2855 olam
649 2790 831 2874 subripitur,
855 2796 903 2854 set
919 2809 1136 2871 quaecumque
1151 2808 1203 2853 res

83 2914 213 2978 mobilis
238 2914 343 2978 aliena
358 2913 457 2978 inuito
475 2914 600 2979 domino
616 2914 832 2978 fraudulenter
847 2919 1049 2978 contrectata.
1084 2921 1116 2978 et
1130 2914 1202 2978 ideo
1222 2924 1256 2976 20

82 3037 151 3103 siue
165 3037 316 3120 creditor,
333 3038 401 3102 siue
413 3039 449 3120 is,
465 3039 550 3121 apud
563 3058 655 3120 quem
667 3057 718 3102 res
731 3038 950 3104 commendata
962 3044 1020 3121 est,
1036 3039 1203 3122 pignerata

82 3166 138 3225 aut
163 3161 313 3248 deposita
335 3183 370 3227 re
393 3167 508 3244 utatur,
532 3162 600 3227 siue
623 3163 660 3244 is,
685 3163 828 3244 quirem
852 3163 1000 3228 utendam
1024 3164 1148 3246 accepit
1170 3164 1202 3228 in

81 3287 182 3351 alium
199 3307 294 3352 usum
310 3308 380 3352 eam
396 3288 575 3368 transferat,
600 3307 694 3368 quam
711 3287 799 3351 cuius
815 3288 920 3370 gratia
936 3288 1068 3370 accepit,
1084 3288 1202 3352 furtum

79 3411 111 3474 in
140 3431 184 3476 ea
223 3411 400 3494 committit,
433 3411 533 3476 ueluti
560 3412 588 3476 si
622 3413 693 3492 quis
721 3432 741 3475 a
766 3432 816 3475 me
852 3417 1018 3494 argentum
1053 3411 1200 3476 utendum

80 3536 249 3620 acceperit
272 3537 363 3620 quasi
386 3536 505 3601 amicos
529 3537 569 3600 ad
593 3557 703 3601 cenam
726 3537 923 3617 innitaturus,
950 3536 989 3600 ed
1011 3535 1044 3600 id
1067 3555 1200 3619 peregre
1220 3545 1253 3598 25

77 3679 192 3725 seeum
219 3661 339 3741 tulerit,
367 3681 430 3726 non
454 3681 494 3726 ea
515 3667 621 3725 tamen
643 3667 747 3726 mente
770 3666 805 3724 ut
828 3661 1019 3744 subriperet,
1043 3659 1201 3724 tenebitur
