2932 4704
546 357 777 421 -123-

107 546 174 609 bum
196 543 328 624 praedia
349 543 549 626 appellantur
570 543 630 609 etsi
651 542 685 607 iu
707 541 784 610 nilla
805 548 887 608 sunt
916 547 949 609 et
969 557 1122 622 quaenam
1144 547 1220 610 snut

106 663 267 729 seruitutes
288 661 488 744 praediorum
511 659 725 727 urbanorum?
745 662 778 726 in
800 679 837 728 eo
859 659 1045 740 consistunt,
1068 665 1221 726 utonem

104 781 188 848 nicini
213 783 387 847 sustineam
410 786 442 844 et
467 785 543 845 snnt
569 780 645 846 hae:
672 779 798 846 domum
826 778 996 856 habebam
1022 777 1160 844 habebas
1189 783 1222 846 et

105 905 134 963 tn
153 901 282 966 domum
303 905 491 986 proximam
513 903 590 987 petii
611 923 631 969 a
652 907 685 970 te
707 908 743 969 nt
764 903 873 971 liceret
895 903 972 968 milri
994 902 1084 985 tigne
1105 920 1174 970 mea
1189 901 1221 966 in

106 1025 181 1084 tunm
219 1019 388 1088 immittere
421 1023 587 1105 parietem,
627 1021 678 1088 uel
707 1021 865 1088 stillicidis
902 1020 955 1087 nel
994 1019 1109 1088 fiumen
1145 1023 1221 1090 teeti
1254 1024 1272 1075 ⁶

105 1139 209 1203 melin
241 1145 313 1205 tuus
342 1140 436 1206 aedes
465 1138 517 1205 uel
543 1156 649 1206 aream
676 1147 868 1206 sonuertsre
919 1140 971 1207 uel
1001 1147 1037 1206 tu
1067 1140 1221 1206 eiusmodi

104 1256 147 1319 ins
164 1257 196 1320 in
222 1274 292 1322 mea
319 1255 458 1324 habebas
487 1255 642 1323 aedificis:
675 1257 751 1339 petii
784 1276 805 1321 a
837 1261 869 1324 ts
900 1275 940 1322 ne
973 1257 1159 1324 immitteres
1189 1259 1221 1324 in

104 1375 187 1440 aedes
213 1391 301 1440 meas
322 1376 374 1440 nel
403 1377 436 1442 in
464 1394 571 1442 aream
601 1393 701 1442 meam
728 1373 924 1442 stillicidium
952 1375 1003 1442 nel
1030 1373 1145 1442 flumen
1173 1377 1220 1442 tui

104 1495 186 1573 tectl3
212 1499 268 1560 snt
289 1495 368 1578 petii
396 1501 469 1561 ate
490 1501 528 1561 ut
556 1495 633 1560 mihi
659 1495 692 1561 id
720 1495 799 1560 iuris
821 1495 1017 1572 concederes,
1047 1514 1087 1562 ne
1113 1495 1223 1562 liceret

104 1611 156 1678 ubi
176 1613 273 1680 aedes
295 1619 367 1679 tuus
389 1614 482 1680 altius
504 1613 615 1681 tollere
637 1621 669 1682 et
691 1615 737 1681 itu
758 1616 927 1683 luminibus
942 1613 1067 1681 aedium
1082 1619 1274 1682 mearnm1⁰

70 1740 88 1788 2.
104 1731 231 1800 officere.
288 1734 318 1797 2.
352 1732 389 1798 ln
421 1736 628 1802 seruitutibns
654 1737 853 1819 praediorum
876 1737 1063 1802 rusticorum
1086 1735 1224 1817 (oportet

106 1851 179 1916 enim
202 1852 245 1918 ad
269 1853 394 1919 easdem
418 1853 557 1936 regredi)
580 1861 666 1920 recte
687 1859 802 1935 putant
815 1853 943 1936 quidam
959 1869 1059 1934 aquae
1073 1853 1222 1919 haustum

107 1973 282 2052 computari,
306 1979 342 2037 nt
364 1971 438 2036 mihi
461 1971 555 2040 liceat
576 1973 608 2038 in
631 1991 741 2052 agrum
764 1979 854 2038 tuum
877 1973 986 2038 uenire
1013 1978 1045 2036 et
1066 1990 1103 2036 ex
1126 1969 1223 2048 lenm,

107 2090 155 2173 qni
175 2091 260 2172 apud
284 2097 315 2155 te
337 2097 395 2168 est,
417 2108 532 2172 aquam
554 2091 680 2158 haurire
702 2091 753 2156 nel
767 2109 862 2173 pecus
877 2107 980 2157 meum
1003 2091 1035 2154 in
1050 2094 1106 2154 tuo
1127 2088 1223 2154 frmdo

107 2206 143 2270 ad
162 2225 275 2290 uquam
298 2209 469 2289 appellere,
493 2207 544 2274 nel
565 2227 711 2292 passere,
735 2225 804 2274 cum
827 2209 908 2274 rorte
931 2207 1080 2290 gruminis
1102 2206 1222 2288 cupiam
1242 2205 1275 2257 15

72 2323 230 2405 allabens,
266 2325 317 2392 uel
343 2325 459 2392 calcem
488 2345 623 2410 coquere
652 2325 704 2393 nel
733 2328 884 2392 harenam
910 2323 1026 2391 ludere.
1077 2325 1106 2388 3.
1148 2321 1224 2390 ideo

107 2449 204 2510 autem
226 2444 286 2510 hae
309 2445 480 2513 seruitutes
502 2447 702 2529 praediorum
731 2445 919 2513 nmticorum
947 2463 1004 2510 sen
1033 2443 1224 2509 urbanorum

108 2560 257 2640 dicuntur,
278 2563 356 2647 quia
377 2565 445 2630 siue
467 2563 572 2631 lundis
593 2566 645 2632 uel
668 2565 798 2631 aedibus
820 2565 968 2630 constitui
996 2582 1058 2628 nnn
1081 2567 1224 2644 possunt.

107 2700 190 2747 nemu
213 2683 296 2748 enim
317 2689 422 2765 potest
449 2685 635 2750 seruitutem
665 2684 777 2750 urbani
807 2682 859 2750 uel
884 2683 994 2748 rustici
1022 2681 1144 2763 praedii
1170 2680 1226 2745 ad·

107 2800 241 2880 quirem,
275 2802 335 2866 nisi
361 2801 416 2882 qni
443 2803 539 2868 aedes
568 2802 622 2868 uel
648 2800 781 2868 lundnm
808 2801 933 2868 habeat.
985 2818 1087 2882 neque
1113 2815 1225 2865 rursus
1242 2803 1277 2854 2⁰

106 2917 172 2997 quis
194 2924 297 3000 potest
318 2918 474 3000 quandam
497 2919 610 2984 hurum
632 2919 834 2986 seruitutium
856 2919 985 2998 debere,
1014 2917 1073 2984 nisi
1097 2916 1225 2982 domum

69 3049 90 3098 4.
107 3036 154 3101 nel
182 3037 313 3103 fundum
342 3038 467 3104 habeut.
515 3039 546 3102 4.
582 3037 643 3117 Qui
673 3037 777 3105 uicino
805 3037 883 3103 uelit
911 3037 960 3102 ius
992 3036 1121 3118 aliquod
1155 3053 1226 3102 sun·

107 3156 234 3223 stituere
271 3157 470 3239 paetiomlrus
510 3163 544 3224 et
587 3157 845 3238 stipulationibus
891 3155 923 3222 id
966 3155 1072 3222 lacere
1111 3160 1225 3236 potest

106 3279 195 3352 pacto
227 3276 306 3340 enim
337 3275 419 3342 laeta
455 3275 494 3341 de
520 3274 676 3342 seruitute
704 3273 941 3352 constituenda,
974 3275 1002 3338 is
1032 3273 1085 3340 sni
1114 3291 1152 3339 aa
1179 3291 1226 3340 se

107 3392 208 3458 denda
234 3399 283 3459 est
316 3395 362 3460 itu
388 3394 576 3477 stipulatur:
609 3395 830 3478 spondesue
862 3411 1010 3462 cessam
1044 3395 1279 3460 seruire-as

106 3517 181 3576 tem
215 3511 403 3580 seruare?
434 3515 496 3580 sin
526 3519 658 3582 autem
687 3515 834 3591 minus,
875 3513 1100 3596 spondesne
1137 3512 1227 3577 dare
