2926 4708
555 355 594 371 -
642 320 789 385 207-

91 505 172 572 actio
195 506 227 570 in
249 523 425 589 personam,
448 524 529 587 quae
551 525 595 572 ex
617 512 860 574 testamento
884 509 1055 576 dicebatur.
1091 509 1215 576 sinendi

90 626 180 692 modo
202 624 341 706 legatum
361 627 407 692 ita
421 604 669 706 relinquebatur:
693 628 855 694 damnus
878 634 965 694 esto
988 627 1103 693 heres
1124 627 1216 694 huic

91 744 222 810 sinere
243 744 345 810 hauc
367 763 448 810 rem
470 744 546 810 sibi
569 764 725 827 capere.
758 745 884 812 atinde
906 746 1050 812 similiter
1071 747 1154 813 actio
1178 765 1216 814 ex

90 869 276 931 testamento
307 864 450 930 dabatur.
497 867 726 948 praeceptionis
749 866 848 932 uerba
870 867 961 933 haec:
989 866 1215 949 partiarius

91 981 158 1048 ille
182 983 301 1050 heres
323 983 423 1051 hanc
451 1003 532 1050 rem
559 985 796 1068 praecipito.
845 986 953 1067 itaque
983 1005 1045 1051 non
1072 991 1158 1052 recta
1185 986 1215 1050 ei
1250 1004 1294 1055 o.

90 1103 139 1184 qui
160 1103 335 1184 partiarius
358 1104 448 1170 heres
471 1121 532 1172 non
554 1106 597 1168 sit
618 1105 756 1186 legatum
778 1122 835 1186 per
856 1104 1107 1186 praeceptionem
1123 1103 1215 1170 rolin·

91 1223 224 1303 quimus.
275 1205 349 1288 nam
379 1223 475 1288 uerbo
508 1224 788 1307 »praecipitor
819 1223 903 1290 idest
934 1224 1215 1306 »praecipuum

91 1342 263 1406 sumito«
288 1341 366 1407 satis
387 1343 564 1408 ostenditur
586 1349 709 1425 partem
731 1344 888 1427 quandam
918 1341 1216 1426 praecedere'here-

91 1461 212 1534 ditatis,
228 1461 360 1543 perinde
375 1479 412 1527 ac
422 1461 449 1526 si
461 1461 531 1543 quis
546 1461 675 1528 dixerit:
691 1468 817 1544 praeter
830 1460 915 1528 illam
930 1467 1062 1544 purtem,
1077 1479 1171 1544 queam
1186 1461 1216 1526 ei

92 1579 212 1662 reliqui,
237 1581 269 1645 id
292 1598 417 1662 quoque
439 1599 511 1645 eum
534 1583 737 1663 praecipuum
764 1581 824 1647 sibi
852 1599 976 1647 sumere
1000 1581 1080 1648 uolo.
1129 1586 1267 1664 pete-10

95 1700 185 1766 hatur
208 1705 315 1766 autem
337 1699 515 1766 huiusmodi
538 1701 676 1783 legatum
699 1719 755 1783 per
777 1699 916 1766 familiae
944 1699 1146 1766 erciscundae
1168 1699 1215 1764 iu·

94 1818 217 1883 dicium.
254 1825 305 1883 set
325 1819 403 1883 haec
424 1819 549 1901 quddam
573 1819 661 1898 olim;
687 1821 895 1885 recentiorum
910 1825 1016 1885 autem
1038 1819 1214 1902 principum

94 1939 331 2004 constitutiones
353 1938 522 2004 uerborum
545 1937 788 2005 sollemnitatem
804 1937 1010 2016 sustulerunt,
1033 1939 1148 2020 quibus
1162 1955 1214 2019 ge-

95 2074 150 2123 nns
171 2057 272 2139 legati
294 2055 538 2138 significabatur.
584 2058 700 2139 prodiit
729 2075 854 2138 quoquo
876 2057 1080 2124 sacratissimi
1103 2055 1214 2137 princi·

95 2177 140 2256 pis
160 2178 263 2243 nostri
286 2177 478 2255 constitutio,
501 2195 594 2259 quam
618 2178 725 2244 multis
747 2177 863 2260 uigiliis
885 2177 1069 2258 composuit,
1092 2194 1129 2241 eo
1151 2180 1214 2240 stu·
1237 2195 1268 2245 ro

98 2297 171 2363 dens
194 2303 232 2363 nt
252 2296 404 2364 firmiores
427 2298 659 2381 ualidioresque
674 2296 819 2364 redderet
834 2297 1050 2364 defunctorum
1073 2295 1217 2360 nolunta-

96 2422 164 2494 tcs,
199 2436 264 2500 qua
296 2417 469 2500 disposuit,
504 2426 540 2484 ut
579 2419 759 2484 noluntates
793 2436 854 2482 non
887 2417 985 2483 uerba
1018 2415 1217 2480 morientium

97 2543 286 2618 spectentur,
308 2543 341 2602 ct
362 2538 506 2604 omnibus
528 2539 702 2618 legatorum
730 2539 897 2620 generibus
924 2555 987 2602 nna
1017 2536 1058 2600 sit
1086 2539 1216 2610 natura;

96 2663 191 2739 atquo
223 2656 472 2740 quibuscumque
504 2656 610 2723 uerbis
643 2654 763 2739 aliquid
796 2656 837 2719 sit
875 2653 1036 2732 relictum,
1073 2653 1105 2717 id
1132 2651 1217 2732 lega·

97 2775 184 2840 tariis
206 2777 353 2859 persequi
375 2776 476 2852 liceat,
498 2777 567 2842 siue
589 2795 647 2858 per
668 2776 821 2842 actionem
844 2775 874 2839 in
897 2791 1062 2855 personam
1092 2773 1161 2839 siue
1183 2773 1215 2837 in
1234 2801 1268 2853 20

94 2911 158 2958 rem
181 2896 249 2960 sine
271 2895 533 2978 hypothecariam.
563 2894 655 2977 plura
677 2913 803 2977 quoque
824 2893 887 2959 alia
908 2892 1000 2958 utilia
1021 2892 1131 2958 eadem
1154 2897 1217 2957 tra·
1264 2959 1269 2966 ,

95 3013 212 3079 duntur
235 3014 475 3094 constitutione3
497 3015 819 3094 perfectissimumque
842 3012 909 3078 eius
931 3013 1028 3078 robur
1043 3012 1082 3077 iis
1097 3011 1217 3077 discere

59 3132 218 3212 slicebit,
245 3135 297 3216 qui
320 3151 387 3198 eam
415 3133 557 3216 legerint.
606 3133 636 3196 3.
670 3136 836 3212 ltneque
862 3133 1025 3214 hucusque
1054 3131 1218 3194 dumtaxat

96 3269 132 3318 ea
154 3253 337 3318 constitutio
360 3253 463 3332 stetit,
492 3260 541 3319 set
568 3260 601 3320 et
630 3254 730 3319 maius
760 3253 835 3332 quid
865 3250 997 3316 addidit.
1042 3248 1217 3316 cumcuim

96 3371 220 3438 uideret
240 3371 343 3453 legata
365 3374 396 3437 in
418 3390 534 3454 magna
555 3372 633 3437 iuris
656 3371 831 3454 suptilitate
854 3371 984 3448 uersari,
1008 3371 1039 3434 in
1062 3366 1217 3433 fideicom·
1234 3389 1268 3440 25

96 3493 201 3558 missis
232 3510 308 3559 uero
340 3492 535 3573 potissimum
570 3491 732 3558 testatoris
765 3487 907 3573 optinere
940 3488 1151 3565 uoluntatem,
1185 3492 1218 3552 et
1264 3485 1267 3492 '
