2960 4704
101 563 231 640 uitatem,
259 561 411 644 quaedam
439 561 582 639 indulsit,
609 561 708 629 ueluti
736 582 776 629 ne
803 564 842 628 ad
865 563 1033 646 uectigalia
1053 561 1204 627 soluenda

102 690 255 760 teneretur,
278 681 420 764 aliusque
442 693 552 764 postea
574 684 640 765 pari
667 683 833 750 ueletiam
862 685 972 751 maiori
1001 683 1142 751 benificia
1163 685 1204 750 ci·

101 805 214 868 uatem
237 801 396 880 adfecerit,
420 822 481 867 uon
501 803 617 884 poterit
630 803 680 869 hic
695 823 732 867 er
748 801 801 868 illa
815 805 884 888 lega
898 803 1012 870 similia
1033 805 1091 870 sibi
1113 823 1203 887 prae·

99 925 221 1001 tendere,
245 941 316 988 cum
345 922 394 988 lex
420 942 585 1004 personam
614 925 769 1006 respiciat.
813 925 859 990 ita
881 925 908 990 si
930 923 981 990 cui
1003 943 1134 1006 poeuam
1157 925 1202 990 in-

100 1043 204 1108 terdum
226 1043 311 1108 iusto
333 1044 481 1108 maiorem
508 1045 714 1126 irrogaverit,
738 1045 789 1112 uel
811 1047 838 1110 si
861 1045 943 1110 haud
967 1063 1039 1111 raro
1061 1046 1201 1128 peccanti
1235 1041 1255 1092 ⁵

99 1161 259 1242 pepercerit
279 1181 341 1228 uon
362 1163 403 1228 ad
419 1163 620 1228 imitationem
637 1165 667 1228 id
683 1165 884 1243 constituens,
907 1183 998 1230 nemo
1019 1182 1125 1231 eorum
1148 1165 1202 1246 qui

98 1281 212 1361 posthac
234 1285 268 1348 iu
290 1285 405 1350 crimen
420 1285 545 1366 aliquod
567 1283 735 1349 inciderint
755 1283 850 1349 simili
872 1284 996 1350 fruetur
1009 1283 1203 1366 indulgentia

97 1411 142 1466 aut
161 1403 242 1468 iusto
265 1405 392 1485 grauius
415 1403 578 1485 plectetur.
622 1403 705 1468 ultra
728 1407 810 1468 euim
841 1423 910 1478 eos,
939 1407 992 1483 qui
1020 1404 1058 1470 iis
1087 1403 1201 1470 adlecti

97 1529 171 1601 suut,
192 1525 270 1589 haec
292 1543 352 1589 uon
382 1524 597 1590 extendentur.
628 1522 807 1603 personales
840 1523 937 1606 igitur
965 1523 1201 1588 constitutiones

97 1660 230 1722 personas
254 1663 370 1722 eorum,
393 1663 450 1726 pro
472 1645 587 1726 quibus
609 1651 683 1710 scrut
704 1645 807 1726 posita
829 1664 890 1710 uon
912 1644 1130 1724 egrediuntur;
1151 1663 1200 1726 ge·
1222 1643 1259 1692 ¹0

66 1763 83 1814 l·
98 1761 203 1828 uerales
224 1773 331 1830 autem
352 1765 385 1830 iu
408 1783 514 1830 omues
537 1784 588 1830 res
608 1773 703 1846 atque
729 1783 878 1846 personas
908 1765 1127 1830 extenduntur.
1172 1767 1200 1828 7.

97 1883 135 1947 ile
153 1895 303 1966 quattuor
329 1883 588 1966 legumlatoribus
614 1885 710 1951 locuti
740 1903 865 1961 sumus,
895 1885 1008 1966 populo
1034 1882 1125 1966 plebe
1153 1903 1201 1950 se·

97 2009 160 2068 natu
180 2005 329 2086 principe.
378 2008 486 2086 quinto
515 2005 583 2073 loco
610 2005 681 2071 iura
710 2007 903 2071 constituunt
931 2004 1014 2086 apud
1045 2004 1200 2068 Romanos

96 2125 294 2206 magistratus.
344 2127 450 2210 piures
471 2134 546 2220 sunt
567 2127 597 2191 hi
621 2135 652 2191 et
675 2125 808 2191 diuersi:
832 2125 969 2212 generali
993 2125 1115 2188 nomine
1137 2141 1200 2187 om-

95 2263 140 2309 ues
160 2247 362 2329 magistratus
384 2246 490 2329 populi
512 2246 632 2312 romani
656 2253 816 2312 uocantur.
855 2247 923 2308 iura
945 2251 1049 2307 autem
1073 2243 1103 2306 hi
1127 2260 1195 2306 cou·
1215 2252 1252 2304 la*

94 2365 254 2430 stituebaut
274 2385 337 2432 nou
358 2385 415 2448 per
437 2367 602 2450 epistulam
617 2385 673 2432 uec
688 2384 745 2448 per
760 2367 929 2438 decretum,
951 2373 1000 2428 set
1019 2381 1086 2445 per
1100 2363 1198 2428 edic·

93 2489 170 2548 tum.
212 2505 366 2568 quaenam
388 2495 493 2556 autem
516 2496 564 2552 est
586 2489 667 2552 ratio
689 2505 744 2554 cur
765 2457 963 2567 princeps'et
984 2502 1041 2565 per
1064 2484 1197 2548 decre·

94 2611 158 2667 tum
190 2611 222 2671 et
249 2625 308 2688 per
335 2609 502 2672 edictum
531 2609 600 2672 iura
627 2606 756 2682 condat,
789 2607 991 2686 magistratus
1025 2618 1100 2667 uero
1132 2620 1198 2683 per

93 2723 250 2790 edictum
273 2727 509 2793 tautummodo?
535 2727 607 2792 hinc
635 2727 716 2791 ratio
747 2731 804 2791 est.
857 2725 910 2804 qui
937 2722 1011 2789 olim
1039 2741 1196 2788 romanam

91 2843 287 2910 condiderunt
308 2845 468 2911 duitaoem
499 2864 628 2926 eamque
656 2853 739 2911 reete
766 2843 933 2928 gubernari
964 2844 1132 2909 uoluerunt
1154 2843 1197 2906 ui·
1216 2847 1254 2898 20

90 2959 126 3024 hil
146 2962 175 3026 iu
196 2963 320 3044 iegibus
342 2964 526 3046 relinquere,
548 2965 631 3046 quod
655 2962 838 3046 reprehendi
860 2971 975 3046 posset,
999 2962 1196 3028 studuerunt.

89 3082 163 3160 quod
183 3085 325 3148 adsecuti
347 3091 430 3162 suut,
452 3101 523 3149 cum
544 3085 674 3166 principi
697 3101 753 3164 per
780 3084 938 3149 decretum
969 3089 1001 3148 et
1028 3100 1087 3164 per
1116 3080 1198 3145 edic·

89 3209 145 3265 tum
167 3201 239 3266 iura
262 3203 395 3268 condere
416 3203 629 3283 permiserint,
651 3200 887 3284 magistratibus
914 3207 1020 3266 autem
1051 3218 1112 3265 non
1142 3198 1199 3262 ita.
