2920 4750
554 405 786 468 -490-

78 582 154 645 auti
178 580 293 645 dictum
318 589 379 660 est,
409 579 677 644 condemnabitur.
727 583 754 646 7.
778 578 870 656 Quod
894 601 913 643 a
936 579 1039 644 iudice
1062 579 1094 642 in
1118 579 1223 658 aliquo

110 706 216 769 horum
242 706 426 770 iudiciorum
451 705 661 769 adiudicatum
681 710 739 784 est,
764 704 885 769 scilicet
907 704 1082 768 familiae
1106 704 1222 768 ercis·

109 829 270 911 eundae,
309 831 490 894 communi
526 829 749 911 diuidundo,
787 829 916 894 linium
954 828 1223 911 regundorum,

109 955 214 1018 statim
231 955 263 1019 in
280 955 347 1018 eius
371 954 541 1018 dominium
564 955 688 1030 transit,
712 954 761 1019 oui
778 953 991 1019 adiudicatum
1010 961 1065 1018 est.
1103 960 1226 1038 oportet

107 1081 206 1162 igitur
221 1080 301 1143 huno
319 1098 442 1161 quoque
460 1078 645 1159 adquirendi
667 1080 792 1144 modum
813 1099 878 1164 per
902 1079 1224 1144 adiudicationem
1263 1093 1277 1142 o

107 1205 141 1268 in
165 1223 271 1268 eorum
294 1224 455 1268 numerum
482 1203 602 1285 referri,
631 1224 687 1287 per
708 1224 787 1286 quos
807 1205 874 1268 iure
895 1223 946 1269 res
967 1204 1110 1286 singulae
1134 1204 1225 1268 nubis

107 1328 323 1410 adquiruntur.

367 2007 416 2070 De
440 2007 575 2090 publicis
599 2006 733 2072 iudiciis.
778 2007 902 2071 Titulus
929 2009 977 2073 18.

200 2167 370 2230 Plurimum
406 2187 501 2230 curae
535 2167 660 2230 luerunt
694 2167 818 2250 legibus
853 2167 970 2232 iudicia
1004 2167 1140 2251 publica.
1189 2187 1228 2231 ea

104 2312 213 2372 neque
228 2312 287 2374 per
302 2291 478 2355 ordinarias
493 2291 634 2356 actiones
651 2297 845 2374 exercentur,
864 2311 922 2355 nec
939 2291 1109 2372 quidquam
1126 2291 1228 2356 simile

104 2418 140 2480 in
171 2417 285 2482 ceteris
312 2415 436 2480 iudiciis
465 2415 658 2499 exponendis
686 2416 870 2480 inuenimus.
917 2435 1033 2498 magna
1063 2422 1111 2480 est
1145 2416 1227 2479 enim
1250 2425 1282 2476 10

103 2561 219 2604 eorum
243 2539 420 2620 diuersitas,
444 2547 508 2602 tam
532 2539 564 2603 in
587 2539 626 2604 iis
650 2539 848 2605 instituendis
872 2559 966 2620 quarn
982 2539 1015 2603 in
1035 2539 1228 2604 exercendis.

103 2685 203 2730 nemo
220 2664 315 2748 igitur
331 2663 455 2748 publico
473 2664 587 2728 iudicio
605 2684 704 2747 agens
721 2664 825 2729 dicere
837 2672 955 2747 potest:
970 2664 1060 2728 ‘hanc
1073 2664 1228 2728 actionem

101 2789 260 2869 intendo',
285 2795 333 2853 set
355 2788 461 2853 dicere
485 2789 589 2872 potius
613 2789 721 2854 debet:
747 2793 796 2853 ‘ex
812 2789 871 2853 hac
888 2790 959 2872 lege
980 2809 1068 2852 reum
1084 2788 1229 2873 postulo'.

101 2915 160 2979 hic
192 2920 223 2979 et
249 2921 405 2978 tormenta
440 2912 583 2978 adhibita
610 2891 811 2978 inueniuntur
837 2919 868 2977 et
896 2913 988 2977 modo
1017 2915 1101 2976 bona
1128 2913 1229 2997 publi-

101 3045 231 3119 cantur,
254 3039 347 3102 modo
373 3039 485 3103 ciuitas
510 3039 669 3119 amittitur,
695 3047 725 3102 et
748 3038 842 3102 modo
866 3038 1054 3117 libertatem,
1079 3037 1173 3101 modo
1197 3044 1229 3101 et
1250 3048 1281 3100 lo

100 3167 175 3229 iam
219 3164 315 3227 uitam
359 3163 439 3246 eripi
478 3162 638 3245 contingit.
715 3181 797 3242 quae
837 3163 942 3226 omnia
980 3182 1000 3225 a
1038 3161 1228 3245 pecuniariis

60 3303 86 3355 1.
99 3288 238 3353 iudiciis
270 3287 377 3352 aliena
405 3295 484 3352 sunt.
553 3291 579 3353 1.
602 3288 764 3352 Publica
797 3293 900 3352 autem
930 3287 1013 3350 diota
1041 3293 1125 3367 sunt,
1155 3287 1229 3368 quia

99 3413 214 3478 cuiuis
243 3431 260 3476 e
289 3412 404 3496 populo
440 3412 623 3496 plerumque
657 3431 696 3476 ea
731 3411 924 3492 exsequendi
958 3411 1094 3475 facultas
1128 3411 1229 3475 datur.

99 3538 371 3623 »plerumque«
411 3536 483 3601 ideo
519 3536 598 3618 dixi,
646 3536 721 3618 quia
762 3544 834 3603 sunt
872 3535 1027 3617 quaedam
1064 3555 1230 3619 personae,

98 3662 228 3744 quibus
277 3661 403 3745 publico
446 3660 561 3725 iudicio
618 3661 779 3744 postulare
825 3681 888 3726 non
937 3665 986 3725 est
1034 3660 1229 3744 permissum.
1249 3669 1283 3719 20

98 3789 192 3851 haec
245 3805 320 3850 uero
370 3785 402 3848 in
454 3785 566 3849 latiore
615 3785 810 3868 publicorum
857 3785 1056 3850 iudiciorum·
1087 3783 1230 3848 doctrina
