<?xml version="1.0" encoding="UTF-8"?>
<!DOCTYPE html PUBLIC "-//W3C//DTD XHTML 1.0 Transitional//EN"
    "http://www.w3.org/TR/xhtml1/DTD/xhtml1-transitional.dtd">
<html xmlns="http://www.w3.org/1999/xhtml" xml:lang="en" lang="en">
 <head>
  <title>
</title>
<meta http-equiv="Content-Type" content="text/html;charset=utf-8" />
  <meta name='ocr-system' content='tesseract 3.04.00' />
  <meta name='ocr-capabilities' content='ocr_page ocr_carea ocr_par ocr_line ocrx_word'/>
</head>
<body>
  <div class='ocr_page' id='page_1' title='image "./institutionumgr02linggoog_0782.png"; bbox 0 0 2884 4728; ppageno 0'>
   <div class='ocr_carea' id='block_1_1' title="bbox 526 373 767 434">
    <p class='ocr_par' dir='ltr' id='par_1_1' title="bbox 526 373 767 434">
     <span class='ocr_line' id='line_1_1' title="bbox 526 373 767 434; baseline 0 0"><span class='ocrx_word' id='word_1_1' title='bbox 526 373 767 434; x_wconf 80' lang='lat'><strong>-374-</strong></span> 
     </span>
    </p>
   </div>
   <div class='ocr_carea' id='block_1_2' title="bbox 89 545 1262 2498">
    <p class='ocr_par' dir='ltr' id='par_1_2' title="bbox 89 545 1262 2498">
     <span class='ocr_line' id='line_1_2' title="bbox 89 545 1206 630; baseline -0.001 -19"><span class='ocrx_word' id='word_1_2' title='bbox 89 546 125 630; x_wconf 80' lang='lat' dir='ltr'>ei,</span> <span class='ocrx_word' id='word_1_3' title='bbox 148 545 205 627; x_wconf 87' lang='lat' dir='ltr'>qui</span> <span class='ocrx_word' id='word_1_4' title='bbox 220 566 277 630; x_wconf 89' lang='lat' dir='ltr'>per</span> <span class='ocrx_word' id='word_1_5' title='bbox 293 565 432 610; x_wconf 86' lang='lat' dir='ltr'>errorem</span> <span class='ocrx_word' id='word_1_6' title='bbox 448 546 553 628; x_wconf 84' lang='lat' dir='ltr'>soluit,</span> <span class='ocrx_word' id='word_1_7' title='bbox 578 545 672 610; x_wconf 85' lang='lat' dir='ltr'>datur</span> <span class='ocrx_word' id='word_1_8' title='bbox 686 546 850 630; x_wconf 86' lang='lat' dir='ltr'>repetendi</span> <span class='ocrx_word' id='word_1_9' title='bbox 866 546 1010 611; x_wconf 79' lang='lat' dir='ltr'>taoultas.</span> <span class='ocrx_word' id='word_1_10' title='bbox 1045 551 1206 629; x_wconf 75' lang='lat' dir='ltr'>receptum</span> 
     </span>
     <span class='ocr_line' id='line_1_3' title="bbox 91 670 1206 754; baseline -0.001 -19"><span class='ocrx_word' id='word_1_11' title='bbox 91 679 135 736; x_wconf 86' lang='lat' dir='ltr'>est</span> <span class='ocrx_word' id='word_1_12' title='bbox 158 671 243 736; x_wconf 90' lang='lat' dir='ltr'>enim</span> <span class='ocrx_word' id='word_1_13' title='bbox 268 670 352 754; x_wconf 89' lang='lat' dir='ltr'>apud</span> <span class='ocrx_word' id='word_1_14' title='bbox 375 677 515 753; x_wconf 76' lang='lat' dir='ltr'>ueteres,</span> <span class='ocrx_word' id='word_1_15' title='bbox 540 691 580 735; x_wconf 85' lang='lat' dir='ltr'>ex</span> <span class='ocrx_word' id='word_1_16' title='bbox 604 671 718 753; x_wconf 90' lang='lat' dir='ltr'>quibus</span> <span class='ocrx_word' id='word_1_17' title='bbox 742 671 847 736; x_wconf 78' lang='lat' dir='ltr'>causis</span> <span class='ocrx_word' id='word_1_18' title='bbox 876 670 1038 736; x_wconf 89' lang='lat' dir='ltr'>infitiando</span> <span class='ocrx_word' id='word_1_19' title='bbox 1067 670 1206 736; x_wconf 89' lang='lat' dir='ltr'>debiturn</span> 
     </span>
     <span class='ocr_line' id='line_1_4' title="bbox 91 793 1206 879; baseline 0.001 -21"><span class='ocrx_word' id='word_1_20' title='bbox 91 795 245 878; x_wconf 79' lang='lat' dir='ltr'>dupletur,</span> <span class='ocrx_word' id='word_1_21' title='bbox 271 815 311 859; x_wconf 88' lang='lat' dir='ltr'>ex</span> <span class='ocrx_word' id='word_1_22' title='bbox 333 795 382 859; x_wconf 91' lang='lat' dir='ltr'>his</span> <span class='ocrx_word' id='word_1_23' title='bbox 399 794 504 860; x_wconf 89' lang='lat' dir='ltr'>oausis</span> <span class='ocrx_word' id='word_1_24' title='bbox 520 815 583 859; x_wconf 94' lang='lat' dir='ltr'>non</span> <span class='ocrx_word' id='word_1_25' title='bbox 600 793 739 860; x_wconf 88' lang='lat' dir='ltr'>debitum</span> <span class='ocrx_word' id='word_1_26' title='bbox 756 795 892 860; x_wconf 89' lang='lat' dir='ltr'>solutum</span> <span class='ocrx_word' id='word_1_27' title='bbox 909 795 1011 879; x_wconf 87' lang='lat' dir='ltr'>repeti</span> <span class='ocrx_word' id='word_1_28' title='bbox 1026 815 1088 860; x_wconf 95' lang='lat' dir='ltr'>non</span> <span class='ocrx_word' id='word_1_29' title='bbox 1104 813 1206 878; x_wconf 87' lang='lat' dir='ltr'>posse,</span> 
     </span>
     <span class='ocr_line' id='line_1_5' title="bbox 91 918 1206 1002; baseline 0 -20"><span class='ocrx_word' id='word_1_30' title='bbox 91 919 187 984; x_wconf 89' lang='lat' dir='ltr'>ueluti</span> <span class='ocrx_word' id='word_1_31' title='bbox 211 939 251 984; x_wconf 88' lang='lat' dir='ltr'>ex</span> <span class='ocrx_word' id='word_1_32' title='bbox 279 920 350 1001; x_wconf 86' lang='lat' dir='ltr'>lege</span> <span class='ocrx_word' id='word_1_33' title='bbox 374 920 510 1001; x_wconf 88' lang='lat' dir='ltr'>Aquilia.</span> <span class='ocrx_word' id='word_1_34' title='bbox 557 919 584 984; x_wconf 90' lang='lat' dir='ltr'>si</span> <span class='ocrx_word' id='word_1_35' title='bbox 614 920 696 984; x_wconf 89' lang='lat' dir='ltr'>enim</span> <span class='ocrx_word' id='word_1_36' title='bbox 725 920 795 1002; x_wconf 90' lang='lat' dir='ltr'>quis</span> <span class='ocrx_word' id='word_1_37' title='bbox 822 919 899 983; x_wconf 89' lang='lat' dir='ltr'>mihi</span> <span class='ocrx_word' id='word_1_38' title='bbox 926 920 1029 984; x_wconf 86' lang='lat' dir='ltr'>sciens</span> <span class='ocrx_word' id='word_1_39' title='bbox 1059 918 1206 983; x_wconf 90' lang='lat' dir='ltr'>damnum</span> 
     </span>
     <span class='ocr_line' id='line_1_6' title="bbox 90 1043 1259 1127; baseline 0.003 -21"><span class='ocrx_word' id='word_1_40' title='bbox 90 1043 221 1124; x_wconf 83' lang='lat' dir='ltr'>adferat,</span> <span class='ocrx_word' id='word_1_41' title='bbox 256 1063 327 1108; x_wconf 83' lang='lat' dir='ltr'>oum</span> <span class='ocrx_word' id='word_1_42' title='bbox 351 1064 388 1108; x_wconf 88' lang='lat' dir='ltr'>eo</span> <span class='ocrx_word' id='word_1_43' title='bbox 417 1064 457 1108; x_wconf 86' lang='lat' dir='ltr'>ex</span> <span class='ocrx_word' id='word_1_44' title='bbox 485 1045 556 1127; x_wconf 82' lang='lat' dir='ltr'>lege</span> <span class='ocrx_word' id='word_1_45' title='bbox 584 1045 713 1126; x_wconf 88' lang='lat' dir='ltr'>Aquilia</span> <span class='ocrx_word' id='word_1_46' title='bbox 735 1044 839 1109; x_wconf 89' lang='lat' dir='ltr'>habeo</span> <span class='ocrx_word' id='word_1_47' title='bbox 864 1045 1034 1110; x_wconf 80' lang='lat' dir='ltr'><strong>actionem:</strong></span> <span class='ocrx_word' id='word_1_48' title='bbox 1071 1043 1207 1127; x_wconf 90' lang='lat' dir='ltr'>quodsi</span> <span class='ocrx_word' id='word_1_49' title='bbox 1245 1059 1259 1109; x_wconf 80' lang='lat'>5</span> 
     </span>
     <span class='ocr_line' id='line_1_7' title="bbox 89 1168 1207 1251; baseline 0.001 -19"><span class='ocrx_word' id='word_1_50' title='bbox 89 1169 156 1248; x_wconf 90' lang='lat' dir='ltr'>quis</span> <span class='ocrx_word' id='word_1_51' title='bbox 183 1176 367 1251; x_wconf 82' lang='lat' dir='ltr'>oonuentus,</span> <span class='ocrx_word' id='word_1_52' title='bbox 392 1175 426 1233; x_wconf 91' lang='lat' dir='ltr'>ut</span> <span class='ocrx_word' id='word_1_53' title='bbox 441 1169 517 1233; x_wconf 91' lang='lat' dir='ltr'>mihi</span> <span class='ocrx_word' id='word_1_54' title='bbox 534 1169 682 1233; x_wconf 92' lang='lat' dir='ltr'>damnum</span> <span class='ocrx_word' id='word_1_55' title='bbox 698 1169 828 1250; x_wconf 77' lang='lat' dir='ltr'>reficiat,</span> <span class='ocrx_word' id='word_1_56' title='bbox 854 1189 888 1233; x_wconf 88' lang='lat' dir='ltr'>se</span> <span class='ocrx_word' id='word_1_57' title='bbox 905 1169 1077 1249; x_wconf 84' lang='lat' dir='ltr'>quidquam</span> <span class='ocrx_word' id='word_1_58' title='bbox 1090 1168 1207 1233; x_wconf 83' lang='lat' dir='ltr'>debera</span> 
     </span>
     <span class='ocr_line' id='line_1_8' title="bbox 90 1292 1206 1378; baseline 0 -22"><span class='ocrx_word' id='word_1_59' title='bbox 90 1293 253 1374; x_wconf 87' lang='lat' dir='ltr'>infitietur,</span> <span class='ocrx_word' id='word_1_60' title='bbox 278 1292 392 1358; x_wconf 91' lang='lat' dir='ltr'>deinde</span> <span class='ocrx_word' id='word_1_61' title='bbox 416 1293 636 1374; x_wconf 87' lang='lat' dir='ltr'>eonuinoatur‚</span> <span class='ocrx_word' id='word_1_62' title='bbox 660 1293 791 1378; x_wconf 86' lang='lat' dir='ltr'>duplum</span> <span class='ocrx_word' id='word_1_63' title='bbox 814 1293 918 1358; x_wconf 90' lang='lat' dir='ltr'>soluit.</span> <span class='ocrx_word' id='word_1_64' title='bbox 965 1293 992 1357; x_wconf 90' lang='lat' dir='ltr'>si</span> <span class='ocrx_word' id='word_1_65' title='bbox 1021 1293 1091 1374; x_wconf 85' lang='lat' dir='ltr'>quis</span> <span class='ocrx_word' id='word_1_66' title='bbox 1119 1311 1206 1374; x_wconf 83' lang='lat' dir='ltr'>ergo,</span> 
     </span>
     <span class='ocr_line' id='line_1_9' title="bbox 90 1417 1206 1500; baseline 0 -19"><span class='ocrx_word' id='word_1_67' title='bbox 90 1417 141 1498; x_wconf 93' lang='lat' dir='ltr'>qui</span> <span class='ocrx_word' id='word_1_68' title='bbox 164 1418 286 1481; x_wconf 91' lang='lat' dir='ltr'>nullum</span> <span class='ocrx_word' id='word_1_69' title='bbox 311 1418 458 1482; x_wconf 89' lang='lat' dir='ltr'>damnum</span> <span class='ocrx_word' id='word_1_70' title='bbox 483 1417 657 1500; x_wconf 84' lang='lat' dir='ltr'>adtulisset,</span> <span class='ocrx_word' id='word_1_71' title='bbox 682 1419 764 1482; x_wconf 88' lang='lat' dir='ltr'>falso</span> <span class='ocrx_word' id='word_1_72' title='bbox 789 1418 959 1482; x_wconf 81' lang='lat' dir='ltr'>arbitratus</span> <span class='ocrx_word' id='word_1_73' title='bbox 975 1418 1008 1482; x_wconf 93' lang='lat' dir='ltr'>id</span> <span class='ocrx_word' id='word_1_74' title='bbox 1031 1437 1066 1482; x_wconf 87' lang='lat' dir='ltr'>se</span> <span class='ocrx_word' id='word_1_75' title='bbox 1082 1417 1206 1498; x_wconf 76' lang='lat' dir='ltr'>fecisse,</span> 
     </span>
     <span class='ocr_line' id='line_1_10' title="bbox 89 1541 1207 1626; baseline 0.001 -21"><span class='ocrx_word' id='word_1_76' title='bbox 89 1541 262 1606; x_wconf 89' lang='lat' dir='ltr'>indebitum</span> <span class='ocrx_word' id='word_1_77' title='bbox 284 1542 396 1626; x_wconf 85' lang='lat' dir='ltr'>soluat,</span> <span class='ocrx_word' id='word_1_78' title='bbox 424 1542 531 1606; x_wconf 91' lang='lat' dir='ltr'>datum</span> <span class='ocrx_word' id='word_1_79' title='bbox 552 1564 614 1608; x_wconf 91' lang='lat' dir='ltr'>non</span> <span class='ocrx_word' id='word_1_80' title='bbox 641 1543 763 1626; x_wconf 89' lang='lat' dir='ltr'>repetit.</span> <span class='ocrx_word' id='word_1_81' title='bbox 795 1543 879 1608; x_wconf 91' lang='lat' dir='ltr'>idem</span> <span class='ocrx_word' id='word_1_82' title='bbox 908 1542 1055 1608; x_wconf 89' lang='lat' dir='ltr'>dioebant</span> <span class='ocrx_word' id='word_1_83' title='bbox 1083 1549 1207 1608; x_wconf 87' lang='lat' dir='ltr'>ueteres</span> 
     </span>
     <span class='ocr_line' id='line_1_11' title="bbox 89 1667 1262 1750; baseline -0.002 -18"><span class='ocrx_word' id='word_1_84' title='bbox 89 1667 120 1732; x_wconf 91' lang='lat' dir='ltr'>in</span> <span class='ocrx_word' id='word_1_85' title='bbox 156 1667 207 1731; x_wconf 89' lang='lat' dir='ltr'>his</span> <span class='ocrx_word' id='word_1_86' title='bbox 252 1687 378 1750; x_wconf 91' lang='lat' dir='ltr'>quoque</span> <span class='ocrx_word' id='word_1_87' title='bbox 422 1668 537 1750; x_wconf 84' lang='lat' dir='ltr'>legatis</span> <span class='ocrx_word' id='word_1_88' title='bbox 580 1667 684 1732; x_wconf 84' lang='lat' dir='ltr'>locum</span> <span class='ocrx_word' id='word_1_89' title='bbox 724 1668 856 1750; x_wconf 85' lang='lat' dir='ltr'>habere,</span> <span class='ocrx_word' id='word_1_90' title='bbox 900 1687 982 1748; x_wconf 89' lang='lat' dir='ltr'>quae</span> <span class='ocrx_word' id='word_1_91' title='bbox 1026 1674 1113 1732; x_wconf 86' lang='lat' dir='ltr'>oerta</span> <span class='ocrx_word' id='word_1_92' title='bbox 1150 1687 1208 1750; x_wconf 89' lang='lat' dir='ltr'>per</span> <span class='ocrx_word' id='word_1_93' title='bbox 1230 1681 1262 1731; x_wconf 89' lang='lat'>10</span> 
     </span>
     <span class='ocr_line' id='line_1_12' title="bbox 89 1792 1207 1874; baseline -0.001 -18"><span class='ocrx_word' id='word_1_94' title='bbox 89 1792 322 1857; x_wconf 86' lang='lat' dir='ltr'>damnationem</span> <span class='ocrx_word' id='word_1_95' title='bbox 357 1793 543 1874; x_wconf 78' lang='lat' dir='ltr'>cuicumque</span> <span class='ocrx_word' id='word_1_96' title='bbox 581 1792 715 1857; x_wconf 88' lang='lat' dir='ltr'>fuissent</span> <span class='ocrx_word' id='word_1_97' title='bbox 753 1792 872 1858; x_wconf 74' lang='lat' dir='ltr'>relicta</span> <span class='ocrx_word' id='word_1_98' title='bbox 924 1798 1066 1857; x_wconf 87' lang='lat' dir='ltr'>certum</span> <span class='ocrx_word' id='word_1_99' title='bbox 1102 1798 1207 1856; x_wconf 88' lang='lat' dir='ltr'>autem</span> 
     </span>
     <span class='ocr_line' id='line_1_13' title="bbox 89 1916 1207 2000; baseline 0 -20"><span class='ocrx_word' id='word_1_100' title='bbox 89 1917 227 2000; x_wconf 83' lang='lat' dir='ltr'>legatum</span> <span class='ocrx_word' id='word_1_101' title='bbox 257 1923 319 1998; x_wconf 85' lang='lat' dir='ltr'>est,</span> <span class='ocrx_word' id='word_1_102' title='bbox 353 1918 380 1982; x_wconf 92' lang='lat' dir='ltr'>si</span> <span class='ocrx_word' id='word_1_103' title='bbox 416 1917 536 1982; x_wconf 77' lang='lat' dir='ltr'>dicam:</span> <span class='ocrx_word' id='word_1_104' title='bbox 573 1917 718 1981; x_wconf 85' lang='lat' dir='ltr'>‘damno</span> <span class='ocrx_word' id='word_1_105' title='bbox 748 1924 802 1998; x_wconf 90' lang='lat' dir='ltr'>te,</span> <span class='ocrx_word' id='word_1_106' title='bbox 831 1917 955 1997; x_wconf 86' lang='lat' dir='ltr'>heres,</span> <span class='ocrx_word' id='word_1_107' title='bbox 987 1916 1048 1980; x_wconf 94' lang='lat' dir='ltr'>illi</span> <span class='ocrx_word' id='word_1_108' title='bbox 1076 1923 1115 1982; x_wconf 90' lang='lat' dir='ltr'>ut</span> <span class='ocrx_word' id='word_1_109' title='bbox 1143 1916 1207 1980; x_wconf 88' lang='lat' dir='ltr'>des</span> 
     </span>
     <span class='ocr_line' id='line_1_14' title="bbox 90 2041 1208 2122; baseline -0.001 -17"><span class='ocrx_word' id='word_1_110' title='bbox 90 2061 225 2106; x_wconf 87' lang='lat' dir='ltr'>aureos</span> <span class='ocrx_word' id='word_1_111' title='bbox 250 2044 416 2106; x_wconf 86' lang='lat' dir='ltr'>eentum’.</span> <span class='ocrx_word' id='word_1_112' title='bbox 455 2063 527 2106; x_wconf 90' lang='lat' dir='ltr'>nam</span> <span class='ocrx_word' id='word_1_113' title='bbox 552 2043 579 2106; x_wconf 88' lang='lat' dir='ltr'>si</span> <span class='ocrx_word' id='word_1_114' title='bbox 603 2042 720 2106; x_wconf 86' lang='lat' dir='ltr'>dieam:</span> <span class='ocrx_word' id='word_1_115' title='bbox 746 2042 888 2106; x_wconf 78' lang='lat' dir='ltr'>‘damno</span> <span class='ocrx_word' id='word_1_116' title='bbox 912 2047 950 2106; x_wconf 86' lang='lat' dir='ltr'>te</span> <span class='ocrx_word' id='word_1_117' title='bbox 966 2048 1005 2105; x_wconf 92' lang='lat' dir='ltr'>ut</span> <span class='ocrx_word' id='word_1_118' title='bbox 1028 2041 1093 2106; x_wconf 87' lang='lat' dir='ltr'>des</span> <span class='ocrx_word' id='word_1_119' title='bbox 1111 2060 1208 2122; x_wconf 89' lang='lat' dir='ltr'>quae</span> 
     </span>
     <span class='ocr_line' id='line_1_15' title="bbox 90 2165 1207 2250; baseline -0.001 -21"><span class='ocrx_word' id='word_1_120' title='bbox 90 2165 125 2229; x_wconf 95' lang='lat' dir='ltr'>in</span> <span class='ocrx_word' id='word_1_121' title='bbox 148 2185 238 2230; x_wconf 87' lang='lat' dir='ltr'>aroa</span> <span class='ocrx_word' id='word_1_122' title='bbox 261 2169 366 2250; x_wconf 84' lang='lat' dir='ltr'>sunt’,</span> <span class='ocrx_word' id='word_1_123' title='bbox 396 2186 466 2230; x_wconf 89' lang='lat' dir='ltr'>oum</span> <span class='ocrx_word' id='word_1_124' title='bbox 494 2185 557 2230; x_wconf 90' lang='lat' dir='ltr'>non</span> <span class='ocrx_word' id='word_1_125' title='bbox 586 2165 626 2230; x_wconf 90' lang='lat' dir='ltr'>sit</span> <span class='ocrx_word' id='word_1_126' title='bbox 655 2165 824 2230; x_wconf 85' lang='lat' dir='ltr'>manifesta</span> <span class='ocrx_word' id='word_1_127' title='bbox 852 2166 1026 2246; x_wconf 74' lang='lat' dir='ltr'>quantitaS,</span> <span class='ocrx_word' id='word_1_128' title='bbox 1055 2166 1207 2230; x_wconf 78' lang='lat' dir='ltr'>incertum</span> 
     </span>
     <span class='ocr_line' id='line_1_16' title="bbox 90 2289 1260 2374; baseline 0 -21"><span class='ocrx_word' id='word_1_129' title='bbox 90 2291 228 2372; x_wconf 84' lang='lat' dir='ltr'>legatum</span> <span class='ocrx_word' id='word_1_130' title='bbox 266 2297 321 2354; x_wconf 92' lang='lat' dir='ltr'>est.</span> <span class='ocrx_word' id='word_1_131' title='bbox 366 2289 400 2354; x_wconf 91' lang='lat' dir='ltr'>in</span> <span class='ocrx_word' id='word_1_132' title='bbox 434 2291 482 2355; x_wconf 92' lang='lat' dir='ltr'>his</span> <span class='ocrx_word' id='word_1_133' title='bbox 515 2311 607 2374; x_wconf 85' lang='lat' dir='ltr'>ergo,</span> <span class='ocrx_word' id='word_1_134' title='bbox 643 2311 725 2371; x_wconf 89' lang='lat' dir='ltr'>quae</span> <span class='ocrx_word' id='word_1_135' title='bbox 761 2311 818 2374; x_wconf 87' lang='lat' dir='ltr'>per</span> <span class='ocrx_word' id='word_1_136' title='bbox 852 2289 1085 2355; x_wconf 82' lang='lat' dir='ltr'>damnationem</span> <span class='ocrx_word' id='word_1_137' title='bbox 1121 2297 1208 2354; x_wconf 86' lang='lat' dir='ltr'>certa</span> <span class='ocrx_word' id='word_1_138' title='bbox 1229 2302 1260 2353; x_wconf 83' lang='lat'>15</span> 
     </span>
     <span class='ocr_line' id='line_1_17' title="bbox 90 2414 1208 2498; baseline 0 -21"><span class='ocrx_word' id='word_1_139' title='bbox 90 2415 284 2497; x_wconf 86' lang='lat' dir='ltr'>legarentur,</span> <span class='ocrx_word' id='word_1_140' title='bbox 311 2415 403 2480; x_wconf 87' lang='lat' dir='ltr'>heres</span> <span class='ocrx_word' id='word_1_141' title='bbox 427 2415 480 2496; x_wconf 91' lang='lat' dir='ltr'>qui</span> <span class='ocrx_word' id='word_1_142' title='bbox 504 2415 654 2480; x_wconf 89' lang='lat' dir='ltr'>infitiatus</span> <span class='ocrx_word' id='word_1_143' title='bbox 678 2415 790 2480; x_wconf 84' lang='lat' dir='ltr'>fuisset</span> <span class='ocrx_word' id='word_1_144' title='bbox 818 2435 888 2480; x_wconf 89' lang='lat' dir='ltr'>sese</span> <span class='ocrx_word' id='word_1_145' title='bbox 917 2415 1046 2497; x_wconf 84' lang='lat' dir='ltr'>debere,</span> <span class='ocrx_word' id='word_1_146' title='bbox 1079 2414 1208 2498; x_wconf 91' lang='lat' dir='ltr'>duplum</span> 
     </span>
    </p>
   </div>
   <div class='ocr_carea' id='block_1_3' title="bbox 90 2527 1208 2624">
    <p class='ocr_par' dir='ltr' id='par_1_3' title="bbox 90 2527 1208 2624">
     <span class='ocr_line' id='line_1_18' title="bbox 90 2527 1208 2624; baseline -0.001 -21"><span class='ocrx_word' id='word_1_147' title='bbox 90 2539 252 2622; x_wconf 88' lang='lat' dir='ltr'>soluebat;</span> <span class='ocrx_word' id='word_1_148' title='bbox 278 2540 406 2620; x_wconf 83' lang='lat' dir='ltr'>quodsi</span> <span class='ocrx_word' id='word_1_149' title='bbox 423 2527 533 2605; x_wconf 84' lang='lat' dir='ltr'>¹contra</span> <span class='ocrx_word' id='word_1_150' title='bbox 556 2561 619 2604; x_wconf 94' lang='lat' dir='ltr'>non</span> <span class='ocrx_word' id='word_1_151' title='bbox 636 2540 766 2604; x_wconf 86' lang='lat' dir='ltr'>deberet</span> <span class='ocrx_word' id='word_1_152' title='bbox 782 2547 813 2605; x_wconf 89' lang='lat' dir='ltr'>et</span> <span class='ocrx_word' id='word_1_153' title='bbox 828 2560 885 2624; x_wconf 88' lang='lat' dir='ltr'>per</span> <span class='ocrx_word' id='word_1_154' title='bbox 901 2559 1039 2604; x_wconf 87' lang='lat' dir='ltr'>errorem</span> <span class='ocrx_word' id='word_1_155' title='bbox 1058 2545 1208 2621; x_wconf 90' lang='lat' dir='ltr'>tanquam</span> 
     </span>
    </p>
   </div>
   <div class='ocr_carea' id='block_1_4' title="bbox 87 2663 1262 3619">
    <p class='ocr_par' dir='ltr' id='par_1_4' title="bbox 87 2663 1262 3619">
     <span class='ocr_line' id='line_1_19' title="bbox 90 2663 1210 2748; baseline 0.002 -22"><span class='ocrx_word' id='word_1_156' title='bbox 90 2663 208 2730; x_wconf 84' lang='lat' dir='ltr'>debens</span> <span class='ocrx_word' id='word_1_157' title='bbox 232 2665 380 2746; x_wconf 86' lang='lat' dir='ltr'>solueret,</span> <span class='ocrx_word' id='word_1_158' title='bbox 403 2671 547 2748; x_wconf 87' lang='lat' dir='ltr'>repetere</span> <span class='ocrx_word' id='word_1_159' title='bbox 567 2685 630 2730; x_wconf 93' lang='lat' dir='ltr'>non</span> <span class='ocrx_word' id='word_1_160' title='bbox 653 2671 786 2748; x_wconf 88' lang='lat' dir='ltr'>poterat</span> <span class='ocrx_word' id='word_1_161' title='bbox 818 2664 972 2748; x_wconf 87' lang='lat' dir='ltr'>Prinoipis</span> <span class='ocrx_word' id='word_1_162' title='bbox 989 2671 1094 2728; x_wconf 88' lang='lat' dir='ltr'>autem</span> <span class='ocrx_word' id='word_1_163' title='bbox 1111 2665 1210 2730; x_wconf 89' lang='lat' dir='ltr'>nostri</span> 
     </span>
     <span class='ocr_line' id='line_1_20' title="bbox 90 2789 1208 2872; baseline 0.002 -20"><span class='ocrx_word' id='word_1_164' title='bbox 90 2789 286 2871; x_wconf 83' lang='lat' dir='ltr'>eonstitutio,</span> <span class='ocrx_word' id='word_1_165' title='bbox 325 2810 396 2854; x_wconf 86' lang='lat' dir='ltr'>oum</span> <span class='ocrx_word' id='word_1_166' title='bbox 436 2811 529 2854; x_wconf 87' lang='lat' dir='ltr'>unam</span> <span class='ocrx_word' id='word_1_167' title='bbox 564 2797 710 2854; x_wconf 86' lang='lat' dir='ltr'>naturam</span> <span class='ocrx_word' id='word_1_168' title='bbox 744 2790 859 2872; x_wconf 84' lang='lat' dir='ltr'>legatis</span> <span class='ocrx_word' id='word_1_169' title='bbox 894 2795 926 2854; x_wconf 91' lang='lat' dir='ltr'>et</span> <span class='ocrx_word' id='word_1_170' title='bbox 958 2789 1208 2854; x_wconf 73' lang='lat' dir='ltr'>fideicommissis</span> 
     </span>
     <span class='ocr_line' id='line_1_21' title="bbox 90 2911 1262 2998; baseline -0.001 -22"><span class='ocrx_word' id='word_1_171' title='bbox 90 2911 254 2996; x_wconf 82' lang='lat' dir='ltr'>definierit,</span> <span class='ocrx_word' id='word_1_172' title='bbox 272 2913 516 2997; x_wconf 76' lang='lat' dir='ltr'>duplicationem</span> <span class='ocrx_word' id='word_1_173' title='bbox 532 2935 590 2998; x_wconf 88' lang='lat' dir='ltr'>per</span> <span class='ocrx_word' id='word_1_174' title='bbox 604 2915 823 2980; x_wconf 86' lang='lat' dir='ltr'>infitiationem</span> <span class='ocrx_word' id='word_1_175' title='bbox 839 2915 871 2978; x_wconf 95' lang='lat' dir='ltr'>in</span> <span class='ocrx_word' id='word_1_176' title='bbox 886 2914 1001 2997; x_wconf 83' lang='lat' dir='ltr'>legatis</span> <span class='ocrx_word' id='word_1_177' title='bbox 1016 2935 1080 2979; x_wconf 94' lang='lat' dir='ltr'>non</span> <span class='ocrx_word' id='word_1_178' title='bbox 1095 2914 1206 2996; x_wconf 88' lang='lat' dir='ltr'>solum,</span> <span class='ocrx_word' id='word_1_179' title='bbox 1227 2925 1262 2976; x_wconf 79' lang='lat'>20</span> 
     </span>
     <span class='ocr_line' id='line_1_22' title="bbox 89 3037 1209 3122; baseline 0.001 -21"><span class='ocrx_word' id='word_1_180' title='bbox 89 3041 137 3101; x_wconf 81' lang='lat' dir='ltr'>set</span> <span class='ocrx_word' id='word_1_181' title='bbox 160 3037 256 3102; x_wconf 86' lang='lat' dir='ltr'>etiam</span> <span class='ocrx_word' id='word_1_182' title='bbox 280 3039 312 3103; x_wconf 93' lang='lat' dir='ltr'>in</span> <span class='ocrx_word' id='word_1_183' title='bbox 334 3039 564 3120; x_wconf 77' lang='lat' dir='ltr'>fideioomissir,</span> <span class='ocrx_word' id='word_1_184' title='bbox 589 3039 716 3104; x_wconf 87' lang='lat' dir='ltr'>extendi</span> <span class='ocrx_word' id='word_1_185' title='bbox 730 3040 828 3120; x_wconf 88' lang='lat' dir='ltr'>iubet,</span> <span class='ocrx_word' id='word_1_186' title='bbox 854 3047 887 3104; x_wconf 89' lang='lat' dir='ltr'>at</span> <span class='ocrx_word' id='word_1_187' title='bbox 909 3059 971 3103; x_wconf 91' lang='lat' dir='ltr'>nou</span> <span class='ocrx_word' id='word_1_188' title='bbox 987 3059 1044 3122; x_wconf 88' lang='lat' dir='ltr'>pro</span> <span class='ocrx_word' id='word_1_189' title='bbox 1065 3039 1209 3103; x_wconf 90' lang='lat' dir='ltr'>omnibus</span> 
     </span>
     <span class='ocr_line' id='line_1_23' title="bbox 89 3158 1208 3246; baseline 0.004 -24"><span class='ocrx_word' id='word_1_190' title='bbox 89 3158 268 3245; x_wconf 82' lang='lat' dir='ltr'>legatariis3</span> <span class='ocrx_word' id='word_1_191' title='bbox 293 3163 398 3228; x_wconf 87' lang='lat' dir='ltr'>setin</span> <span class='ocrx_word' id='word_1_192' title='bbox 421 3163 470 3228; x_wconf 91' lang='lat' dir='ltr'>his</span> <span class='ocrx_word' id='word_1_193' title='bbox 493 3169 614 3228; x_wconf 88' lang='lat' dir='ltr'>tanturn</span> <span class='ocrx_word' id='word_1_194' title='bbox 637 3163 751 3246; x_wconf 83' lang='lat' dir='ltr'>legatis</span> <span class='ocrx_word' id='word_1_195' title='bbox 779 3169 811 3228; x_wconf 91' lang='lat' dir='ltr'>et</span> <span class='ocrx_word' id='word_1_196' title='bbox 832 3162 1096 3245; x_wconf 84' lang='lat' dir='ltr'>fideicommissis,</span> <span class='ocrx_word' id='word_1_197' title='bbox 1126 3183 1208 3244; x_wconf 87' lang='lat' dir='ltr'>quae</span> 
     </span>
     <span class='ocr_line' id='line_1_24' title="bbox 89 3287 1208 3370; baseline 0.004 -22"><span class='ocrx_word' id='word_1_198' title='bbox 89 3287 295 3352; x_wconf 78' lang='lat' dir='ltr'>sanctissimis</span> <span class='ocrx_word' id='word_1_199' title='bbox 312 3289 455 3353; x_wconf 83' lang='lat' dir='ltr'>ecelesiis</span> <span class='ocrx_word' id='word_1_200' title='bbox 479 3289 656 3370; x_wconf 84' lang='lat' dir='ltr'>ceterisque</span> <span class='ocrx_word' id='word_1_201' title='bbox 679 3288 914 3353; x_wconf 87' lang='lat' dir='ltr'>uenerabilibus</span> <span class='ocrx_word' id='word_1_202' title='bbox 932 3288 1009 3352; x_wconf 86' lang='lat' dir='ltr'>loeis</span> <span class='ocrx_word' id='word_1_203' title='bbox 1028 3287 1208 3369; x_wconf 88' lang='lat' dir='ltr'>relinquun-</span> 
     </span>
     <span class='ocr_line' id='line_1_25' title="bbox 90 3412 1208 3496; baseline 0.001 -22"><span class='ocrx_word' id='word_1_204' title='bbox 90 3415 154 3492; x_wconf 83' lang='lat' dir='ltr'>tur,</span> <span class='ocrx_word' id='word_1_205' title='bbox 179 3431 260 3492; x_wconf 86' lang='lat' dir='ltr'>quae</span> <span class='ocrx_word' id='word_1_206' title='bbox 277 3413 409 3476; x_wconf 77' lang='lat' dir='ltr'>nolimus</span> <span class='ocrx_word' id='word_1_207' title='bbox 424 3412 587 3495; x_wconf 83' lang='lat' dir='ltr'>religionis</span> <span class='ocrx_word' id='word_1_208' title='bbox 608 3413 660 3476; x_wconf 90' lang='lat' dir='ltr'>uel</span> <span class='ocrx_word' id='word_1_209' title='bbox 677 3413 804 3496; x_wconf 85' lang='lat' dir='ltr'>pietatis</span> <span class='ocrx_word' id='word_1_210' title='bbox 822 3412 944 3477; x_wconf 86' lang='lat' dir='ltr'>intuitu.</span> <span class='ocrx_word' id='word_1_211' title='bbox 980 3413 1007 3476; x_wconf 89' lang='lat' dir='ltr'>si</span> <span class='ocrx_word' id='word_1_212' title='bbox 1025 3431 1113 3493; x_wconf 85' lang='lat' dir='ltr'>uero,</span> <span class='ocrx_word' id='word_1_213' title='bbox 1138 3431 1208 3476; x_wconf 88' lang='lat' dir='ltr'>eum</span> 
     </span>
     <span class='ocr_line' id='line_1_26' title="bbox 87 3534 1261 3619; baseline 0.008 -23"><span class='ocrx_word' id='word_1_214' title='bbox 87 3534 209 3598; x_wconf 88' lang='lat' dir='ltr'>nullum</span> <span class='ocrx_word' id='word_1_215' title='bbox 225 3536 266 3600; x_wconf 86' lang='lat' dir='ltr'>sit</span> <span class='ocrx_word' id='word_1_216' title='bbox 277 3537 454 3602; x_wconf 88' lang='lat' dir='ltr'>uenerabili</span> <span class='ocrx_word' id='word_1_217' title='bbox 469 3538 539 3602; x_wconf 82' lang='lat' dir='ltr'>loeo</span> <span class='ocrx_word' id='word_1_218' title='bbox 556 3538 696 3619; x_wconf 82' lang='lat' dir='ltr'>legatum</span> <span class='ocrx_word' id='word_1_219' title='bbox 712 3536 1029 3602; x_wconf 85' lang='lat' dir='ltr'>fideicommissumue</span> <span class='ocrx_word' id='word_1_220' title='bbox 1052 3536 1206 3616; x_wconf 83' lang='lat' dir='ltr'>relietum,</span> <span class='ocrx_word' id='word_1_221' title='bbox 1227 3553 1261 3604; x_wconf 83' lang='lat'>25</span> 
     </span>
    </p>
   </div>
   <div class='ocr_carea' id='block_1_5' title="bbox 0 0 1446 4724">
    <p class='ocr_par' dir='ltr' id='par_1_5' title="bbox 0 0 1446 4724">
     <span class='ocr_line' id='line_1_27' title="bbox 0 0 1446 4724; baseline 0 0"><span class='ocrx_word' id='word_1_222' title='bbox 0 0 1446 4724; x_wconf 95' lang='lat' dir='ltr'> </span> 
     </span>
    </p>
   </div>
  </div>
 </body>
</html>
