2960 4704
576 407 777 450 ...xp-

127 579 240 637 uertere
263 573 386 652 debuit,
414 593 483 638 curn
507 574 683 657 argumenti
714 573 925 658 praestantia,
956 575 1142 640 tumetium
1173 597 1241 658 per·

125 693 291 774 spicuitate,
315 694 496 758 notitiarum
519 695 608 776 oopIa
635 703 667 760 et
689 695 878 776 antiquitate
901 696 1078 776 conspicua.
1123 695 1155 760 In
1179 715 1239 779 qua

126 814 305 878 recensenda
320 815 435 879 Iactum
454 823 511 892 est,
535 825 570 878 ut
585 833 622 880 ea
637 815 807 896 Theophilo
825 817 1023 880 Antecessori
1039 815 1129 881 facile
1144 815 1240 881 tribui

124 943 230 1016 posset,
255 953 348 1016 quem
372 943 405 998 et
418 935 448 998 in
465 933 717 999 Institutionibns
733 935 952 1016 componendis
968 942 1127 999 uersatum
1143 936 1241 1001 fuisse

124 1059 284 1129 constaret,
308 1065 340 1118 et
362 1054 415 1134 qui
438 1055 555 1134 primus
578 1055 610 1118 in
634 1055 795 1122 Prooemio
818 1055 850 1138 (§
873 1053 906 1134 3)
931 1055 1122 1120 laudaretur.
1168 1075 1241 1120 nam

124 1193 158 1236 ne
182 1173 374 1240 Tribuniauo
397 1175 600 1257 Paruphrasis
623 1178 816 1242 tribueretur
837 1178 1006 1242 obstabant
1034 1196 1103 1242 curn
1127 1183 1240 1253 cetere,

123 1301 182 1356 tum
203 1293 321 1370 odium,
344 1312 407 1376 quo
429 1297 511 1374 apud
529 1293 667 1360 Graecos
691 1299 757 1361 eius
781 1297 929 1361 momoria
945 1297 1097 1361 tenaciter
1119 1295 1242 1362 adiecta

123 1421 175 1478 est
219 1423 343 1478 etcum
369 1414 515 1479 Dorothei
545 1415 650 1496 plures
673 1415 725 1481 alii
757 1415 827 1482 iibri
856 1417 1078 1492 innotuissent,
1108 1434 1240 1499 aequum

123 1533 217 1596 uideri
250 1535 355 1614 potuit
381 1533 553 1615 Theophiio
583 1555 645 1600 una
682 1554 751 1602 cnm
781 1535 983 1616 Digestorum
1011 1533 1118 1602 Indico
1147 1533 1242 1600 Para·

120 1653 241 1733 phrasin
267 1651 464 1734 uindicari.¹)
513 1653 630 1737 aliquid
653 1674 713 1720 non
737 1657 828 1736 plane
852 1656 1011 1720 diuersum
1036 1657 1065 1720 in
1090 1655 1241 1720 Nomoca·

122 1790 197 1836 none
218 1771 315 1838 XIIII
338 1775 500 1838 titulorum
524 1776 663 1857 contigit.
714 1775 766 1855 qui
794 1793 864 1839 oum
892 1775 1078 1840 uetustioris
1108 1773 1244 1856 antIqui-

120 1891 189 1956 tatis
212 1893 297 1958 haud
321 1894 434 1972 exigua
457 1911 556 1973 neque
579 1895 712 1959 obseura
736 1895 867 1975 uestigia
890 1893 1091 1976 praeseferat,
1114 1911 1133 1956 a
1155 1911 1244 1974 grae·

121 2012 160 2077 cIs
181 2013 409 2078 recentioribus
431 2011 543 2078 Photio
566 2013 703 2079 tributus
726 2021 788 2092 est,
812 2015 900 2078 ouius
928 2015 958 2077 in
991 2032 1025 2078 re
1047 2012 1242 2094 potissimum

121 2131 333 2197 ecclesiastica
355 2151 465 2198 nornen
488 2133 567 2198 adeo
591 2135 809 2214 peruulgatum
833 2130 943 2213 eret.²)
967 2134 1040 2196 item
1065 2133 1141 2196 iuris
1166 2131 1243 2196 iiber

119 2250 149 2315 in
171 2249 327 2316 Hibernia
349 2251 585 2328 celeberrimus,
606 2251 659 2332 qui
682 2250 965 2316 Senchus·Mor
992 2257 1140 2328 uocatur,
1171 2250 1243 2315 diuo

122 2367 267 2448 Patricio,
292 2369 400 2451 quiin
424 2373 556 2436 maximo
581 2371 697 2437 honore
721 2375 753 2434 et
774 2372 859 2438 cuitu
884 2372 968 2452 apud
992 2389 1044 2436 eas
1060 2380 1168 2452 gentes
1190 2371 1245 2436 ha-

122 2481 263 2571 bebatur‘,
288 2495 425 2558 tributus
441 2493 529 2575 est.⁸)

203 2613 275 2678 Hac
304 2615 400 2696 igitur
428 2617 606 2680 coniectura
636 2633 703 2681 rem
731 2614 821 2682 ieoile
848 2615 987 2697 expediri
1017 2617 1161 2681 arbitror.
1212 2624 1245 2679 et

123 2749 199 2796 nuno
222 2735 438 2815 quaerendum
461 2740 509 2798 est
524 2733 594 2814 quis
610 2735 733 2799 demum
756 2743 866 2799 auctor
887 2733 1117 2816 Puraphraseos
1141 2736 1243 2800 fuerit.

123 2849 192 2915 alibi
215 2853 281 2917 iam
305 2854 382 2916 satIs
406 2853 579 2917 ostendisse
605 2853 724 2920 confido
754 2852 827 2920 huic
855 2853 942 2936 operi
972 2872 1118 2936 graecum
1148 2855 1246 2935 quod·

188 3143 211 3212 1)
236 3141 308 3194 Item
330 3141 424 3211 leges
451 3140 653 3194 saeculares
670 3141 698 3195 in
723 3141 828 3209 syrites
849 3143 1017 3204 recensione,
1042 3141 1159 3210 quaein
1179 3141 1245 3196 libro

121 3227 264 3296 pertuensi
282 3227 444 3288 oontInatur,
462 3227 640 3282 Constantino
652 3225 803 3281 Theodosio
822 3234 850 3280 et
867 3226 954 3280 Leoni
972 3225 1136 3294 tribuuntur,
1154 3227 1201 3295 qni
1219 3228 1246 3281 iu

122 3315 178 3367 eins
195 3311 368 3381 praefatione
387 3311 539 3366 laudantur.

187 3396 450 3466 ²)GI.Pitra1ns
474 3396 685 3452 ecclesiasticum
708 3398 886 3466 Omanorum,
913 3405 933 3453 t.
951 3397 978 3452 11
1002 3398 1109 3466 passim.
1137 3397 1248 3467 Iampri-

121 3486 179 3539 dem
209 3486 338 3542 Biener
369 3484 531 3538 Gesohiohte
560 3484 608 3539 der
636 3483 766 3539 NoreIIen
791 3501 817 3553 p.
836 3488 957 3540 34-38.
992 3487 1091 3553 mse.
1137 3481 1246 3537 Haim-

122 3572 272 3626 bachius.
305 3567 446 3624 Ἀνέιδοτα
464 3577 484 3624 t.
507 3576 528 3633 l,
546 3587 572 3640 p.
590 3569 702 3626 XLVII.

188 3676 213 3746 ⁸)
238 3674 515 3729 Samum-Maius.
555 3659 660 3730 Etudas
683 3690 730 3729 sur
750 3675 880 3730 l’hietoire
904 3673 951 3728 des
970 3671 1140 3727 Institutione
1157 3671 1247 3739 primi-

120 3760 190 3816 tivas
208 3762 279 3817 trad.
298 3761 380 3828 trano.
401 3777 427 3829 p.
445 3765 509 3816 346:
530 3759 565 3814 »it
587 3776 617 3815 se
635 3767 701 3829 pent
723 3763 805 3830 qu’nn
828 3759 909 3816 traith
932 3759 965 3814 de
988 3757 1150 3813 dimensione
1168 3757 1248 3810 Inusi-

122 3849 179 3901 teas
198 3847 347 3901 satiarem
369 3846 525 3915 proportion
552 3846 586 3900 de
609 3861 657 3900 son
680 3845 784 3901 volume
808 3861 859 3914 par
881 3843 1004 3898 l’teole
1029 3844 1065 3899 de
1092 3841 1186 3895 droit
1202 3841 1249 3910 qui

122 3948 155 3987 en
178 3934 250 3988 etait
273 3947 429 4002 possessenr
451 3930 510 3985 halt
532 3947 587 4001 peu
609 3933 625 3986 t
647 3948 700 3999 peu
724 3947 774 4000 par
797 3934 854 3985 atre
878 3929 981 3985 aesone
1001 3930 1018 3984 t
1040 3943 1076 3982 un
1100 3942 1161 3981 nom
1184 3935 1250 3981 tenu

121 4017 282 4074 hnutement
306 4035 338 4073 en
361 4017 483 4073 honneur
506 4032 540 4072 ou
562 4017 750 4072 eminemment
775 4017 850 4070 saort
871 4014 961 4082 (Saint
978 4013 1106 4080 Patriam:
1125 4011 1249 4080 pheno·

123 4105 232 4174 mene,
249 4105 336 4160 dont
353 4103 533 4158 l'hIstoIre
548 4101 729 4172 juridique
748 4102 788 4157 de
807 4101 955 4155 l’OrIent
972 4100 1073 4166 oiire,
1091 4097 1249 4163 croit-on,

124 4190 200 4258 plus
219 4191 298 4246 d’un
316 4190 497 4259 exemplo«.
