2870 4716
525 387 751 453 ..324-

57 574 270 655 apaustaule
325 573 354 637 3.
392 572 589 654 Intemogaui
625 573 759 655 aliquem
795 571 855 639 hoa
890 572 995 638 modo:
1040 571 1192 639 »decem

90 711 226 758 aureos
249 710 401 758 annuos
423 692 552 774 quoad
574 692 698 770 uiuam
721 691 816 758 dara
845 692 1082 774 spondero«
1112 693 1193 757 eius-

89 811 162 876 modi
185 810 348 893 stipulatio
370 817 402 876 et
424 816 472 876 est
493 831 582 893 pura
606 830 676 877 cum
697 811 770 876 inde
784 813 884 893 possit
897 812 991 894 primi
1004 811 1102 894 ipsius
1118 812 1190 877 anni

89 931 183 1012 pensis
207 931 320 1012 repeti:
343 935 376 995 et
398 936 446 996 cst
467 937 620 1013 perpetua
633 949 734 1012 neque
756 931 820 995 ullo
842 931 1014 1012 peremitur
1035 935 1190 1012 tempore:

90 1050 123 1113 ad
143 1057 268 1131 tempus
290 1049 370 1114 enim
401 1049 562 1131 stipulatio
587 1048 654 1116 fieri
675 1050 798 1132 nequit,
828 1050 926 1115 ueluti
953 1051 981 1116 si
1002 1050 1048 1116 ita
1074 1046 1227 1115 dicam:c

89 1168 216 1234 decem
238 1187 376 1234 aureos
399 1167 489 1233 adil
512 1187 632 1234 annos
653 1168 993 1251 usquemihidare
1008 1168 1194 1251 spondes?

89 1287 140 1352 hoc
159 1293 225 1367 est,
255 1293 293 1353 ut
312 1289 339 1353 si
361 1289 445 1354 intra
467 1288 572 1354 decem
595 1307 692 1354 annos
715 1308 734 1353 a
755 1294 787 1354 te
809 1307 862 1354 eos
884 1295 1003 1371 petam,
1031 1307 1106 1354 sane
1128 1287 1193 1353 adi·

89 1407 197 1488 piscar:
225 1408 251 1474 si
273 1427 350 1474 uero
372 1408 554 1474 decennium
573 1408 749 1486 transierit,
777 1425 878 1490 neque
900 1427 919 1473 a
940 1415 972 1474 te
1000 1427 1054 1474 ecs
1076 1413 1191 1491 petam,

89 1527 162 1593 actio
192 1529 402 1610 extinguatur.
446 1529 553 1610 itaque
582 1535 734 1612 perpetua
762 1534 811 1594 est
840 1529 921 1593 actio
950 1548 987 1594 ex
1008 1499 1193 1594 'huiusmodi

89 1646 296 1730 stipulatione:
324 1648 454 1714 decem
480 1666 619 1713 aureos
648 1665 798 1713 annuos
825 1647 956 1730 quoad
977 1647 1108 1712 uiuam
1131 1646 1245 1713 dat-10

89 1766 161 1832 bis?
183 1769 231 1834 sin
247 1773 352 1833 autam
372 1766 540 1849 stipulator
554 1768 716 1844 moriatur,
739 1767 829 1832 heres
844 1786 956 1833 uerum
971 1767 1037 1832 eius
1060 1771 1134 1849 agat
1155 1783 1192 1832 ex

89 1885 250 1968 stipulatu,
282 1905 434 1952 annorum
456 1893 528 1969 post
549 1887 744 1969 stipulatoris
766 1893 899 1952 mortem
921 1887 1098 1976 ¹cellapsorum
1119 1903 1193 1968 pcn-

89 2005 184 2070 sioucs
206 2009 368 2088 repetens,
397 2006 482 2088 pacti
510 2005 689 2087 exceptione
711 2005 972 2084 summouebitur,
1002 2011 1112 2087 utpote
1133 2004 1193 2070 sub

89 2125 141 2190 hac
168 2125 348 2192 madalona
376 2125 459 2192 iacta
487 2127 704 2209 stipulatione:
742 2125 892 2207 »quoad
919 2125 1092 2190 uiuamc:
1115 2123 1192 2190 hacc

56 2256 75 2304 ⁴.
90 2247 165 2311 enim
186 2247 270 2329 pacti
292 2246 464 2329 exceptioni
485 2247 587 2312 locum
610 2245 705 2311 dedit.
750 2249 778 2310 4.
808 2244 874 2310 Sub
892 2215 1075 2311 condicione
1086 2246 1244 2328 ,stipo-,1⁶

89 2365 158 2430 latio
179 2364 215 2430 dt
236 2383 307 2430 cum
329 2365 361 2430 in
383 2366 517 2448 aliquem
544 2385 650 2432 casum
677 2362 825 2446 obligatio
852 2363 1009 2442 differtur,
1036 2365 1083 2430 ita
1109 2369 1145 2428 ut
1166 2363 1192 2429 si

88 2484 158 2565 quid
178 2483 296 2550 iactum
317 2483 413 2550 fuerit
433 2485 485 2550 uel
506 2503 568 2550 non
589 2483 685 2550 fuerit
706 2485 866 2566 stipulatio
889 2484 1112 2550 committatur.
1140 2502 1193 2550 ue—

88 2603 155 2667 luti:
182 2583 409 2686 spondesne
436 2603 531 2669 mihi
562 2603 655 2668 dare
682 2605 857 2687 quinque
882 2621 1040 2680 aureos,
1069 2604 1103 2668 si
1131 2603 1192 2666 Ti·

88 2721 162 2786 tius
183 2722 326 2787 consul
347 2720 447 2786 fiat?
462 2722 527 2788 nel:
550 2722 770 2804 spondesne
790 2722 881 2786 mihi
901 2723 1076 2804 quinque
1098 2721 1192 2788 dare

88 2839 117 2904 si
137 2840 263 2908 Titius
286 2843 419 2908 consul
442 2861 513 2908 non
535 2841 630 2907 liat?
658 2841 743 2923 quod
764 2841 791 2905 si
806 2842 876 2923 quis
891 2841 936 2906 ita
951 2841 1134 2923 stipuletur:
1158 2841 1191 2906 si
1209 2852 1242 2903 ao

89 2959 376 3044 iuCapitolium
398 2981 472 3026 non
495 2961 733 3027 adscendero
756 2962 924 3043 quinque
946 2979 1082 3025 aureos
1105 2959 1192 3025 mihi

89 3078 219 3146 dabis?
240 3059 370 3164 per'inde
384 3083 445 3148 erit
465 3101 501 3146 ac
516 3083 542 3147 si
557 3082 726 3163 stipulatus
748 3080 875 3148 fuerim:
897 3079 1060 3162 spondes
1083 3082 1192 3162 quin-

88 3215 158 3278 que
180 3198 270 3274 mihj
292 3201 401 3274 dare,
431 3220 512 3266 cum
532 3201 703 3266 moriar?
725 3207 800 3265 tunc
822 3200 904 3265 enim
927 3219 996 3266 cum
1019 3201 1190 3266 moriturus

88 3315 186 3398 luero,
214 3325 332 3384 certum
359 3339 428 3386 esse
456 3320 582 3402 incipiet
608 3339 658 3384 me
684 3337 845 3402 nunquam
873 3320 904 3384 in
928 3319 1115 3401 Capitolium
1137 3319 1191 3383 ad·

89 3455 271 3505 scansurum.
308 3458 444 3522 namque
465 3439 683 3523 quodcumque
704 3446 828 3522 tempus
850 3459 900 3506 me
921 3440 996 3504 uiuo
1018 3438 1188 3516 transierit
1206 3449 1239 3501 ao

89 3574 147 3638 quo
168 3558 198 3622 in
219 3557 405 3642 Capitolium
431 3579 493 3625 non
515 3559 745 3640 adscenderim,
773 3579 836 3626 non
858 3557 985 3636 sufficit,
1013 3563 1049 3623 ut
1070 3561 1190 3623 certum
