2898 4712
515 338 747 401 -222-

86 521 258 586 consules
278 519 483 602 designati
511 527 642 604 erunt,
673 525 740 590 dat
768 525 885 592 heres
911 543 1020 591 meus
1048 544 1193 594 aureos

86 639 114 704 (l.
140 639 264 705 incerta
284 640 335 706 hie
356 657 489 722 persona
511 648 575 722 est;
596 660 658 706 non
681 643 763 707 enim
785 641 884 722 liquet
905 645 975 726 quis
995 642 1090 709 lilium
1105 661 1194 709 suam

83 759 109 823 in
128 758 360 824 matrimonium
375 761 536 830 tesmtoris
557 758 622 827 lilio
644 761 852 828 collocaturus
874 763 925 842 sit,
952 780 1009 828 nec
1030 763 1101 846 quis
1122 768 1195 844 post

85 881 296 942 tetamentum
319 877 427 942 consul
450 877 630 959 designatus
654 879 726 944 erit:
756 879 795 944 de
818 899 854 945 eo
877 881 958 946 enim
987 885 1120 948 testator
1147 881 1193 945 in·

84 1003 253 1078 terrogutns
275 996 351 1062 nihil
373 997 450 1064 certi
471 996 585 1064 afferre
606 1005 722 1081 posset.
757 1005 789 1062 et
810 997 916 1080 plures
938 997 1017 1064 olias
1039 999 1192 1064 eiusmodi
1226 1003 1243 1054 5

83 1117 193 1194 species
215 1117 391 1196 excogitare
413 1117 495 1182 licet
540 1124 589 1181 set
616 1117 745 1182 libertas
773 1134 897 1199 quoque
923 1117 1060 1182 incertae
1087 1135 1193 1199 perso·

83 1251 132 1298 nae
152 1233 264 1298 relicta
286 1233 404 1299 inutilis
426 1239 490 1312 est,
512 1234 631 1315 placuit
652 1236 734 1300 enim
755 1233 939 1300 nominatim
961 1253 1072 1300 seruos
1093 1235 1126 1302 iu
1147 1241 1193 1302 te

83 1349 229 1416 elemento
251 1369 320 1418 esse
342 1352 616 1418 manumittendos.
661 1353 720 1418 sub
749 1357 833 1420 certa
857 1353 1124 1418 demonstratione
1147 1353 1193 1418 in-

82 1475 175 1536 certae
199 1487 352 1551 personae
374 1471 479 1535 aalide
500 1471 606 1552 legare
627 1487 765 1551 possum.
810 1469 905 1536 ueluti
934 1472 961 1535 si
985 1470 1102 1536 dicam:
1125 1471 1192 1552 qui

82 1607 119 1652 ex
138 1589 319 1670 cognatis
341 1591 445 1668 meis,
468 1591 534 1672 qui
555 1608 659 1655 nunc
681 1595 791 1667 sunt,
814 1589 941 1654 filiam
963 1607 1081 1655 meam
1098 1608 1190 1654 uxo·
1211 1598 1244 1650 ιο

80 1723 150 1770 rem
172 1707 353 1786 duxerit,
375 1725 395 1772 a
416 1725 496 1772 meo
518 1707 667 1774 herede
688 1707 802 1772 illam
824 1726 902 1774 rem
925 1703 1110 1790 accipiat.
1141 1707 1192 1774 hic

82 1825 154 1889 enim
174 1843 313 1907 persona
334 1832 384 1890 est
403 1826 539 1898 incerta;
563 1826 787 1891 demonstratio
813 1831 934 1904 autem,
964 1825 1046 1890 idest
1066 1825 1191 1890 uniuer-

80 1941 151 2008 aaa
171 1949 259 2008 certa
281 1949 339 2008 est.
384 1943 449 2010 dixi
471 1945 567 2009 enim:
590 1963 636 2008 en
657 1943 845 2024 cognatis
867 1943 977 2020 mais,
999 1941 1068 2021 qui
1088 1959 1191 2006 nunc

80 2065 178 2124 sunt:
200 2061 256 2141 qni
277 2077 426 2127 numerus
447 2065 551 2126 certus
574 2065 631 2125 est
662 2059 696 2125 Si
717 2061 858 2126 incertae
879 2077 1032 2143 personae
1053 2060 1191 2140 legatum

80 2176 238 2259 reliquero,
258 2179 366 2260 procul
388 2179 483 2245 dubio
504 2177 660 2244 inutiliter
679 2177 824 2244 relictum
847 2183 904 2243 ost
937 2178 985 2242 sin
1008 2181 1112 2242 autem
1135 2193 1192 2257 par
1210 2193 1242 2243 15

81 2313 212 2363 errorem
233 2297 324 2364 heres
346 2296 378 2361 id
400 2297 540 2377 soluerit,
562 2303 705 2378 repetere
726 2315 788 2362 non
811 2295 938 2378 poterit
982 2293 1014 2360 io
1041 2295 1123 2360 enim
1146 2293 1192 2359 di·

35 2414 195 2482 tamtum
223 2417 498 2482 constitutionibus
526 2420 666 2483 cauetur.
711 2415 762 2479 26.
797 2414 929 2480 Alienus
958 2417 1123 2495 postumus
1145 2412 1191 2477 in·

78 2537 166 2602 certis
185 2537 328 2618 personis
350 2539 557 2618 comparatur,
579 2539 612 2598 et
632 2534 702 2600 ideo
725 2532 878 2599 inutiliter
899 2532 929 2598 ei
950 2531 1100 2613 legamus.
1137 2528 1191 2594 ille

76 2659 177 2720 antem
197 2654 319 2720 alienus
341 2661 504 2738 postumus
526 2664 673 2735 uocatur,
700 2657 756 2739 qui
782 2662 876 2722 natus
902 2673 979 2722 snos
1008 2656 1099 2722 heroa
1127 2671 1190 2720 non

77 2776 124 2836 est
143 2770 276 2838 futurus.
320 2791 418 2857 quare
439 2793 536 2857 nepos
558 2793 597 2839 ex
618 2776 812 2855 emancipato
834 2772 898 2839 lilio
927 2792 997 2841 meo
1020 2775 1189 2854 conceptus
1206 2787 1241 2840 au

32 2895 171 2972 ttatqne
189 2899 281 2959 natus
303 2897 469 2960 muanens
490 2897 655 2976 postumus
676 2893 754 2958 mihi
776 2892 839 2958 liet.
873 2893 924 2955 27.
948 2892 1004 2958 aet
1024 2891 1101 2958 haec
1123 2891 1189 2973 qui·

75 3010 144 3076 dem
168 3011 252 3092 olim;
273 3011 454 3078 constitutio
474 3017 581 3078 autem
601 3011 751 3095 principis
777 3011 877 3076 noemi
902 3011 933 3076 in
962 3008 1062 3091 ipsius
1084 3008 1190 3077 codice

75 3129 176 3208 posita
196 3136 295 3196 totum
315 3131 365 3196 ins
386 3130 426 3196 ae
447 3130 575 3195 incertis
596 3129 739 3212 personis
762 3130 839 3194 mire
853 3107 1036 3195 emendauit
1056 3145 1118 3192 non
1140 3143 1189 3190 so·

74 3247 137 3312 lum
160 3249 191 3314 ia
211 3247 447 3327 hereditatibus,
470 3255 519 3316 sat
539 3250 571 3314 in
592 3246 705 3330 legatis
727 3265 851 3331 qnoque
872 3253 906 3314 et
926 3243 1185 3314 fideicommissis.
