2920 4750
520 416 561 424 -
607 381 670 444 461
719 416 759 422 --

88 557 229 621 dominus
253 556 317 620 litis
341 555 373 619 in
397 555 511 620 indieio
535 555 746 638 proonratoris
769 573 937 637 personam
957 554 1196 634 confirmauerit,

87 682 207 747 dioens:
228 700 289 762 ego
305 681 386 744 buno
403 680 557 744 eonstitni.
595 679 694 743 isdem
719 678 924 743 obseruandis
948 678 1043 742 etiarn
1066 678 1094 742 si
1116 685 1199 742 tutor

88 807 136 871 nel
154 811 280 870 enrator
294 825 352 888 per
369 804 464 868 alium
480 811 586 886 agant,
610 803 708 868 ueluti
723 823 780 886 per
795 823 874 883 enm,
890 803 944 884 qui
960 811 1047 867 aotor
1058 808 1198 884 nooatnr,

87 931 136 995 nel
162 931 189 994 si
213 949 294 1011 qnae
319 929 436 993 similes
460 928 509 993 his
525 947 680 1012 personae
696 935 777 1010 sunt,
802 947 883 1008 quae
901 927 1074 992 alienarum
1096 947 1199 992 rernm

88 1054 390 1120 administrationem
417 1061 610 1136 reoepernnt.
655 1054 747 1136 plura
774 1061 878 1117 autem
906 1072 1025 1136 genera
1050 1073 1198 1136 proonra-
1236 1064 1252 1116 t

86 1191 186 1245 torum
210 1185 293 1260 sunt,
322 1179 414 1244 sieuti
437 1186 469 1244 et
492 1178 555 1242 iam
581 1179 664 1243 nosti
691 1184 723 1242 et
749 1178 860 1242 disoes.
905 1177 984 1242 baeo
1007 1178 1132 1258 quidem
1160 1178 1199 1242 de

54 1311 203 1370 laetere.
255 1309 283 1370 4.
308 1303 363 1368 Sin
393 1311 499 1368 antem
527 1303 597 1382 quis
621 1302 818 1382 oonuenitnr,
849 1303 876 1366 si
900 1302 1025 1383 quidem
1050 1322 1200 1385 praesens

85 1435 323 1513 proeuratorem
347 1429 536 1493 constituere
560 1435 689 1510 paratus
713 1432 770 1509 est,
794 1433 898 1510 potest
912 1428 981 1510 ipse
1004 1427 1037 1491 in
1052 1428 1201 1493 indicium

85 1553 196 1618 uenire
221 1559 252 1617 et
275 1553 324 1616 sni
346 1551 559 1635 procuratoris
582 1571 750 1634 personam
774 1552 972 1631 oonfirmare,
997 1552 1201 1616 sollemnibus

85 1678 280 1762 interpositis
304 1677 559 1760 stipulationibus
577 1675 793 1742 ‘indicatum
817 1676 934 1758 solui’,
958 1677 1070 1757 quibus
1094 1678 1124 1759 ii,
1148 1678 1202 1759 qni
1222 1685 1255 1736 10

85 1805 130 1868 ita
157 1803 321 1884 satisdant,
345 1801 479 1883 obligari
500 1802 610 1867 solent.
644 1801 718 1866 lieet
733 1820 807 1866 nero
825 1801 949 1866 domino
966 1822 1089 1883 quoque
1112 1809 1203 1869 extra

86 1927 237 1992 indicium
254 1926 482 1990 fideiussoriam
499 1925 736 1991 satisdationem
753 1945 919 2010 exponere,
942 1945 999 2009 per
1021 1945 1115 2006 quam
1134 1928 1202 2010 ipse

86 2053 136 2117 sni
160 2051 372 2135 procuratoris
400 2049 564 2115 fideiussor
592 2051 710 2132 existit,
739 2071 845 2115 omnes
874 2051 1075 2115 indicatum
1106 2052 1203 2116 solui

86 2175 302 2260 stipulationis
326 2174 484 2238 clausulas
508 2175 706 2258 promittens:
735 2176 763 2238 b.
788 2195 828 2238 e.:
857 2180 1090 2258 proonratorem
1114 2197 1202 2240 tunm

87 2301 120 2364 in
145 2299 263 2363 iudidio
287 2319 522 2382 permansurum
547 2307 578 2363 et
601 2300 687 2363 litem
703 2319 801 2381 usque
818 2299 859 2363 ad
875 2300 967 2364 finem
983 2301 1202 2383 perducturum
1224 2311 1255 2361 15

88 2431 120 2488 et
145 2425 231 2504 qnod
254 2424 347 2488 fuerit
369 2424 539 2488 indicatum
555 2425 735 2489 soluturum.
774 2444 837 2504 qua
852 2424 1058 2508 promissione
1074 2432 1106 2488 et
1121 2427 1203 2490 bona

86 2570 148 2612 sna
173 2547 351 2631 hypotbeoa
373 2548 503 2630 obligat,
528 2548 595 2611 sine
618 2548 650 2612 in
674 2547 788 2611 indioio
812 2548 998 2630 promiserit,
1023 2549 1091 2612 sine
1115 2554 1204 2613 extra

88 2672 260 2752 iudicium,
292 2679 325 2736 ut
354 2680 418 2735 tam
442 2671 509 2754 ipse
534 2692 627 2752 quarn
654 2671 787 2735 heredes
817 2672 884 2735 eius
914 2671 987 2736 inde
1016 2671 1203 2755 obligentur,

88 2797 158 2860 alia
182 2796 310 2879 iusuper
325 2796 533 2878 promissione
546 2796 613 2861 sine
629 2797 754 2860 eantela
769 2803 897 2879 propter
912 2817 1081 2879 personam
1096 2797 1204 2880 ipsius.

85 2921 143 3000 qui
169 2921 367 3000 eonnenitnr,
396 2921 584 3004 exponenda
612 2921 697 3004 (nam
728 2941 784 3003 pro
809 2941 867 2985 sua
893 2941 1029 3004 persona
1053 2927 1108 2986 aut
1129 2921 1204 2985 tide-
1224 2931 1259 2982 20

84 3048 245 3110 iussorem
268 3051 409 3128 praestat
432 3053 486 3110 aut
509 3046 664 3110 cautelam
692 3047 822 3129 exponit
844 3046 1013 3111 seeundum
1042 3067 1095 3128 ea,
1124 3066 1205 3128 quae

84 3169 200 3251 paullo
217 3169 359 3252 superius
375 3169 571 3255 dictasunt),
596 3169 679 3250 quod
694 3175 834 3253 tempore
851 3171 1025 3236 sententiae
1043 3171 1076 3235 in
1092 3171 1206 3236 iudioio

83 3293 278 3375 inuenietur,
296 3295 356 3374 nel,
381 3295 409 3358 si
426 3315 488 3358 non
504 3294 633 3376 uenerit,
657 3294 762 3359 omnia
777 3295 845 3378 ipse
862 3297 913 3360 uel
929 3295 1092 3360 fideiussor
1108 3295 1205 3378 dabit,

84 3437 175 3498 qnae
197 3418 446 3483 condemnationi
463 3419 690 3500 contineantur,
714 3419 774 3483 nisi
793 3421 874 3484 forte
891 3419 1062 3503 appellatio
1083 3427 1206 3484 senten·

46 3542 166 3606 stiam
190 3541 314 3606 inritam
337 3542 455 3607 feeerit.
494 3547 523 3608 5.
540 3543 596 3608 Sin
619 3549 724 3608 antem
747 3562 820 3607 reus
843 3543 911 3626 ipse
934 3548 1059 3625 praesto
1076 3563 1115 3607 ex
1132 3563 1208 3623 qua·
1227 3553 1260 3604 25

83 3685 228 3744 eumque
252 3685 349 3730 eausa
365 3687 426 3730 non
441 3667 545 3746 tuerit,
569 3677 600 3732 et
615 3666 696 3731 alins
712 3675 822 3749 sponte
839 3667 978 3730 absentis
994 3667 1207 3732 detonsionem
