2876 4712
498 353 733 416 —272-

72 538 169 620 regula
190 557 265 604 usus
287 546 394 620 posset
415 539 486 620 quis
508 540 548 606 ad
572 541 685 606 multos
707 541 825 622 gradus
847 541 993 623 progredi
1021 546 1053 607 et
1075 541 1178 606 dicere

72 657 157 722 lilium
178 657 283 739 patrui
306 660 365 724 mei
388 667 595 742 nepotemque
618 679 654 725 ex
682 679 718 725 eo
745 659 821 724 mihi
850 661 1003 741 adgnatos
1032 678 1116 741 esse;
1142 677 1179 724 ac

71 776 241 858 sinpliciter
273 795 437 861 quousque
470 779 609 844 feminini
648 797 741 843 sexus
773 797 939 861 personam
977 798 1036 844 non
1070 779 1179 844 uideas

69 895 270 976 cognationem
301 899 595 979 interrumpentem‚
628 897 770 979 adgnatis
798 917 889 964 oense
916 899 970 980 qui
999 898 1177 980 gignantur.

69 1015 124 1080 Nec
145 1020 264 1081 tentum
287 1016 340 1096 qai
365 1017 439 1082 uiuo
461 1021 551 1098 patre
573 1022 623 1082 set
650 1017 743 1081 etiam
767 1018 820 1096 qui
850 1024 922 1100 post
951 1018 1019 1082 eius
1048 1026 1179 1082 mortem
1214 1020 1230 1068 5

68 1143 229 1200 nascuntur
258 1135 557 1218 consangnineitatis
588 1137 658 1202 iura
684 1138 837 1202 aduersus
864 1156 914 1202 me
942 1135 1068 1202 habent.
1119 1156 1178 1202 non

68 1273 162 1320 omnes
183 1254 279 1321 simol
300 1256 429 1336 adgnati
450 1257 490 1320 ad
515 1256 655 1323 defuncti
679 1263 830 1322 uocantur
854 1258 936 1323 bona
958 1259 1027 1338 lege
1049 1255 1111 1322 XII
1133 1264 1179 1322 ta·

68 1375 216 1452 bolarum,
240 1376 333 1440 sotii
355 1379 572 1442 tantummodo
600 1377 652 1456 qni
683 1375 858 1458 proximum
889 1376 1080 1458 optinuerint
1108 1395 1179 1458 gra·

67 1493 130 1558 dum
151 1513 222 1560 curn
249 1499 368 1560 certum
391 1493 488 1560 fuerit
509 1494 644 1575 aliquem
666 1497 850 1561 intestatum
874 1494 1053 1560 decessisse.
1104 1513 1176 1576 quo·

67 1614 145 1678 modo
166 1613 246 1680 haec
266 1613 450 1695 intellegere
472 1621 597 1696 oportet
619 1615 699 1680 infra
728 1613 895 1680 discemus.
937 1615 1046 1696 itaque
1068 1615 1095 1678 si
1118 1615 1176 1680 lra-
1195 1621 1226 1671 01

66 1742 107 1798 ter
127 1741 221 1813 extat,
245 1740 331 1800 extat
353 1742 385 1799 et
399 1742 541 1818 patruus,
565 1753 635 1800 cum
650 1735 750 1801 frater
764 1735 903 1808 secundi,
925 1743 1058 1817 patruus
1073 1743 1176 1800 autem

36 1879 53 1930 2,
68 1854 140 1918 tertii
163 1856 205 1920 sit
231 1855 366 1936 graduS,
394 1856 494 1921 frater
522 1855 707 1937 praefertur.
759 1857 788 1920 2.
823 1856 891 1921 Non
919 1862 1041 1921 tautum
1072 1862 1175 1922 autern

65 1977 224 2054 generatio,
248 1981 297 2040 set
319 1977 413 2040 etiam
436 1975 564 2057 adoptio
586 1976 805 2057 adgnationem
836 1983 937 2052 creat;
966 1983 1002 2040 ut
1031 1995 1119 2053 ecce,
1143 1974 1177 2038 fi-

65 2093 129 2156 liurn
157 2091 260 2158 habeo
289 2094 478 2160 naturalem:
509 2095 664 2177 quendam
692 2093 787 2159 etiam
816 2093 1028 2175 adoptandum
1054 2095 1172 2176 accepi:

65 2231 124 2277 sese
144 2212 278 2278 inuicem
301 2233 361 2278 non
385 2217 477 2280 modo
499 2214 652 2296 adgnatos
679 2219 728 2278 set
751 2221 782 2278 et
811 2215 1057 2296 consanguineos
1085 2233 1177 2281 uoca·
1198 2219 1228 2270 ¹⁵

64 2331 140 2395 bunt.
177 2330 212 2397 Si
236 2340 340 2398 autem
365 2333 459 2398 etiam
483 2331 562 2399 alins
584 2334 751 2414 adgnatos,
775 2333 874 2398 ueluti
895 2333 994 2398 frater
1014 2351 1102 2397 meus
1124 2333 1176 2398 uel

64 2459 182 2530 paunus
206 2453 257 2518 uel
281 2452 363 2518 lilius
385 2453 435 2518 uel
457 2471 554 2534 nepos
576 2452 689 2536 patrui,
713 2452 868 2535 quendam
890 2450 1100 2534 adoptanerit,
1123 2454 1177 2517 ad·

32 2584 51 2634 a.
64 2575 157 2650 gnatia
180 2573 264 2638 inter
293 2591 351 2638 noa
380 2574 531 2639 consistit.
583 2572 613 2638 3.
647 2570 815 2638 Hereditas
844 2572 928 2638 inter
954 2571 1057 2638 uirilis
1083 2590 1176 2637 sexos

64 2707 203 2767 personas
233 2691 433 2774 adgnationis
461 2693 529 2756 iure
559 2691 700 2757 defertur
727 2693 823 2756 etiam
851 2692 879 2755 si
907 2692 1047 2772 longiore
1075 2691 1175 2773 gradu

64 2808 218 2876 defunctus
252 2809 383 2891 eiusque
409 2829 572 2876 successor
600 2813 732 2876 inuicem
759 2811 831 2875 sint.
883 2818 933 2875 est
962 2811 1042 2875 enim
1069 2809 1173 2892 patrui
1193 2815 1228 2866 2⁰

63 2929 189 3010 abnepos
215 2949 273 3011 per
307 2949 415 2995 omnes
448 2929 549 2996 uirilis
581 2950 675 2996 sexus
708 2949 856 3012 personas
884 2931 1089 3008 descendens,
1120 2929 1175 3012 qui

62 3047 185 3129 septimo
207 3057 257 3114 est
278 3052 393 3131 gradu:
417 3068 486 3114 oum
510 3050 591 3115 enim
614 3057 746 3133 patruus
769 3049 863 3116 tertio
892 3051 934 3116 sit
960 3051 1077 3132 gradu,
1107 3049 1174 3114 eius

62 3165 280 3251 illiusquam,
304 3169 492 3251 eiusnepos
519 3169 646 3250 quinto,
674 3171 741 3235 eius
769 3189 923 3252 pronepos
953 3179 1056 3248 sexto,
1086 3175 1176 3250 patet

62 3287 184 3366 septimo
207 3307 276 3355 esse
300 3289 494 3370 abnepotem.
518 3286 605 3354 Haec
627 3309 703 3355 uero
725 3288 808 3355 inter
830 3290 994 3356 masculos.
1018 3289 1045 3353 si
1068 3294 1173 3353 autem

62 3402 165 3472 femina
187 3412 232 3474 sit
252 3427 334 3491 quae
354 3406 560 3475 hereditatem
588 3415 692 3492 petat,
721 3409 795 3475 olim
824 3415 949 3489 poterat
975 3405 1173 3490 adgnationis
1191 3419 1227 3470 ao

108 4245 206 4296 'l’lacoplr¹
219 4247 332 4289 Antecess·
345 4260 387 4290 ree.
401 4247 490 4290 Ferriui.
