2898 4712
536 331 764 396 -220-

47 521 122 590 sint
141 539 185 587 so
203 521 297 588 muns
318 521 464 586 dominus
486 518 613 584 residue
634 517 786 600 petiisset
826 517 876 582 21.
900 514 966 583 Neo
988 521 1110 580 tentum
1132 532 1200 582 oer-

88 638 212 719 pnrnles,
234 644 285 702 set
305 646 339 704 et
359 637 570 718 incorporales
593 653 644 701 res
665 635 765 716 tegeri
786 639 927 716 possunt
961 653 1059 717 quere
1080 635 1108 700 si
1129 636 1200 715 quis

87 759 152 822 mihi
172 773 289 822 soreos
312 755 337 821 G
360 757 463 834 debet,
486 772 611 836 possum
632 755 806 827 notionem,
835 771 915 835 quoe
944 752 1018 817 mihi
1046 754 1200 820 aduersus

87 893 148 942 enm
169 875 330 957 competit,
351 873 405 940 elii
426 874 541 954 legare.
586 873 709 954 cogitur
730 879 835 937 eutem
857 872 949 938 heres
976 873 1056 939 hono
1083 873 1200 956 legetn-

88 995 127 1059 rio
156 999 332 1076 proestare.
387 993 437 1058 sin
468 999 572 1059 eutem
602 996 790 1058 testamento
824 993 1030 1075 supersidens
1059 991 1199 1059 debiturn
1233 984 1251 1034 ⁶

88 1115 211 1194 petiero,
233 1112 372 1196 legatum
395 1107 595 1196 extinguitur.
624 1112 684 1178 hoo
705 1113 802 1194 igitur
823 1131 899 1179 oosu
921 1111 1126 1193 incorporalis
1149 1131 1200 1180 res

87 1231 284 1316 relinquitur:
306 1231 386 1298 notio
409 1231 492 1296 enim
512 1229 618 1312 legata
639 1237 696 1297 est.
742 1231 827 1296 nolet
855 1231 993 1313 legatum
1022 1231 1081 1296 hoo
1107 1231 1199 1299 modo

87 1351 243 1417 relietum:
270 1350 457 1415 »domnos
479 1355 564 1414 esto
585 1349 700 1415 heres
721 1348 838 1412 illins
861 1349 982 1414 sedes
1004 1347 1196 1416 reticere«

88 1468 133 1535 nel
164 1469 340 1533 ‘Titium
373 1485 463 1534 aere
494 1467 623 1533 alieno
656 1469 856 1547 liberere,
891 1488 968 1550 qno
1000 1474 1197 1535 tenetur«

49 1587 135 1654 osii.
165 1583 201 1651 si
222 1587 294 1668 quis
315 1586 503 1668 generaliter
524 1603 663 1652 seruum.
677 1585 729 1652 uel
751 1585 922 1668 quemlibet
950 1585 1044 1653 aliem
1070 1606 1135 1653 rem
1158 1585 1201 1654 le·
1221 1578 1253 1630 ¹⁰

89 1706 205 1786 generit
226 1705 276 1769 his
297 1704 419 1770 uerbis:
452 1705 569 1769 ‘huic
590 1705 779 1770 hominem
803 1705 849 1769 do
872 1706 981 1785 lego«
1012 1704 1064 1770 uel
1088 1706 1201 1772 »huie

89 1841 218 1906 equom
242 1824 287 1887 do
309 1823 430 1905 lego„
456 1823 598 1906 queritur
619 1823 683 1888 utri
706 1823 800 1888 detur
821 1822 949 1903 electio;
970 1827 1077 1888 utrum
1091 1823 1200 1890 heredi

89 1947 121 2005 nt
139 1959 230 2024 qoem
253 1942 332 2008 uelit
354 1942 467 2016 solunt,
489 1961 529 2007 nn
551 1942 702 2023 legatorio
730 1947 781 2022 ut,
809 1944 863 2024 qui
891 1943 950 2010 sibi
977 1943 1100 2024 placent
1121 1944 1200 2010 acei-

88 2060 157 2138 pier.
192 2069 226 2128 et
248 2062 348 2143 magis
370 2066 420 2128 est
440 2069 477 2126 ut
497 2061 669 2143 legatarius
683 2060 865 2128 electionem
885 2061 1010 2140 hebeat,
1032 2061 1093 2126 nisi
1114 2060 1200 2126 eliud

47 2179 260 2258 nnspsoinliter
283 2181 397 2246 dixerit
418 2186 561 2247 testator.
607 2181 658 2244 23.
689 2180 833 2262 Optinnis
861 2180 998 2262 tegetum
1026 2181 1108 2246 idest
1129 2198 1200 2244 cnm
1221 2175 1252 2228 1⁶

89 2298 248 2365 defunctus
269 2300 454 2380 legatarium
475 2300 601 2366 iusserit
622 2319 660 2365 ex
683 2319 742 2365 sus
757 2299 886 2378 familia,
910 2300 961 2364 nel
976 2318 1013 2364 ex
1029 2317 1087 2364 sue
1101 2305 1200 2376 ueste,

88 2417 133 2480 uel
154 2417 241 2482 libris
264 2425 383 2501 optare,
406 2419 617 2483 condicionem
632 2419 664 2482 in
687 2419 855 2501 semetipso
876 2417 980 2484 hebet
1003 2435 1102 2500 quere
1116 2416 1143 2481 si
1158 2415 1202 2483 le·
1305 2459 1308 2466 ,

87 2535 220 2614 gotorins
238 2538 350 2602 niuens
371 2554 433 2602 non
449 2537 616 2618 optauerit,
640 2541 690 2602 set
710 2540 784 2602 onte
806 2535 963 2618 optionem
985 2543 1127 2603 mortuns
1149 2534 1200 2614 sit,

87 2652 219 2734 legatum
241 2656 281 2720 ed
305 2655 371 2720 sins
393 2653 541 2720 heredem
567 2673 629 2720 non
658 2656 884 2720 transmittitur
904 2661 1033 2736 propter
1055 2655 1132 2720 iuris
1153 2673 1201 2722 re·

87 2771 196 2852 golam,
217 2791 300 2855 quse
321 2777 366 2838 eit
388 2774 526 2854 legatum
548 2775 608 2840 sub
622 2774 802 2840 condicione
824 2775 966 2840 relietum
988 2774 1015 2838 si
1029 2773 1200 2855 legatarius
1218 2759 1254 2810 ²⁰
1335 2788 1336 2792 ’

88 2895 157 2956 ante
178 2891 365 2956 condicionis
388 2897 503 2957 euentu
525 2893 689 2972 moriatur,
711 2892 752 2957 nd
773 2892 921 2959 heredem
942 2891 1201 2957 non'trensmitti.

87 3010 169 3090 optio
190 3016 294 3076 entem
315 3015 390 3076 tunc
419 3009 469 3090 fit,
497 3030 568 3076 eom
599 3016 733 3077 testator
761 3010 851 3078 dicit:
883 3013 1043 3092 »optato
1072 3009 1201 3073 Titius

88 3147 127 3192 ex
148 3135 232 3194 tote
253 3148 334 3194 mee
354 3129 506 3194 familie
528 3149 644 3196 unum
672 3137 858 3196 seruum«
905 3136 954 3196 set
975 3130 1053 3194 hoec
1075 3127 1200 3212 quidem

87 3247 172 3327 olim3
200 3250 383 3316 sanctissimi
405 3269 481 3316 nero
503 3252 651 3335 principis
674 3251 773 3318 nostri
803 3251 986 3318 constitutio
1014 3249 1047 3316 id
1077 3267 1202 3331 quoqne

88 3367 117 3432 in
142 3367 297 3435 meliorem
325 3375 442 3436 statum
470 3368 662 3438 reformauit.
713 3369 802 3435 dedit
830 3369 913 3434 enim
940 3368 1049 3436 heredi
1076 3385 1201 3453 qnoque
1218 3365 1252 3418 2⁵
