2932 4704
539 361 769 423 -116-

98 544 315 626 pendiaria
361 543 504 612 Caesaris
525 553 631 613 antem
654 549 831 629 prouinciae
859 555 990 616 uocatae
1017 555 1091 616 sunt
1111 550 1210 618 tribu·

97 665 205 729 turiae:
237 665 391 732 tributum
420 672 469 731 est
496 665 578 732 enim
604 667 711 750 grauis
738 669 889 750 pecuniae
917 670 1085 753 impositio,
1114 687 1207 753 quam

95 784 205 850 ideireo
228 783 346 851 Caesar
366 785 609 868 prouincialibus
635 788 699 852 suis
722 787 893 862 eonstituit,
915 789 998 870 qnod
1020 789 1152 855 multum
1166 790 1207 855 ad

94 902 224 967 militum
247 905 505 971 sustentationem
532 903 771 986 impendendum
799 904 858 972 sibi
887 912 965 972 erat
1014 914 1046 974 et
1073 908 1127 990 qui
1154 909 1209 974 sti·

94 1022 253 1102 pendiaria
282 1023 332 1088 uel
359 1021 525 1090 tributaria
551 1024 679 1106 praedia
708 1023 852 1090 Caesaris
880 1025 1025 1108 populine
1055 1047 1208 1096 consensu
1242 1037 1259 1088 5

93 1142 256 1222 moment,
285 1160 348 1208 nou
369 1149 459 1208 erant
480 1143 607 1221 domini,
629 1162 698 1210 oum
721 1162 828 1210 eorum
857 1144 1025 1214 dominium
1048 1150 1132 1230 apud
1154 1167 1208 1232 po

93 1263 194 1344 pulum
219 1261 273 1328 uei
294 1263 377 1345 apud
400 1261 567 1330 Caesarem
590 1270 687 1330 esset:
711 1272 760 1330 set
781 1265 938 1332 habebant
960 1267 992 1332 in
1014 1267 1112 1334 isdem
1135 1285 1208 1334 usu·

91 1382 223 1448 imotnm
247 1389 279 1448 et
293 1382 502 1464 plenissimam
525 1385 760 1464 possessionem,
783 1401 876 1466 quam
898 1388 982 1452 etin
1005 1385 1084 1454 alios
1107 1395 1207 1454 traus-

90 1502 168 1568 ferre
191 1507 227 1566 et
249 1501 290 1567 ad
311 1503 441 1568 heredes
463 1503 677 1569 transmittere
697 1507 852 1585 poterant
901 1504 1076 1572 italicorum
1102 1513 1205 1572 autem

90 1639 235 1702 agrorum
258 1639 314 1686 seu
337 1621 460 1688 aedium
483 1621 599 1687 domini
621 1622 844 1703 proprietatem
866 1623 1032 1690 hebebant
1059 1631 1108 1690 set
1129 1623 1206 1691 haee
1226 1638 1258 1689 lo

89 1739 210 1819 quidem
237 1739 311 1803 olim
330 1742 362 1803 in
386 1759 445 1806 usu
467 1746 573 1806 erant:
600 1741 692 1806 hodie
720 1742 869 1823 principis
897 1743 994 1808 nostri
1024 1742 1206 1810 constitutio

91 1858 202 1924 nullam
241 1859 447 1925 differentiam
484 1865 566 1926 inter
599 1860 704 1926 italica
736 1861 942 1944 stipendiaria
974 1868 1006 1928 et
1038 1862 1205 1930 tributaria

92 1979 216 2060 praedia
240 1997 311 2044 esse
333 1979 416 2044 uult:
439 1989 488 2046 set
509 1982 535 2044 si
558 1981 703 2048 dominus
730 1999 795 2046 rem
822 1999 910 2048 suem
938 1981 1012 2046 mihi
1038 1981 1145 2048 uades
1166 2001 1204 2050 ex

90 2098 255 2164 donatione
279 2117 336 2164 seu
358 2098 441 2164 dotis
463 2117 558 2165 eausa
581 2119 637 2167 ssu
659 2119 697 2167 ex
718 2101 780 2166 alis
808 2119 911 2183 queue
937 2101 1075 2180 ratione,
1105 2102 1204 2168 ueluti

47 2226 124 2284 tl-ex
137 2219 371 2301 permutatione
385 2217 494 2299 procul
509 2220 603 2284 dubio
618 2219 787 2286 dominium
809 2222 842 2286 iu
856 2237 906 2288 me
921 2219 1079 2288 transfert.
1102 2221 1155 2285 41.
1170 2219 1204 2286 si
1225 2239 1255 2290 rs

90 2339 153 2420 quis
174 2339 215 2403 ed
239 2337 439 2404 uendendum
462 2337 575 2416 medat,
599 2355 659 2403 nou
683 2337 773 2404 aliter
793 2339 825 2404 in
847 2346 1017 2422 emptorem
1033 2339 1204 2406 dominium

90 2459 215 2536 transit,
251 2477 346 2540 quam
379 2460 405 2522 si
438 2465 558 2539 emptor
585 2458 741 2526 uenditori
772 2460 818 2526 rei
845 2461 980 2542 pretium
1013 2459 1117 2527 soluat
1148 2469 1204 2526 aut

88 2577 268 2645 satisfaciat.
326 2585 362 2645 ut
388 2597 458 2648 eece
488 2581 515 2646 si
544 2579 660 2646 'ditium
687 2581 842 2664 quendam
867 2579 997 2660 optulit,
1026 2581 1079 2661 qui
1113 2597 1201 2662 spon-

87 2699 156 2762 deat
186 2717 248 2781 pro
281 2717 319 2764 eo
351 2717 421 2764 sese
454 2699 588 2780 pretium
626 2701 787 2780 daturum3
820 2700 871 2766 uel
899 2699 1013 2784 pignus
1044 2718 1102 2782 pro
1133 2717 1202 2782 pre·

88 2816 128 2880 tio
158 2817 257 2883 dedit.
309 2818 367 2884 hoc
394 2817 489 2884 etiam
519 2817 587 2900 lege
618 2817 680 2884 XII
709 2818 886 2886 tabularum
919 2823 1064 2900 cauetur,
1096 2825 1201 2886 tamen
1218 2842 1253 2894 no

87 2936 265 3002 inueuimus
288 2936 321 3001 id
334 2937 413 3002 iuris
434 2937 573 3018 gentium
597 2956 674 3014 osse,
696 2937 832 3005 naturali
854 2939 936 3004 enim
951 2939 1110 3020 aequitate
1131 2939 1202 3004 niti-

88 3063 145 3130 tur,
167 3074 268 3140 quare
291 3059 325 3123 et
344 3058 428 3139 apud
450 3074 557 3122 omnes
578 3068 687 3139 gentes
709 3057 894 3123 custoditur.
929 3059 1036 3140 itaque
1057 3058 1201 3123 dominus

86 3176 135 3257 qui
151 3195 189 3241 ex
205 3176 271 3241 alia
285 3175 427 3260 qualibet
439 3194 535 3242 eausa
545 3175 653 3255 tradit,
668 3175 840 3243 dominium
854 3175 1020 3243 transfert:
1043 3195 1080 3243 ex
1095 3175 1201 3242 uendi·

86 3293 177 3360 tionis
191 3313 292 3362 eausa
305 3315 367 3362 non
382 3295 482 3372 aliter,
505 3313 599 3378 quam
613 3298 641 3362 si
655 3297 790 3377 pretium
805 3297 937 3381 accipiet
958 3294 1009 3362 uel
1031 3296 1059 3362 ei
1081 3293 1140 3362 hac
1162 3295 1201 3362 de

85 3433 116 3480 re
129 3413 276 3482 satisfiat.
300 3416 349 3480 sin
364 3421 470 3482 autem
485 3431 585 3496 neque
600 3416 745 3482 uenditor
758 3415 894 3497 pretium
912 3415 1077 3499 acceperit,
1100 3433 1200 3498 neque
1218 3435 1251 3486 25

85 3536 341 3616 expromissorem
364 3533 461 3600 ullum
484 3553 541 3616 pro
564 3539 718 3619 emptore,
751 3555 852 3620 neque
881 3537 1024 3618 pignera,
1058 3533 1200 3616 sequitur
