2884 4728
525 310 767 374 —380—

86 486 159 552 liter
182 486 332 568 obligari,
367 495 398 552 et
432 486 473 550 ab
496 485 566 568 ipso
590 485 681 549 datos
712 485 913 551 fideiussores
942 493 1055 552 natura
1083 495 1114 550 et
1137 488 1204 552 iure

85 613 188 677 teneri
220 617 253 676 et
280 612 455 676 naturalem
483 610 708 692 obligationem
737 631 831 694 posse
858 611 1059 676 nouationem
1089 611 1204 676 faeere.

85 736 341 820 respondendum
364 736 446 800 enim
470 741 518 800 est
540 755 603 800 uon
626 735 770 800 sufficere
783 736 837 801 ad
851 735 1052 801 nouationem
1068 736 1204 801 efficien-

86 861 161 926 dam
185 861 360 926 naturalem
384 861 472 943 gigni
488 861 725 944 obligationem,
750 866 798 926 set
813 867 969 944 oportere,
992 869 1026 926 ut
1042 861 1083 926 sit
1097 861 1205 942 aliqua

85 1006 239 1070 persoua;
263 986 381 1050 nullam
405 992 510 1050 auteur
532 985 565 1049 iu
587 986 655 1051 iure
679 1006 848 1069 personam
864 1005 974 1051 seruus
989 986 1094 1051 babet.
1126 986 1205 1051 baee
1243 1003 1269 1054 o

85 1130 164 1176 uero
189 1109 333 1194 quotiens
357 1112 398 1174 ab
422 1110 485 1176 alio
501 1132 559 1194 pro
580 1111 643 1176 alio
668 1111 868 1195 stipulamur3
893 1111 921 1175 si
935 1131 1011 1176 uero
1028 1132 1048 1175 a
1064 1109 1205 1176 debitore

84 1254 158 1299 meo
183 1235 324 1318 stipuler,
348 1254 536 1315 quaeramus
560 1257 602 1300 au
624 1236 752 1301 nouatio
776 1235 840 1300 dat.
886 1242 918 1300 et
941 1243 975 1300 ut
1002 1236 1059 1300 tibi
1086 1235 1119 1299 id
1142 1235 1205 1300 eui·

85 1359 212 1424 (lentius
235 1377 420 1443 proponam,
442 1360 526 1442 lingo
550 1361 651 1426 teneri
666 1367 697 1425 te
716 1360 792 1425 mibi
815 1380 855 1426 ex
878 1379 912 1425 re
937 1361 1130 1442 obligatione
1154 1361 1205 1425 uel

84 1483 200 1548 litteris
223 1483 273 1548 uel
299 1502 454 1548 eousensu
476 1484 527 1549 uel
552 1483 728 1550 notionibus
745 1485 837 1566 quasi
860 1505 899 1548 ex
921 1491 1081 1549 oontraotu
1098 1504 1204 1568 proee-

85 1608 248 1674 dentibus:
277 1609 387 1694 proeul
415 1609 510 1674 dubio
538 1609 593 1674 fiet
615 1610 752 1675 uouatio.
799 1609 847 1674 siu
875 1615 980 1674 autem
1008 1609 1071 1675 iam
1100 1611 1271 1678 uerbis10*

85 1740 183 1798 autea
205 1731 365 1798 tenebaris
389 1739 420 1798 et
442 1753 524 1798 nune
547 1733 691 1817 stipuler,
713 1740 787 1798 tuno
810 1733 939 1799 nouatio
963 1734 1030 1826 fiet,
1055 1753 1125 1798 eum
1149 1734 1205 1798 ali-

86 1857 164 1938 quid
186 1859 262 1922 noui
283 1858 451 1942 posteriori
474 1858 676 1942 stipulatione
699 1859 864 1939 inseratur,
888 1859 972 1939 quod
994 1859 1027 1922 in
1047 1858 1204 1922 anteriore

85 2001 151 2048 non
174 1981 282 2047 luerit:
307 1982 389 2048 forte
410 1983 493 2048 enim
513 1983 656 2048 eondieio
675 1982 783 2048 diesne
803 1984 856 2048 uel
876 1983 1042 2048 fideiussor
1062 1981 1205 2048 adieotus

86 2106 138 2170 uel
169 2105 328 2172 debantus
355 2116 405 2171 est
430 2109 484 2172 uel
511 2107 606 2172 etiam
634 2109 795 2189 quantitas
823 2107 932 2172 addita
959 2113 1015 2171 est.
1067 2106 1094 2172 si
1122 2107 1204 2170 enim

86 2229 232 2296 detracta
255 2236 304 2296 est
326 2231 421 2316 (forte
444 2233 527 2296 enim
551 2233 690 2297 anterior
712 2231 874 2316 stipulatio
898 2231 1007 2297 desem
1037 2251 1202 2296 aureorum
1224 2247 1268 2299 15-

86 2360 170 2436 erat,
203 2355 360 2440 posterior
382 2356 548 2440 quinque),
583 2377 645 2422 non
667 2356 702 2421 fit
723 2355 869 2438 nouatio,
901 2357 1038 2438 quinque
1066 2355 1149 2420 enim
1172 2355 1204 2420 iu

86 2479 198 2544 deoem
225 2480 423 2544 eontinentur
445 2487 477 2546 et
503 2480 580 2546 nibil
607 2481 682 2545 noui
716 2480 871 2564 posterior
902 2480 1063 2564 stipulatio
1098 2480 1202 2545 babet.

86 2603 169 2688 quod
194 2603 234 2669 de
257 2603 434 2670 adiectione
458 2604 650 2674 ooudieiouis
674 2605 818 2688 diximm,
841 2625 898 2688 per
920 2625 990 2670 eam
1014 2605 1135 2672 soilioet
1150 2624 1204 2669 no·

86 2727 248 2794 nationem
263 2727 340 2810 fieri,
364 2729 409 2792 ita
420 2729 664 2811 intellegendum
681 2735 739 2810 est,
763 2735 797 2794 ut
811 2735 886 2794 tune
901 2730 1030 2795 nouatio
1046 2728 1110 2812 fiat,
1134 2749 1204 2793 euru

87 2852 232 2918 eondioio
260 2852 408 2918 extiterit.
454 2873 527 2918 nam
556 2854 583 2918 si
611 2853 778 2936 defecerit,
803 2855 892 2938 prior
918 2853 1070 2937 obligatio
1098 2853 1203 2928 durat;
1224 2870 1269 2921 20·

88 2976 259 3041 absurdum
270 2976 352 3041 enim
369 2984 418 3042 est
429 2977 534 3042 didere
547 2978 719 3062 pleniorem
737 2979 973 3062 obligationem,
990 2977 1072 3043 idest
1083 2998 1203 3062 puram,

88 3103 129 3166 ab
154 3100 336 3184 infirmiore,
364 3101 393 3165 b.
417 3122 443 3166 e.
467 3103 693 3168 condicionalis
716 3102 866 3184 quamdiu
889 3102 1033 3168 eondioio
1055 3103 1203 3186 pendeat,

39 3225 167 3290 satelli.
212 3231 258 3290 3³.
282 3226 338 3292 Set
360 3246 430 3292 oum
452 3227 535 3292 inter
561 3233 685 3292 ueteres
714 3234 885 3310 constaret,
914 3232 987 3292 tune
1013 3227 1082 3291 fieri
1109 3246 1204 3291 noua-

87 3349 215 3432 tiouem,
232 3371 302 3416 oum
314 3351 453 3416 nouandi
465 3351 569 3416 animo
582 3352 615 3416 iu
626 3351 797 3418 secundam
813 3351 1046 3435 stipulationem
1062 3350 1203 3430 inissent,

89 3474 302 3558 ambigeretur
330 3483 437 3540 autern
472 3474 598 3558 quando
626 3476 765 3542 nouandi
792 3476 896 3541 animo
924 3475 957 3540 id
984 3473 1203 3540 eontrahentes
1223 3489 1268 3542 25Ι
