2926 4708
532 343 762 407 ..190-

94 551 189 598 rorum
213 531 455 610 substitutione,
481 531 534 612 qui
565 530 616 596 uel
642 530 775 596 heredes
797 529 978 596 scribuntur
1009 528 1061 596 uel
1087 527 1213 595 urbere

94 652 212 729 duntur,
234 650 330 715 etiem
351 649 391 714 uri
420 655 582 732 postumos
612 657 687 713 sunt
715 647 878 714 trahendo
930 665 1101 730 possumus
1131 647 1212 714 enim

94 768 240 854 postumis
262 765 425 850 uulgarem
447 767 653 834 substitutum
676 767 753 833 dere
779 767 839 833 hoc
866 767 978 834 modo:
1006 773 1214 851 postumus

94 889 177 979 mibi
201 887 320 954 beres
343 894 446 954 esto:
470 887 550 954 nisi
573 888 652 953 erit
673 887 744 952 ille
767 887 861 953 mibi
884 887 1003 954 heres
1026 894 1122 954 esto.
1150 907 1214 952 nou

93 1005 124 1074 fit
142 1015 249 1074 cutem
273 1008 341 1074 siue
370 1026 431 1072 uon
460 1013 624 1086 noscetur,
651 1009 720 1073 sine
747 1014 842 1073 nutus
871 1016 945 1073 unte
974 1015 1098 1089 petrem
1124 1008 1212 1074 dece·
1247 1024 1265 1074 o

94 1125 148 1192 dut
199 1143 367 1208 possumus
396 1134 429 1192 et
455 1124 652 1208 pnpilluriter
687 1126 880 1192 substituere
910 1127 968 1192 itu:
1006 1134 1213 1206 postumus

93 1247 178 1312 mibi
201 1247 318 1312 beros
340 1252 443 1312 esto:
466 1246 525 1312 sin
547 1251 673 1310 eutem
690 1246 1120 1328 impubesdecesssrit,
1143 1246 1213 1312 ille

92 1367 121 1431 ei
141 1367 255 1432 bores
278 1373 374 1431 esto.
423 1365 538 1448 quibus
560 1382 754 1448 consequens
776 1371 883 1431 estut
912 1363 1054 1448 uulgaris
1081 1365 1213 1448 pupillu-

59 1492 77 1540 ὑ.
92 1483 131 1549 ris
157 1483 345 1550 substitutio
374 1484 406 1550 in
436 1504 474 1551 eo
501 1501 626 1568 quoque
655 1485 812 1566 procedet.
864 1487 893 1548 b.
927 1482 1013 1550 Haec
1041 1491 1114 1551 ente
1149 1505 1213 1552 om·

93 1603 138 1668 nie
167 1607 336 1686 perspectu
367 1603 493 1671 babeas.
550 1624 624 1688 pers
658 1605 712 1670 illu
747 1605 927 1671 testamenti
953 1605 985 1670 in
1020 1623 1083 1686 que
1109 1611 1213 1688 puter·
1233 1631 1265 1682 10

91 1703 217 1824 lumilies
251 1725 312 1791 sibi
344 1725 491 1792 heredem
521 1728 658 1793 instituit
685 1725 866 1809 principalis
895 1726 1001 1800 undit;
1032 1745 1106 1809 pers
1134 1745 1211 1792 uero

92 1831 139 1912 illu
159 1847 191 1911 in
213 1864 278 1931 qne
299 1846 455 1926 impuberi
477 1845 541 1914 lilio
563 1847 738 1924 substituit,
762 1845 926 1929 pupillaris
948 1853 1092 1913 uocetur.
1136 1864 1210 1928 pen·

93 1965 144 2030 dot
162 1973 268 2032 eutem
290 1985 329 2032 ex
350 1965 512 2045 principali
534 1965 714 2050 pupillaris,
740 1973 836 2048 etque
859 1985 896 2032 ex
926 1984 964 2032 ee
992 1965 1080 2030 uires
1102 1965 1207 2030 sumit.

92 2101 156 2149 curu
178 2086 256 2152 baec
278 2085 335 2150 tibi
358 2092 522 2168 perspecte
543 2087 624 2164 sint,
647 2087 719 2152 uiue
740 2087 816 2168 quid
839 2084 913 2152 inde
934 2091 1097 2166 sequetur.
1133 2085 1209 2149 dixi·

93 2220 158 2268 mus
183 2223 238 2270 nos
273 2205 486 2288 impuberibus
520 2205 626 2272 liberis
660 2206 775 2272 uostris
808 2223 900 2286 posse
925 2207 1143 2286 substituere
1177 2204 1260 2286 id15

93 2339 165 2386 uero
183 2323 229 2388 itu
252 2323 391 2404 intellegi
413 2331 550 2406 oportet,
578 2325 605 2390 si
628 2343 681 2390 eos
704 2323 834 2391 heredes
857 2325 1045 2402 scribemus,
1076 2325 1134 2390 boc
1161 2325 1210 2390 e'st

92 2442 118 2504 si
139 2442 341 2525 principalem
362 2445 542 2510 testamenti
571 2451 691 2525 purtem
719 2442 928 2509 conficiemus.
980 2461 1053 2509 nem
1082 2443 1110 2508 si
1131 2442 1209 2508 boec

91 2558 170 2624 lecte
188 2580 251 2626 non
274 2561 386 2640 fuerit,
409 2560 527 2627 inutilis
549 2568 598 2628 est
625 2561 779 2645 pupillere
807 2567 1031 2628 testamentum
1053 2581 1123 2628 cum
1145 2580 1207 2628 non

90 2678 208 2757 babet,
231 2681 316 2748 uude
338 2682 422 2748 uires
450 2681 509 2747 sibi
539 2691 651 2747 sumat.
703 2699 777 2764 pers
807 2683 888 2747 enim
918 2682 1148 2762 quodammodo
1176 2690 1209 2747 et

91 2799 212 2879 smuelo
240 2800 422 2882 principalis
448 2801 548 2882 pertis
578 2800 741 2884 pupillaris
768 2807 832 2882 est,
862 2801 1072 2868 accessorium
1102 2807 1208 2869 eutem
1226 2825 1260 2876 nc

92 2920 218 2984 inueniri
248 2919 372 3002 nequit,
409 2920 469 2985 nisi
499 2929 531 2985 et
565 2921 736 3002 principsle
770 2920 930 2987 subsistet
990 2921 1068 2986 odeo
1102 2925 1209 2988 eutem

90 3037 239 3120 pupillure
261 3045 484 3104 usumentum
506 3039 580 3104 inde
602 3039 686 3104 uires
701 3039 824 3122 accipit,
847 3047 884 3105 ut
898 3039 924 3105 si
939 3038 1120 3122 principalis
1135 3058 1209 3123 pers

91 3175 151 3223 non
179 3159 281 3224 ueleet
314 3178 414 3242 neque
447 3158 614 3243 pupillaris
647 3160 809 3226 subsistet
860 3158 942 3242 linge
971 3159 1055 3224 enim
1082 3159 1210 3241 proprie

90 3295 181 3344 mauu
194 3298 257 3346 non
271 3280 435 3360 scripsisse
447 3279 606 3361 quendem
620 3282 651 3346 in
666 3281 829 3364 principuli
843 3286 934 3363 porte
947 3280 1073 3346 heredis
1087 3295 1209 3355 nomen,

90 3395 246 3464 luentem
267 3400 299 3464 in
323 3399 467 3482 pupillari
493 3399 620 3477 iecisse,
649 3418 713 3466 non
741 3400 811 3466 ideo
840 3401 1007 3467 roboretur
1034 3396 1208 3481 pupillaris,
1227 3424 1260 3476 25

51 3519 73 3569 t·
91 3533 161 3580 cum
181 3518 360 3601 principalis
381 3521 476 3584 inrito
496 3519 547 3586 sit
594 3521 623 3584 6.
658 3517 830 3586 Possumus
856 3537 983 3604 quoque
1009 3536 1080 3585 cum
1102 3518 1209 3602 plures

91 3631 204 3702 liberos
224 3638 402 3718 impuberes
423 3638 604 3717 babeamus,
626 3639 757 3720 siugulis
780 3635 979 3721 pupilluriter
1005 3639 1208 3716 substituere,

93 3753 191 3820 nelei
213 3757 427 3825 tantummodo
447 3758 502 3838 qui
524 3765 702 3840 postremus
723 3759 864 3825 decedet.
906 3764 955 3824 set
976 3759 1004 3823 si
1026 3756 1119 3825 uelim
1141 3756 1210 3822 nul·

92 3875 157 3938 lum
176 3874 270 3942 libum
292 3875 485 3959 impuberem
507 3879 689 3945 intestatum
717 3879 884 3956 decedere,
912 3875 1042 3959 singulis
1069 3877 1210 3959 speciali·
