2960 4704
679 357 870 421 ..3.-

210 541 272 627 ρδν
300 540 459 625 σύνταγμα
483 540 519 607 λιι
537 543 702 632 βασιλικῆς
723 547 834 632 φωνῆς
854 542 1019 629 προοίμιον
1040 543 1180 632 ὑπάρχον
1202 550 1258 634 τῆς
1278 550 1344 611 τῶν

214 642 320 728 νόμων
341 643 544 722 διδασκαλίας
564 646 614 710 καλ
632 646 715 732 μετὰ
736 649 791 736 τὴν
812 646 986 729 ἀνάγνωσιν
1006 649 1066 734 τῆς
1087 651 1149 711 τῶν
1172 649 1309 714 παλαιῶν
1316 650 1343 730 1)

213 743 372 822 έιθέσεως
392 746 511 834 ἀνάγκη
535 745 618 830 τὸνλ)
642 748 757 831 νόμους
776 749 1003 834 παιδευόμενον
1026 752 1064 836 τῇ
1086 755 1147 814 τῶν
1169 751 1345 826 διατάξεων

215 846 388 930 ἀναγνώσει
409 848 522 913 ἑαυτὸν
543 849 710 915 ἐπιδοῦναι.
754 852 785 914 4.
820 850 905 915 Μετὰ
929 851 1102 936 ταῦταμὲν
1128 850 1184 916 οὖν
1206 852 1344 917 συντίθε-
1365 869 1390 921 ι

180 966 265 1020 πται
283 948 392 1032 βιβλία
415 954 477 1012 τῶν
499 949 653 1033 Διγέστων
675 950 744 1039 ἧτυι
764 950 963 1030 Πανδέιιτων,
985 952 1019 1017 έν
1039 953 1087 1029 οἷς
1100 952 1266 1041 η’θροισται
1279 958 1344 1019 τῶν

216 1049 355 1139 δρχοίων
377 1052 398 1138 η
422 1049 612 1136 νομοθεσία,
642 1053 731 1118 ἅτινα
758 1052 809 1116 διὰ
840 1057 893 1117 τού
922 1053 1017 1119 αύτού
1045 1055 1252 1129 ένδοξοτάτου
1280 1056 1345 1142 Τρι-

215 1154 383 1236 βουνιανοῦ
409 1153 459 1216 καλ
488 1158 550 1218 τῶν
579 1155 695 1218 λοιπῶν
724 1159 909 1240 περιφανῶν
938 1141 988 1220 καὶ
1016 1155 1273 1242 ἐλλογιμωτάτων
1294 1159 1347 1221 δν·

217 1255 305 1340 δρῶν
328 1255 531 1322 συντέθειται.
572 1255 650 1342 μετ’
672 1256 777 1322 ἐκεῖνα
803 1255 840 1320 δέ
867 1257 901 1320 έν
922 1257 1048 1345 τέτρασι
1069 1259 1190 1334 τούτοις
1209 1259 1347 1343 βιβλίοις

219 1363 282 1424 τῶν
304 1359 477 1445 ελρημένων
498 1358 652 1441 Διγέστων
675 1362 730 1434 τὰς
751 1357 925 1442 ελσιιγωγὰς
951 1360 1112 1426 έτέλευσεν
1134 1363 1152 1425 ύ
1178 1361 1348 1448 γαληνύτα·

167 1474 202 1526 10
217 1483 274 1539 τος
300 1462 390 1548 ἡμῶν
417 1460 568 1544 βασιλεὺς
593 1461 830 1548 έπιμερισθῆναι
857 1463 961 1549 πάσης
995 1469 1121 1548 νομικῆς
1153 1465 1349 1539 παιδεύσεως

217 1561 370 1647 ἐσομένας
392 1568 502 1646 πρῶτα
523 1567 671 1652 στοιχεῖα.
715 1565 746 1628 5.
780 1564 815 1628 ἐν
836 1563 885 1638 αἷς
915 1564 967 1628 διὰ
986 1564 1137 1655 βραχέων
1159 1564 1345 1645 ἐκτίθεταιλ)
1367 1569 1394 1619 ὅ.

217 1663 269 1729 ιιαλ
288 1665 368 1742 ὅπερ
392 1664 515 1746 ἐκράτει
536 1665 629 1730 πάλαι
651 1667 700 1728 καί
722 1668 756 1729 τὸ
764 1665 791 1749 ⁴)
816 1665 898 1751 μετὰ
919 1668 1020 1729 ταῦτα
1041 1671 1081 1754 τῇ
1099 1665 1273 1755 ιλσυνηθείᾳ
1295 1689 1348 1731 συ-

220 1765 367 1830 σιιιασθὲν
396 1765 430 1830 ἐκ
458 1771 514 1853 τῆς
540 1766 703 1854 βασιλικῆς
732 1765 908 1845 θεραπείας
937 1767 1110 1855 ἐφωτίσθη.
1160 1771 1190 1832 6.
1229 1769 1349 1844 Ταύτας
1368 1777 1395 1827 6.

219 1867 257 1933 δέ
278 1868 334 1944 τὰς
355 1868 530 1952 ελσαγωγὰς
551 1868 585 1932 έιι
613 1870 739 1933 πάντων
766 1873 830 1932 τῶν
856 1873 923 1944 τοῖς
951 1871 1092 1956 ἀρχαίοις
1120 1871 1348 1955 γεγραμμένων

173 1974 205 2026 15
222 1969 402 2036 Ῑυείίίίιίωιι
424 1973 473 2034 καί
492 1971 628 2055 μάλιστα
649 1977 711 2037 τῶν
733 1973 962 2058 ὑπομνημάτων
984 1970 1078 2050 Gaia,
1109 1977 1200 2037 τοῦτο
1220 1973 1279 2057 μέν
1302 1973 1350 2048 ὡς

221 2063 255 2136 ἒν
276 2069 473 2154 Institfitois,
496 2077 586 2138 τοῦτο
614 2073 650 2138 δὲ
672 2075 721 2139 καί
742 2073 778 2137 έιι
805 2077 868 2139 τῶν
890 2074 1029 2138 ιωδίιιων
1051 2073 1161 2156 αύτοῦ,
1184 2072 1262 2139 ἔνθα
1284 2074 1354 2138 δια·

220 2176 344 2258 λέγεται
366 2175 436 2260 περὶ
459 2177 520 2240 τῶν
543 2174 620 2240 καθ’
642 2176 775 2264 ἑκάστην
796 2173 919 2261 ἡμέραν
942 2175 1130 2258 κινουμένων
1146 2177 1350 2259 πραγμάτων,

223 2278 271 2340 καὶ
292 2275 330 2348 ἐξ
351 2274 453 2340 ἄλλων
483 2277 605 2342 πολλῶν
635 2279 859 2360 συνταγμάτων
889 2279 918 2341 οί
946 2277 1104 2366 ελρημένοι
1133 2282 1218 2362 τρεῖς
1244 2279 1354 2362 σοφώ-

223 2402 309 2444 τατοι
332 2377 500 2455 συνθέντες
521 2379 639 2466 ἄνδρες
663 2381 788 2463 βασιλεῖ
812 2384 858 2468 τῷ
884 2382 1014 2467 μεγάλῳ
1037 2383 1248 2468 προσήγαγον,
1272 2381 1292 2466 ἡ
1316 2379 1353 2443 δὲ
1471 2399 1472 2420 ¹

169 2480 205 2533 2⁰
222 2481 316 2544 αύτοῢ
340 2482 512 2570 γαληνύτης
533 2482 709 2564 ἀναγνοῦσα
732 2483 847 2559 ταύτας
868 2483 1004 2564 ἐπέγνω,
1027 2475 1141 2566 ύίςτεὸ)
1164 2482 1280 2545 ολιείαν
1301 2483 1352 2544 ταλ
1471 2509 1472 2514 ’

221 2584 439 2671 πληρεστάτην
460 2584 567 2661 αύταίς
588 2585 728 2658 διατάξει
741 2586 796 2672 τὴν
812 2585 897 2672 ἰσχὺν
913 2584 1183 2673 φιλοτιμησασθαι.
1220 2583 1349 2670 7.[1ρο·
1370 2603 1398 2655 τ,

221 2684 328 2769 τρέπει
348 2683 452 2750 τοίνυν
474 2685 525 2750 διὰ
548 2687 603 2774 τῆς
625 2686 788 2774 παρούσης
810 2687 987 2763 διατάξεως
1007 2687 1247 2773 ὁημεροίτοιυς
1261 2685 1351 2772 ἡμων

96 2865 98 2868 ¹
218 2787 379 2868 βασιλεὺς,
411 2789 492 2871 πρὸς
528 2786 585 2862 οθς
616 2788 730 2876 ταύτην
763 2787 929 2874 έποιησατυ
953 2789 1006 2874 τὴν
1030 2787 1231 2874 ἀντιγραφὴν,
1267 2777 1353 2862 ιύςτε

133 2875 135 2880 ⁸
222 2890 318 2978 πολλῇ
341 2913 377 2978 τη
400 2889 532 2972 δυνάμει
553 2889 603 2953 ταὶ
625 2889 780 2975 προθύμῳ
797 2887 922 2976 σπουδη
937 2889 1009 2965 τούς
1025 2888 1182 2976 παρόντας
1197 2888 1352 2962 δέξασθαι

170 3005 204 3058 25
223 2991 336 3076 νόμους
358 2993 407 3056 καί
429 2993 480 3055 διὰ
500 2995 557 3078 τῆς
578 2991 682 3056 αὐτῶν
704 2994 913 3074 ἀναγνώσεως
933 2991 1036 3069 οὕτως
1050 2994 1182 3068 ἑαυτούς
1198 2990 1351 3065 έπιδεῖξα·

222 3094 348 3179 σοφοὺς,
372 3083 454 3170 ύλςτε
476 3094 592 3171 αύτούς
614 3095 672 3158 ὑπὸ
696 3095 855 3182 καλλίστης
872 3093 1050 3179 τρέφεσθαί
1063 3117 1095 3158 τε
1112 3095 1160 3158 καὶ
1174 3093 1354 3159 θάλπεσθαι

222 3197 277 3281 τῆς
298 3194 432 3274 έλπίδος,
456 3196 501 3272 ὡς
523 3197 639 3273 παντὸς
660 3199 715 3259 τού
739 3203 864 3279 νομοιοῡ
885 3193 1086 3270 διανυθέντος
1115 3194 1211 3281 ἔργου
1243 3196 1354 3281 διαφύ-

220 3319 290 3381 ρων
313 3299 368 3383 τῆς
389 3296 485 3362 αὐτοῦ
507 3297 663 3374 πολιτείας
683 3297 817 3382 ἄρξουσι
837 3299 959 3382 μερῶν.
968 3298 994 3381 ⁶)

293 3465 315 3530 1)
334 3465 424 3527 νόμων
444 3463 505 3520 αδδ.
523 3464 555 3519 1⁴¹.
576 3463 608 3519 R.
711 3465 736 3530 ἲ)
754 3465 819 3525 τούς
836 3464 896 3520 αδδ.
916 3465 946 3520 F.
965 3465 999 3521 R.
1106 3465 1130 3532 Ι)
1148 3464 1345 3520 έιτέθειταιΒ

222 3549 247 3616 ⁴)
265 3547 281 3600 δ
300 3549 403 3604 emend.
421 3547 453 3604 B.
566 3551 589 3617 ὅ)
607 3550 675 3610 τίοι
698 3549 748 3606 Ll.
774 3558 803 3604 ει
825 3551 875 3609 1ιῖ.
911 3552 972 3604 διον
997 3551 1028 3606 F.
1052 3551 1109 3604 δεῖν
1133 3551 1167 3606 R.
1271 3552 1295 3620 ὅ)
1312 3551 1352 3604 ita

224 3631 274 3688 m.
297 3629 369 3704 δρξη
386 3633 417 3702 (i.
434 3649 457 3688 ε.
478 3663 508 3675 -
529 3634 634 3702 at)11².
669 3632 753 3706 δρξαι
769 3635 800 3690 Ρ.
836 3633 931 3706 δρέειν
951 3635 983 3692 F.
1000 3636 1034 3692 R.

691 3909 891 3924 ¹*-
