2864 4736
515 373 754 436 -438-

82 557 149 614 crat
176 550 204 612 ei
233 551 385 632 pecuniae
413 555 594 616 numeratae
622 549 736 612 solutio
760 549 892 631 Ephesi:
921 555 1012 613 extm
1034 548 1193 632 Ephesum

81 681 184 738 antem
208 675 416 758 perdifficilis:
445 695 546 757 neque
571 680 694 758 oportet
722 693 792 738 eum
819 681 910 739 extra
932 674 1090 757 Ephesum
1113 675 1145 738 in
1170 674 1194 739 0

82 819 192 864 aureos
222 800 446 866 condemnare:
476 822 495 864 a
527 801 551 864 C
582 817 658 882 ergo
689 799 794 863 aureis
822 805 940 862 tantum
970 806 1018 864 est
1041 799 1194 864 deducen-

82 923 163 1005 dum,
189 926 296 1005 quanti
313 925 381 990 eins
404 925 535 991 interest
550 925 667 1008 Ephesi
691 923 822 988 soluere.
858 923 937 988 forte
961 924 1041 988 enim
1067 931 1195 990 coactns

81 1029 198 1114 Romae
228 1050 366 1115 debitum
397 1051 520 1116 soluere
550 1051 611 1114 XX
643 1070 757 1115 aureos
790 1049 941 1133 impendit
972 1050 1013 1114 ad
1043 1071 1195 1114 summam
1232 1065 1247 1112 5

81 1174 335 1257 comparandam,
359 1196 452 1256 quarn
476 1175 551 1238 mihi
575 1175 651 1239 dare
675 1177 855 1258 oportebat3
880 1179 911 1238 et
932 1174 1004 1240 ideo
1029 1195 1091 1240 non
1114 1175 1146 1239 in
1171 1174 1195 1239 0

80 1319 194 1364 aureos
220 1301 490 1382 condemnabitur,
520 1306 568 1365 set
595 1300 626 1364 in
654 1301 783 1366 LXXX.
837 1299 955 1383 Ephesi
982 1306 1085 1364 antem
1109 1299 1195 1364 nulla

80 1424 375 1489 commemoratione
399 1425 431 1488 in
447 1425 571 1489 actione
594 1425 688 1506 facta,
713 1445 780 1488 eum
806 1431 896 1488 extra
912 1424 1068 1507 Ephesum
1090 1445 1194 1506 agam,

79 1549 163 1630 qnod
187 1550 313 1612 eumin
337 1548 361 1613 C
384 1569 497 1614 aureos
521 1549 723 1614 condemnari
746 1569 820 1612 curo
845 1553 936 1632 (pura
960 1549 1041 1612 enim
1064 1548 1194 1613 intentio

79 1674 146 1738 eius
172 1673 256 1755 quod
283 1674 413 1739 interest
440 1673 690 1740 aestimationem
717 1673 785 1738 fieri
811 1693 874 1738 non
902 1673 1004 1756 sinit),
1028 1673 1099 1738 ideo
1125 1674 1194 1757 plns
1216 1688 1248 1738 10

79 1805 161 1881 peto.
211 1799 289 1863 haec
320 1805 424 1865 autem
455 1799 574 1863 utilitas
605 1799 787 1882 plemmqne
818 1798 849 1862 in
877 1798 1012 1863 uenditis
1039 1798 1194 1862 mercibus

78 1943 228 2005 magnam
252 1923 363 2006 recipit
384 1922 601 2005 differentiam,
624 1923 720 1988 uoluti
744 1923 816 1988 uino
836 1924 990 1990 frumento
1007 1924 1088 2006 oleo,
1113 1943 1194 2005 qnae

78 2068 136 2131 per
160 2047 303 2130 singulas
326 2049 473 2131 regiones
497 2049 623 2114 diuersa
640 2051 755 2114 habent
778 2049 887 2132 pretia.
926 2069 999 2112 nam
1022 2049 1049 2113 si
1066 2048 1090 2113 C
1107 2048 1195 2114 aurei

78 2175 201 2237 Romae
226 2194 246 2236 a
269 2194 318 2237 me
341 2181 495 2256 petantur,
520 2179 550 2238 ct
573 2195 669 2256 cogar
692 2194 821 2256 meroes,
845 2194 923 2255 quas
945 2175 1058 2256 habeo,
1083 2174 1194 2240 disha-

78 2299 165 2378 here,
191 2297 333 2380 redigam
357 2319 395 2363 en
412 2298 460 2363 his
475 2300 555 2364 forte
572 2300 735 2364 dumtaxat
751 2320 864 2365 aureos
881 2299 920 2380 0;
945 2319 1014 2363 curn
1035 2298 1062 2363 si
1078 2299 1195 2383 Ephesi
1216 2312 1247 2362 15

78 2442 134 2486 eas
160 2423 377 2506 distraherem,
404 2423 488 2488 CXX
513 2444 626 2506 aureos
649 2425 834 2507 redigerem.
872 2445 974 2504 neque
992 2425 1024 2488 in
1041 2425 1195 2489 mercibus

78 2548 197 2628 solum,
234 2554 282 2612 set
316 2549 410 2612 etiarn
438 2549 470 2612 in
498 2549 568 2632 ipsa
603 2549 737 2631 pecunia
768 2556 932 2614 numerata
963 2570 1021 2633 per
1054 2550 1196 2633 singulas

77 2673 230 2755 regiones
258 2679 306 2737 est
333 2673 519 2737 differentia.
576 2693 638 2738 non
667 2675 748 2738 enim
777 2674 808 2738 in
841 2675 984 2739 omnibus
1015 2675 1196 2756 regionibus

78 2798 192 2862 eadem
224 2803 271 2862 est
299 2819 462 2862 usurarum
489 2799 580 2862 ratio.
627 2800 745 2863 Romae
779 2800 877 2881 enim,
912 2799 1071 2883 plerisque
1105 2800 1196 2864 fenus

78 2924 313 2999 exercentibus,
336 2945 450 2988 usurae
473 2924 552 2989 forte
577 2925 768 3004 quadrantes
792 2947 812 2988 a
834 2945 885 2989 me
908 2925 1087 3006 exigentur,
1115 2925 1197 2990 idest
1215 2935 1249 2987 20

78 3049 162 3113 terni
186 3048 275 3113 aurei
298 3069 354 3132 pro
380 3049 535 3113 centenis:
565 3048 597 3114 in
625 3049 789 3133 prouincia
817 3057 934 3132 autem,
962 3051 1129 3134 perpaucis
1152 3049 1197 3114 ibi

77 3173 233 3258 pecunias
256 3173 463 3256 credentibus,
488 3173 515 3239 si
538 3174 702 3258 pecuniam
727 3183 865 3239 mutuam
890 3175 1058 3258 accipiam,
1082 3181 1116 3239 ut
1141 3175 1196 3240 tibi

79 3300 214 3378 soluam,
238 3297 397 3363 dimidium
415 3300 614 3381 centesimae,
638 3300 721 3364 idest
737 3320 830 3365 senos
848 3321 963 3364 aureos
982 3321 1039 3383 pro
1057 3300 1195 3365 centenis

78 3429 245 3508 praestare
269 3424 402 3489 debebo.
433 3425 538 3506 itaque
563 3426 658 3490 etiam
682 3424 714 3489 in
730 3446 893 3490 usurarum
914 3425 1035 3489 ratione
1052 3425 1195 3491 differen-

79 3550 156 3614 tiam
181 3550 325 3631 singulae
350 3550 495 3632 regiones
523 3551 680 3614 inducunt.
726 3551 797 3616 ideo
827 3570 902 3632 ergo
931 3555 1055 3633 oportet
1077 3550 1247 3633 Ephesiae

79 3674 271 3738 mentionem
298 3675 430 3756 habere,
458 3681 492 3739 ut
514 3676 548 3740 id
571 3677 654 3756 qnod
677 3676 807 3740 interest
830 3675 967 3759 perspici
990 3675 1099 3759 possit.
1145 3676 1194 3740 sin

80 3805 187 3864 autern
204 3805 235 3863 te
252 3799 423 3864 debitorem
441 3821 542 3864 meum
559 3801 676 3885 Ephesi
691 3821 819 3884 possum
836 3799 986 3882 inuenire,
1003 3821 1080 3884 pure
1097 3800 1195 3865 inten-

80 3924 170 4006 dam3
206 3945 279 3988 nam
314 3945 383 3989 enm
409 3925 527 4009 Ephesi
554 3947 647 4008 agas,
683 3926 745 3992 loci
776 3925 964 3991 mentionem
995 3926 1101 3992 facere
1132 3945 1195 3996 nou
