2876 4712
518 388 752 451 -ett-

83 577 289 644 tautummodo
312 575 502 660 relinquens,
524 576 618 640 atium
645 581 750 641 autem
779 576 948 657 adgnatam
977 591 1037 639 uon
1066 573 1197 639 babens:

83 703 206 779 patruus
229 697 326 760 ueluti
350 695 549 778 proximus
571 703 719 769 uocatur,
749 694 892 775 quamuis
920 694 1000 759 alius
1031 711 1091 758 non
1114 701 1199 759 extet

48 815 201 896 agredus,
226 835 359 898 quocum
382 816 450 897 ipse
472 822 678 896 comparetur.
729 815 757 880 6.
792 811 852 880 Sed
880 815 907 878 si
935 813 1005 897 quis
1031 814 1199 879 intestatus

82 935 216 1012 decedat,
239 933 290 999 ilie
313 943 349 998 ut
370 935 529 1017 proximus
558 933 626 999 adii
648 936 700 1017 qtri
724 933 833 998 mortis
856 939 996 1018 tempore
1019 933 1147 1016 propius
1170 935 1199 998 ei

81 1055 218 1134 adsedet,
242 1053 330 1120 cuius
353 1056 393 1119 de
415 1054 590 1120 hereditate
613 1055 784 1136 quaeritur.
809 1055 835 1118 si
857 1072 934 1120 uero
957 1059 1092 1118 testatus
1115 1050 1199 1133 quis·
1233 1061 1248 1110 s

79 1194 165 1256 quarn
190 1172 372 1252 decesserit,
394 1193 450 1256 per
473 1173 531 1238 hoc
555 1179 677 1253 tempus
699 1173 879 1256 requiritur,
903 1191 965 1254 quo
987 1181 1106 1237 certum
1130 1191 1198 1239 esse

78 1293 211 1376 coeperit
230 1293 383 1359 neminem
407 1313 443 1360 ex
467 1299 653 1359 testamento
670 1292 815 1359 defuneto
837 1294 1033 1372 successisse,
1056 1294 1198 1376 quisnam

78 1415 233 1493 proximus
256 1413 364 1504 tuerit:
387 1419 461 1478 tunc
483 1414 563 1477 enim
587 1413 712 1494 proprie
735 1412 805 1496 quis
828 1413 942 1478 dicitur
961 1413 1131 1478 intestatus
1146 1415 1199 1478 de-

77 1535 215 1599 cessisse.
261 1532 492 1615 quodquidam
520 1533 689 1614 aliquando
719 1532 810 1613 longo
840 1539 979 1614 tempore
1009 1531 1197 1596 declaratur.

76 1652 106 1718 iu
127 1670 189 1732 quo
214 1654 317 1734 spatio
340 1653 490 1734 temporis
512 1653 638 1736 saepius
661 1653 783 1730 accidit,
807 1661 842 1717 ut
857 1654 909 1734 qui
926 1652 1035 1717 mortis
1059 1659 1197 1734 tempore
1218 1646 1250 1698 ¹⁰

76 1779 240 1842 remotiore
254 1778 355 1858 gradu
370 1788 439 1842 erat
453 1776 585 1842 uicinior
600 1777 700 1844 tactus
716 1773 920 1841 hereditatem
936 1776 1051 1855 capiat.
1077 1781 1113 1838 ut
1127 1792 1199 1840 ecce

76 1904 216 1962 manuus
239 1897 435 1978 estquidam
458 1905 640 1962 extraneum
662 1897 828 1962 instituens
850 1895 1006 1972 heredem,
1030 1895 1126 1959 tratre
1148 1913 1199 1960 ex·

76 2022 168 2094 tante,
193 2023 322 2082 extante
343 2025 375 2080 et
397 2023 519 2096 patruo.
562 2017 698 2098 scriptus
721 2015 811 2080 ireres
835 2013 1028 2079 deliberabat
1050 2031 1088 2077 an
1112 2011 1199 2078 adire

76 2145 250 2216 oporteret:
279 2137 401 2201 interim
432 2136 529 2201 irater
557 2134 695 2200 deiuncti
719 2135 866 2200 decessit:
896 2141 966 2216 post
997 2133 1075 2198 haec
1097 2139 1197 2197 extra·

76 2273 150 2320 neus
174 2255 380 2320 hereditatem
405 2256 591 2335 repudiauit.
622 2254 723 2320 adibit
744 2265 876 2338 patruus
898 2261 1007 2334 utpote
1030 2253 1197 2336 proximus.
1220 2253 1249 2303 ¹⁵

76 2393 154 2440 nunc
178 2377 261 2440 enim
285 2376 449 2442 defunctus
472 2377 639 2440 intestatus
662 2375 817 2458 apparuit,
841 2393 909 2442 cum
933 2395 1022 2440 nemo
1046 2395 1082 2440 ex
1103 2383 1197 2439 testa-

76 2503 178 2560 mento
211 2494 279 2560 eius
308 2494 420 2560 adierit
447 2494 668 2560 hereditatem:
702 2495 860 2576 proximus
895 2495 1042 2560 inuentus
1071 2503 1119 2560 est
1146 2513 1198 2578 pa·

76 2623 164 2680 truus
188 2613 335 2694 quamuis
358 2615 466 2680 mortis
489 2621 629 2695 tempore
644 2617 791 2682 remotior
806 2614 926 2690 inisset,
949 2614 1046 2680 fratre
1061 2615 1198 2680 defuncti

39 2751 59 2802 r.
76 2741 148 2799 tuno
171 2743 309 2800 extante.
355 2736 384 2796 7.
418 2733 453 2799 In
483 2735 690 2816 adgnatorum
720 2735 949 2802 hereditatibus
978 2753 1039 2800 non
1067 2742 1199 2802 nouerat

70 2851 122 2918 iex
145 2855 209 2920 XII
230 2855 409 2919 tabularum
436 2857 676 2921 successionem:
705 2857 786 2920 idest
813 2865 935 2920 mortuo
964 2857 1103 2936 proximo
1125 2861 1198 2922 ante
1216 2855 1249 2908 20

75 2973 246 3038 aditionem
271 2975 321 3038 uel
343 2975 546 3040 hereditatem
562 2976 755 3057 repudiante,
779 2994 841 3040 nou
865 2978 934 3040 ideo
957 2974 983 3039 is
1006 2973 1106 3057 quiin
1129 2995 1198 3056 pro-

74 3095 205 3158 ximiore
228 3095 329 3175 gradu
350 3093 489 3176 legitimo
511 3093 580 3160 iure
603 3104 694 3172 esset,
718 3097 966 3177 consequebatur
983 3095 1198 3160 hereditatem.
1221 3152 1224 3161 .

76 3221 109 3276 ut
132 3232 217 3292 ecce,
240 3223 382 3280 mortuus
404 3217 545 3296 estquis
571 3217 758 3292 intestatus,
787 3225 912 3281 extante
934 3217 1045 3294 tratre,
1073 3222 1198 3280 extante

76 3345 105 3397 et
127 3340 257 3414 patruo:
280 3334 379 3398 frater
400 3335 572 3400 uocabatur
594 3343 703 3414 utpote
725 3337 899 3418 proximus:
922 3337 948 3400 si
971 3354 1045 3416 ergo
1066 3333 1199 3417 contige·

75 3455 114 3517 rit
136 3455 268 3518 tratrem
292 3452 344 3518 uel
365 3463 438 3519 ante
458 3455 625 3520 aditionem
642 3457 718 3520 mori
736 3455 785 3521 uel
802 3455 1006 3522 hereditatem
1024 3455 1249 3536 repudiarem

75 3581 210 3654 patruus
233 3582 342 3655 utpote
365 3576 521 3658 adgnatua
543 3594 602 3640 non
627 3577 805 3657 perueniet‚
828 3595 897 3640 cum
925 3575 975 3641 lex
997 3575 1055 3640 Xll
1080 3575 1198 3639 tabula-

75 3711 145 3757 rum
169 3697 396 3762 successionem
420 3697 552 3779 ignoret.
598 3697 727 3765 Praetor
757 3707 861 3764 autem
891 3697 968 3762 iuris
992 3694 1093 3764 ciuilis
1116 3711 1200 3759 erro·
