2864 4736
522 382 760 446 -432—

46 567 81 618 28.
91 557 241 637 exegerit,
264 556 357 622 sicuti
380 563 412 622 et
433 558 465 622 in
489 558 611 622 actione
638 557 713 621 furti
743 557 908 622 manifesti.
955 561 1006 624 28.
1029 559 1194 623 notionum

90 687 191 745 antem
208 681 361 761 quaedam
375 683 495 747 bonae
518 682 612 747 lidei
625 689 705 763 sunt,
730 683 884 763 quaedam
898 683 1062 747 strictae.
1092 684 1194 747 bonae

88 804 158 868 fidei
182 811 253 869 suut
268 807 342 871 hae:
367 827 406 872 ex
422 814 526 891 empto
542 807 679 889 uendite,
703 808 799 873 locati
819 807 973 889 conducti,
998 809 1194 890 negotiorum

87 935 255 1011 gestorum,
284 931 437 1014 mandati,
461 932 605 1016 depositi,
634 951 691 1016 pro
715 933 811 1012 socio,
840 932 967 1014 tutelae,
996 933 1193 1015 commodati,

87 1054 302 1138 pignoraticia,
326 1058 466 1123 familiae
483 1057 695 1139 erciscundae,
719 1058 875 1122 communi
898 1057 1080 1138 diuidundo,
1105 1079 1194 1141 prae·
1231 1073 1246 1122 o

86 1181 210 1265 scriptis
223 1184 338 1266 uerbis,
363 1205 445 1266 quae
461 1185 677 1250 aestimatoria
692 1191 830 1250 uocatur.
865 1184 953 1250 locus
969 1190 1074 1248 autem
1090 1183 1120 1247 ei
1136 1189 1192 1265 est,

85 1325 151 1369 oum
177 1327 242 1371 rem
262 1308 469 1388 aestimatam,
494 1310 593 1373 ueluti
616 1315 831 1373 omamentnm
855 1309 907 1372 uel
931 1308 1017 1372 alind
1041 1308 1194 1389 quidlibet

85 1429 251 1512 eiusmodi,
278 1433 335 1497 tibi
358 1433 553 1498 uendendam
578 1433 699 1497 tradam
724 1432 845 1497 dicens:
874 1439 930 1496 ant
953 1431 978 1496 O
1001 1453 1114 1496 aureos
1138 1440 1193 1496 aut

83 1575 146 1618 rem
181 1556 281 1638 ipsam
315 1557 389 1620 mihi
423 1557 579 1622 restituas.
626 1564 673 1622 est
707 1556 772 1621 alia
806 1575 931 1638 qnoque
967 1557 1049 1621 actio
1084 1577 1192 1640 prae-

82 1680 240 1764 scriptis
274 1683 416 1764 nerbis,
453 1703 534 1763 quae
570 1703 608 1746 ex
642 1653 870 1766 permutatione
905 1681 1062 1765 competit.
1118 1682 1192 1746 item
1213 1693 1245 1744 10

82 1806 265 1870 hereditatis
289 1807 409 1890 petitio.
458 1807 601 1889 quamuis
625 1807 707 1872 enim
731 1827 830 1887 usque
854 1806 956 1870 adhuc
980 1805 1193 1888 ambigeretur

81 1936 178 2011 atque
202 1930 354 1997 incertum
371 1939 463 2013 esset,
486 1940 589 1997 utrum
612 1933 693 1996 inter
715 1933 818 1996 bonae
840 1931 914 1996 fidei
936 1931 1054 1995 indicia
1077 1950 1191 1995 connu-

79 2055 234 2120 meranda
263 2061 347 2121 esset
377 2075 490 2137 necne,
526 2055 724 2139 imperatoris
753 2062 858 2119 tamen
887 2054 984 2120 nostri
1012 2054 1191 2118 constitutio

31 2195 68 2243 uo.
78 2187 191 2263 aperte
227 2201 297 2246 eam
335 2201 405 2246 esse
443 2182 544 2246 bonae
579 2180 653 2245 fidei
687 2179 834 2243 defininit.
889 2183 940 2246 29.
964 2179 1031 2242 ltei
1066 2197 1190 2259 quoque

78 2305 239 2370 uxoriae
263 2305 344 2370 actio
369 2307 465 2386 (quae
490 2309 560 2387 post
583 2304 707 2387 nuptias
731 2303 851 2367 solutas
879 2301 969 2367 uxori
993 2303 1190 2385 competebat
1211 2314 1242 2366 15

77 2429 235 2494 aduersus
258 2429 359 2493 uirum
383 2429 422 2493 ad
450 2429 571 2494 dotales
595 2449 645 2493 res
668 2428 870 2511 repetendas)
894 2435 962 2491 crat
986 2429 1086 2490 bonae
1109 2426 1190 2493 fidei.

75 2561 124 2618 set
149 2555 329 2619 constitutio
353 2553 503 2638 principis
518 2553 626 2634 nostri,
651 2573 690 2618 ea
706 2553 841 2634 sublata,
871 2552 912 2616 ad
929 2552 1032 2616 dotem
1048 2557 1190 2635 repeten-

75 2679 149 2744 dam
176 2679 331 2743 actionem
355 2699 393 2743 ex
417 2679 578 2764 stipulatu,
603 2677 712 2762 utpote
735 2677 916 2761 pleniorem,
942 2676 1028 2741 dedit
1051 2683 1083 2741 et
1099 2697 1189 2740 omne

74 2803 124 2866 ius
154 2803 203 2866 rei
231 2803 360 2868 uxoriae
389 2803 521 2868 actionis
549 2804 590 2866 ad
618 2823 688 2867 eam
714 2801 881 2867 transtulit.
927 2808 959 2866 et
986 2821 1056 2865 cnm
1084 2801 1189 2883 plures

74 2927 158 2992 alias
184 2926 356 2992 inuenisset
383 2927 589 3008 differentias,
626 2927 742 2992 actioni
769 2947 808 2991 ex
837 2927 1002 3011 stipulatu,
1038 2945 1120 3006 quae
1149 2925 1188 2988 ad
1209 2937 1242 2988 20

73 3051 182 3116 dotem
200 3051 386 3134 exigendam
406 3053 564 3136 competit,
588 3053 716 3117 tacitam
732 3051 939 3135 hypothecam
957 3050 1044 3115 dedit
1058 3050 1091 3114 in
1107 3050 1189 3114 dotis

73 3175 243 3242 exactione
267 3183 298 3241 et
320 3177 473 3260 praeferri
497 3177 657 3242 mulierem
685 3177 775 3242 iussit
801 3177 944 3242 omnibns
972 3175 1187 3254 creditoribus,

72 3301 149 3366 licet
174 3305 314 3385 tompore
342 3302 464 3386 priores
493 3303 561 3366 sint.
608 3302 691 3385 quod
715 3308 787 3366 tuno
816 3303 939 3366 demum
962 3301 1095 3384 optinet,
1118 3319 1187 3364 oum

71 3425 188 3490 mulier
219 3445 259 3490 ea
286 3446 367 3506 qnae
397 3426 478 3490 dotis
508 3427 631 3491 nomine
662 3425 748 3490 dedit
776 3431 913 3509 repetat,
942 3432 974 3488 et
1000 3423 1072 3488 ideo
1096 3423 1123 3488 si
1146 3422 1187 3486 ad

72 3549 279 3614 donationem
303 3557 376 3616 ante
399 3551 524 3634 nuptias
552 3551 602 3616 nel
630 3559 758 3634 propter
785 3550 909 3633 nuptias
937 3547 1187 3633 persequendam
1206 3557 1239 3607 ‘25

71 3673 201 3738 actione
226 3694 266 3738 ex
289 3675 438 3758 stipulatu
462 3675 597 3759 experiri
621 3674 705 3756 uelit,
733 3694 795 3738 nou
818 3673 929 3738 iisdem
952 3673 1071 3737 fruetur
1093 3671 1187 3755 prini-

20 3797 177 3880 30.legiis.
225 3802 276 3866 30.
292 3799 327 3862 ln
351 3799 453 3864 bonae
476 3798 549 3864 fidei
573 3797 694 3864 iudiciis
718 3802 858 3882 potestas
882 3797 1068 3880 permittitur
1091 3796 1187 3861 iudici
