2932 4704
551 338 783 403 -113-

116 543 160 590 ne
178 530 396 608 perceptorum
418 525 574 592 fructuum
596 525 752 592 dominum
774 523 842 592 fieri
863 545 921 610 pro
942 525 1066 594 culture
1087 531 1120 592 et
1141 542 1226 604 eure,

116 663 209 728 qoam
229 645 261 710 in
283 645 383 711 isdem
403 645 549 728 impendi.
594 650 626 712 et
651 645 723 713 ideo
752 653 861 729 posteo
890 648 1112 728 superueniens
1137 645 1228 712 fundi

117 763 260 831 dominus
281 763 411 831 mudum
434 764 649 832 uindicutnme
670 765 786 832 nullom
806 765 838 832 in
860 782 910 832 me
932 765 1059 833 bubemr
1073 765 1226 832 actionem

115 883 149 948 de
176 881 335 949 fructibus
364 901 442 967 qnos
469 901 527 966 ego
559 881 633 950 inde
660 884 831 968 percipiens
858 883 1043 966 consumpsi.
1093 883 1122 950 si
1150 901 1227 950 uem

118 1000 216 1067 sciens
240 1001 375 1068 elienum
399 1001 589 1084 possederim
610 1020 735 1085 egnum,
760 1021 822 1069 non
843 1003 953 1070 focium
976 1021 1059 1069 meos
1087 1001 1226 1069 mucius:
1261 1005 1279 1057 5

120 1122 225 1204 iisque
257 1125 290 1186 et
321 1119 449 1187 fundum
481 1139 552 1188 cum
583 1121 655 1188 inde
687 1122 842 1206 perceptis
874 1121 1027 1188 noctibus
1059 1123 1228 1190 restituere

77 1255 209 1324 mcogur
238 1241 332 1306 etium
359 1241 387 1308 si
414 1259 468 1308 eos
496 1241 748 1324 consumpserim.
804 1241 854 1308 36.
888 1241 1037 1310 Eiusdem
1062 1242 1130 1326 egri
1157 1257 1229 1325 pro

117 1361 280 1441 prietatem
303 1378 360 1443 ego
382 1359 543 1439 habebam,
565 1365 728 1428 tuentem
750 1359 960 1428 usufructum:
981 1379 1042 1428 non
1063 1358 1156 1427 eliter
1175 1357 1229 1426 do

118 1478 216 1544 minus
238 1476 397 1545 fructuum
419 1477 485 1558 fies,
508 1495 601 1561 quum
622 1476 650 1544 si
672 1495 725 1545 coe
746 1478 932 1562 perceperis.
965 1484 999 1546 et
1023 1476 1095 1544 ideo
1116 1479 1143 1543 si
1165 1495 1229 1543 me·

118 1596 195 1664 turis
218 1595 373 1664 fiuctibus
393 1595 494 1665 odbuc
516 1603 620 1664 temen
641 1597 848 1680 pendentibus
875 1597 1057 1675 decesseris,
1084 1613 1138 1664 eos
1166 1614 1226 1663 non
1247 1603 1279 1656 lo

122 1717 269 1800 percipiet
296 1716 388 1784 freres
416 1723 505 1796 tuus,
544 1724 592 1784 set
623 1717 828 1801 proprietario
860 1716 1069 1798 pertinebunt
1119 1714 1227 1781 eudem

123 1835 183 1904 fere
213 1844 247 1904 et
276 1837 315 1904 de
343 1838 450 1903 colono
478 1835 626 1920 optinent
669 1836 806 1903 sienim
828 1853 938 1922 ugrum
966 1834 1023 1902 tibi
1048 1833 1225 1912 loceuerim

119 1975 174 2022 non
196 1956 288 2040 prius
310 1957 453 2024 dominus
474 1955 631 2024 fructuum
652 1956 725 2024 inde
739 1957 950 2037 quaesitorum
971 1954 1036 2034 des,
1058 1971 1150 2038 quem
1173 1971 1226 2020 ece

121 2093 138 2142 u
158 2081 243 2142 terre
265 2075 450 2158 perceperis.
481 2075 607 2156 [noculo
627 2081 733 2142 eumn
753 2073 840 2143 iere
861 2091 1056 2158 supernueuo
1076 2071 1225 2150 uideturJ.

80 2193 168 2260 etit
196 2192 338 2260 Gnmde
359 2194 427 2278 egri
449 2193 613 2262 usufructu
634 2192 756 2262 locutus
777 2195 845 2272 sim,
868 2193 1079 2261 edmoncndus
1100 2209 1134 2259 es
1154 2207 1228 2257 usu·
1247 2207 1277 2261 15

123 2312 252 2379 bustum
274 2313 430 2396 pecudum
452 2311 550 2382 fetum
572 2329 680 2380 eorum
700 2331 778 2394 esse,
800 2313 892 2380 sicuti
913 2319 946 2379 et
959 2311 1069 2380 luctem
1084 2316 1117 2378 et
1130 2310 1227 2391 pilum

124 2437 154 2497 et
171 2431 284 2498 lunum.
328 2431 434 2515 imque
455 2431 530 2515 ugni
551 2437 585 2498 et
604 2429 697 2497 hoedi
719 2437 751 2498 et
771 2431 862 2497 uituli
891 2436 923 2497 et
949 2428 1055 2513 equufl
1077 2429 1169 2496 simui
1189 2445 1226 2495 ue

124 2557 289 2619 nuscuntur
311 2551 446 2618 netumii
467 2552 536 2618 iure
557 2552 598 2618 ed
619 2539 882 2618 mutuetuerium
904 2549 1070 2636 pertinent
1116 2553 1226 2632 portus

121 2687 194 2736 uero
207 2671 338 2737 ancillae
352 2689 414 2736 non
428 2675 503 2737 sunt
516 2670 548 2738 iu
563 2669 682 2746 iunctm
702 2669 841 2752 quuresi
856 2668 915 2737 tibi
929 2667 1154 2736 usumfructum
1175 2685 1226 2732 nn·

122 2787 206 2856 cilice
224 2808 314 2856 mene
335 2789 493 2870 cesserim,
513 2787 582 2858 loco
603 2789 762 2858 fructuum
781 2787 988 2856 ministerium
1009 2789 1076 2856 eius
1097 2785 1225 2854 hebebis
1242 2793 1277 2847 tc

123 2913 296 2994 etopermn
320 2927 466 2976 munuum
488 2910 572 2990 eius,
593 2916 703 2994 pertus
731 2915 835 2976 nutem
866 2909 981 2976 domini
1008 2907 1071 2976 fiet
1120 2905 1226 2972 obsur-

123 3025 192 3092 dum
218 3028 297 3096 euim
325 3027 429 3095 nisum
456 3035 505 3096 est
531 3027 686 3097 bominem
711 3029 862 3097 fructibus
889 3027 1127 3105 commonerent,
1155 3041 1225 3090 cnm

123 3144 238 3214 fuctus
266 3167 371 3216 omnes
399 3167 504 3216 rerum
531 3154 643 3216 nutura
670 3147 827 3217 bominum
854 3147 957 3234 metio
987 3143 1224 3230 computruerit

973 3513 975 3518 ·
991 3485 1015 3533 δ
