2920 4750
567 337 806 403 -480-

130 533 234 578 rursus
258 513 290 578 in
314 513 425 578 eadem
450 514 521 578 loca
537 515 754 580 concedamus.
790 516 893 581 animo
910 521 1015 581 autem
1032 516 1100 582 solo
1121 537 1243 600 posses·

129 639 248 703 sionem
277 638 410 722 adipisci
438 658 500 703 non
528 659 704 722 possumus.
755 648 788 704 nt
815 661 889 706 ecce
916 640 1048 724 praedic
1075 642 1243 708 uendidisti

128 763 203 828 mihi
238 763 269 828 in
304 763 439 845 quadem
475 763 637 848 prouincia
669 765 746 832 sita:
775 785 814 830 ea
841 766 916 830 mihi
950 765 1073 831 tradere
1103 766 1243 832 uolebas.

127 909 229 970 neque
254 909 313 972 ego
338 910 464 974 possum
489 890 559 954 loco
582 889 639 954 illa
662 891 821 974 accipere,
846 911 947 972 neque
972 890 1108 972 aliquem
1133 911 1242 976 accep-

126 1023 229 1079 turum
257 1015 387 1080 mittere.
438 1034 540 1095 neque
569 1015 650 1079 enim
680 1016 736 1080 tibi
764 1016 868 1082 dicere
896 1037 1039 1100 possum:
1070 1016 1242 1083 »discede
1281 1030 1295 1078 5

127 1161 146 1204 e
169 1139 354 1223 praediis,
379 1159 425 1204 ea
441 1140 536 1204 enim
560 1160 630 1222 ego
654 1141 779 1205 animo
803 1141 1020 1225 possideoe:
1039 1141 1143 1206 animo
1160 1143 1241 1208 enim

125 1271 246 1330 tantum
274 1265 506 1348 possessionem
535 1264 669 1347 adipisci
696 1285 759 1330 non
786 1284 961 1348 possumus.
1011 1268 1242 1349 possessionem

124 1399 230 1454 antem
247 1409 379 1473 corpore
395 1389 470 1454 mihi
486 1391 633 1454 traditam
650 1389 753 1453 animo
777 1410 905 1454 seruare
929 1410 1065 1474 possum.
1116 1393 1242 1472 quinam

124 1521 230 1579 autem
255 1515 328 1597 sint,
355 1535 412 1598 per
435 1534 514 1596 quos
538 1514 612 1578 mihi
636 1515 796 1598 possessio
822 1515 1020 1597 adquiratur,
1049 1517 1244 1582 insecundo

91 1640 322 1705 clustitulione
358 1640 481 1724 plenius
516 1639 658 1705 diximus.
714 1645 743 1707 6.
768 1640 1058 1724 Reciperandae
1091 1661 1242 1725 posses·
1265 1651 1298 1702 10

123 1766 246 1830 sionis
282 1786 380 1830 cansa
411 1771 625 1848 comparatum
659 1771 707 1829 est
739 1765 936 1830 interdictum
966 1766 1073 1830 ‘unde
1102 1766 1157 1830 ni‘.
1215 1767 1242 1832 si

123 1889 208 1954 onim
237 1889 306 1969 qnis
335 1909 384 1953 me
408 1889 440 1954 ni
463 1909 480 1955 e
505 1889 601 1954 faudo
631 1908 701 1954 meo
729 1890 780 1954 uel
810 1889 943 1956 aedibus
970 1891 1048 1956 meis
1077 1893 1241 1976 expulerit,

123 2033 161 2078 eo
187 2012 352 2079 interdicto
380 2014 454 2078 mihi
482 2033 562 2097 opus
592 2020 653 2096 est,
682 2035 739 2097 per
766 2015 849 2097 qnod
876 2015 930 2080 ille
959 2024 1093 2099 sugatur
1119 2037 1241 2100 posses·

123 2139 245 2203 sionem
280 2139 355 2202 mihi
389 2139 569 2218 restituere,
603 2140 747 2220 quamuis
780 2160 840 2222 ego
869 2161 940 2205 enm
972 2141 1053 2205 torte
1088 2147 1182 2206 antea
1210 2143 1241 2206 ni

122 2265 281 2344 eiecerim,
306 2272 360 2352 ant
384 2264 464 2328 clam
488 2264 720 2348 possessionem
744 2263 774 2329 ei
789 2265 997 2349 subripuerim
1022 2270 1075 2330 ant
1098 2265 1241 2349 precario
1263 2283 1294 2332 15

122 2389 163 2454 ab
190 2409 227 2453 eo
251 2389 483 2474 possessionem
508 2389 695 2472 rogauerim.
741 2396 789 2454 set
818 2389 896 2454 haec
925 2388 1050 2471 quidem
1079 2391 1163 2474 apud
1186 2411 1240 2456 ne·

121 2521 222 2593 teres3
240 2533 320 2578 nnnc
336 2534 422 2594 uero,
440 2512 485 2578 uti
497 2513 639 2597 superius
657 2512 800 2594 diximus,
825 2514 1099 2580 constitutionibus
1116 2523 1240 2581 cantum

121 2647 180 2718 est,
206 2645 239 2701 nt
261 2637 288 2702 si
312 2636 382 2720 quis
405 2655 471 2700 rem
494 2657 583 2702 suem
607 2636 640 2699 ui
663 2644 804 2720 occupet,
828 2638 896 2702 eins
916 2638 1086 2703 dominium
1102 2639 1239 2712 amittat3

121 2764 171 2826 sin
195 2769 301 2827 antem
321 2761 473 2842 alienam,
502 2768 534 2826 et
556 2761 657 2845 ipsam
681 2781 747 2826 rem
771 2762 928 2844 restituat,
958 2763 1079 2828 eteius
1107 2764 1240 2848 pretium

121 2889 151 2951 ei
176 2893 326 2970 praestet,
351 2885 404 2967 qui
427 2886 490 2950 uim
515 2907 627 2970 passus
651 2895 707 2952 cst.
753 2887 806 2968 qni
830 2895 935 2953 autem
964 2889 1120 2968 quendam
1146 2889 1177 2954 ni
1201 2911 1240 2954 ox
1260 2905 1294 2954 ‘20

121 3033 182 3078 sua
206 3011 406 3096 possessione
431 3012 573 3095 expellit,
602 3033 665 3076 non
688 3019 807 3078 tantum
836 3013 893 3078 hoc
917 3013 1082 3078 interdicto
1107 3021 1239 3094 tenetur,

121 3145 171 3201 set
200 3137 294 3201 etiam
318 3137 349 3200 in
373 3137 490 3201 crimen
514 3137 611 3220 legis
635 3138 762 3202 Iuliae
791 3138 834 3202 de
863 3139 899 3202 ui
925 3139 1082 3222 priuato
1105 3137 1173 3203 siue
1197 3137 1240 3202 de

121 3263 159 3326 ni
184 3262 344 3345 publica
367 3260 484 3326 incidit.
531 3271 578 3326 set
602 3262 723 3326 crimini
747 3263 791 3328 de
816 3263 851 3328 ui
879 3264 1034 3346 priuata
1057 3271 1129 3328 tnnc
1152 3263 1240 3328 locus

121 3387 165 3470 lit,
192 3407 260 3452 cum
285 3387 351 3452 sine
376 3386 471 3452 urrnis
495 3387 564 3466 quis
588 3388 650 3451 uim
675 3387 827 3470 intulerit;
852 3389 900 3452 sin
923 3395 1028 3453 antem
1052 3408 1121 3451 cum
1145 3388 1240 3452 armis

121 3513 154 3576 ui
191 3512 345 3593 quendam
379 3532 418 3576 ex
451 3512 652 3595 possessione
688 3513 850 3594 deiecerit,
890 3514 961 3596 lege
999 3513 1081 3578 Iulia
1120 3511 1165 3577 de
1204 3513 1241 3576 ni
1260 3527 1293 3578 25

121 3637 278 3720 publica
300 3637 464 3702 tenebitur.
500 3657 681 3702 armornm
699 3646 802 3702 autem
818 3638 1032 3722 appellatione
1053 3657 1116 3702 non
1139 3638 1239 3703 solum

121 3769 213 3826 scuta
241 3770 273 3826 et
301 3760 400 3844 gladii
427 3767 458 3825 et
486 3761 599 3843 galeae
628 3761 855 3844 significantur,
883 3771 932 3828 set
960 3763 1054 3828 etiam
1081 3764 1181 3828 fustes
1210 3769 1241 3828 et

123 3886 246 3970 lapides
275 3892 306 3951 et
329 3906 421 3951 omne
449 3885 598 3970 deinceps
626 3887 878 3970 instrumentum,
907 3909 968 3969 quo
996 3889 1103 3953 noceri
1131 3888 1240 3972 possit.

178 4213 271 4268 Thespi.
285 4215 396 4260 16166666.
411 4226 454 4260 roo.
469 4215 556 4259 Ferrini.
