2876 4712
548 366 780 431 -310-

101 551 356 632 »Falcidia‹;
379 553 428 618 ius
451 559 556 618 autem
585 554 676 619 ciuile
700 559 832 619 estnon
861 555 997 637 scriptus
1019 555 1221 637 prudentium

98 691 289 752 consensus3
320 692 389 738 cum
413 672 531 754 aliquid
553 672 593 738 ab
617 673 706 738 initio
729 673 955 750 introductum,
978 673 1124 756 deinceps
1145 692 1221 739 uero

97 811 154 874 per
177 813 274 858 usum
290 793 455 857 dilatatum
477 799 542 872 est;
564 793 660 876 idque
674 799 868 875 postremum
884 793 1054 876 prudentes
1070 799 1220 875 tanquam

60 923 79 971 1.
96 913 177 978 utile
194 913 375 995 probantes,
392 915 518 996 proprio
535 933 688 980 consensu
705 913 961 980 conlimauerrmt.
999 919 1024 979 1.
1043 915 1123 980 Ecce
1139 915 1220 980 enim

96 1031 122 1096 si
146 1039 242 1114 pater
270 1031 403 1098 iamdias
432 1053 501 1100 sese
530 1035 562 1099 in
592 1011 828 1116 adrogationem
857 1034 1008 1114 dedisset,
1039 1054 1146 1100 omnes
1170 1045 1254 1098 rest

97 1154 165 1220 eins
189 1154 370 1236 corporales
392 1160 425 1220 ct
452 1155 663 1237 incorporales
692 1174 836 1237 quaeque
858 1156 886 1220 ei
914 1155 1020 1221 debita
1042 1160 1147 1220 essent
1168 1153 1222 1218 ad-

97 1276 243 1356 rogatori
266 1281 360 1340 antea
382 1275 577 1358 adquirebat,
601 1295 707 1342 rerum
729 1295 857 1340 suarum
882 1274 1042 1341 dominum
1064 1293 1135 1340 eum
1158 1272 1222 1340 effi-

98 1395 199 1472 ciem,
231 1396 367 1477 exceptis
394 1396 447 1476 iis,
475 1415 557 1478 quae
584 1415 640 1478 per
669 1396 779 1482 capitis
807 1395 1051 1460 deminutionem
1078 1399 1220 1476 pereunt,

98 1515 204 1594 qualis
229 1521 277 1580 est
298 1533 465 1596 operarum
486 1515 635 1598 obligatio
663 1515 826 1599 (quidnam
848 1515 879 1580 id
902 1521 1008 1580 atrtem
1030 1515 1072 1579 sit
1092 1513 1222 1579 inferius

99 1625 290 1704 admonendi
312 1638 443 1716 sumus),
467 1640 500 1700 ct
520 1636 570 1700 ius
586 1617 784 1716 adgnationis
808 1633 1019 1717 (adgnationis
1045 1633 1127 1697 enim
1153 1633 1222 1696 iure
1242 1643 1273 1692 ro

100 1761 234 1839 propter
255 1759 366 1841 capitis
389 1757 633 1823 deminutionem
655 1759 693 1822 iis
713 1759 767 1839 qui
783 1756 856 1849 olim
871 1757 938 1821 eius
954 1755 1082 1836 adgnati
1098 1751 1223 1817 fuerant

100 1894 162 1941 non
193 1877 405 1960 succedebat).
456 1898 532 1944 usus
561 1879 675 1944 etenim
704 1881 737 1943 et
765 1875 964 1942 ususfructus
992 1875 1066 1940 olim
1096 1872 1222 1956 quidem
1283 1858 1287 1866 ’

102 1996 262 2077 peribant;
285 2003 425 2063 attamen
446 1999 595 2082 principis
617 1999 717 2065 nostri
740 1999 923 2064 constitutio
950 1995 1061 2078 capitis
1084 1993 1223 2058 deminu-

64 2115 85 2164 2·
103 2113 188 2180 tione
211 2117 340 2182 minima
354 2137 407 2183 eos
423 2120 539 2184 resolui
561 2119 729 2202 prohibuit.
765 2123 793 2183 2.
818 2119 906 2183 Idem
922 2115 1119 2182 santissimus
1134 2112 1223 2177 Prin-

103 2253 174 2316 ceps
196 2241 306 2301 noster
327 2236 577 2319 adquisitionem,
601 2257 682 2320 quae
703 2257 761 2320 per
783 2237 1018 2320 adrogationem
1040 2233 1143 2312 fiebat,
1172 2251 1222 2297 co·
1243 2243 1272 2291 15

103 2356 223 2420 artuuit
251 2355 291 2421 ad
320 2357 554 2423 similitudinem
587 2358 804 2440 adquisitionis
835 2357 1025 2422 naturalium
1055 2361 1222 2450 parentum

103 2493 170 2538 earn
194 2474 355 2542 reducens.
389 2495 492 2559 neque
514 2478 596 2543 enim
616 2483 681 2542 tam
696 2477 835 2543 naturali
850 2496 944 2559 quam
969 2477 1117 2558 adoptiuo
1138 2474 1222 2556 patri

72 2681 74 2686 Ι
104 2594 189 2659 aliud
211 2601 338 2677 praeter
353 2596 582 2676 usumfructum
598 2597 776 2680 adquiritur
797 2598 828 2661 in
851 2597 899 2662 his
922 2597 1026 2674 rebus,
1049 2615 1129 2679 quae
1151 2593 1222 2660 filiis

105 2716 298 2782 extrinsecus
329 2721 405 2799 (non
432 2738 507 2784 vero
537 2738 574 2783 ex
604 2739 638 2786 re
666 2719 779 2801 patris)
811 2717 992 2784 obueniunt.
1038 2717 1086 2780 sin
1117 2720 1222 2780 autem

105 2837 266 2916 contingat
293 2856 378 2915 eum,
406 2839 460 2920 qui
483 2838 654 2919 adrogatus
682 2844 745 2910 est,
776 2837 860 2919 apud
887 2837 1108 2918 adrogatorem
1135 2817 1274 2899 decedo

108 2953 194 3033 dere,
223 2975 328 3022 rerum
355 2976 479 3039 quoque
502 2957 673 3022 dominium
695 2956 736 3022 ad
758 2957 977 3038 adrogatorem
1006 2957 1134 3032 transit,
1163 2953 1222 3019 nisi

108 3073 186 3140 forte
208 3076 368 3157 supersint
389 3097 555 3159 personae,
585 3097 667 3160 quae
697 3097 735 3143 ex
760 3077 914 3160 Principis
943 3077 1042 3142 nostri
1073 3075 1223 3140 eonstitu-

112 3194 194 3258 tione
208 3197 291 3276 patri
308 3201 542 3278 anteponuntur
556 3198 587 3261 iu
603 3197 798 3263 successione
813 3215 919 3263 rerum
934 3215 1015 3278 quae
1035 3196 1097 3260 iam
1119 3195 1147 3260 ei
1170 3193 1224 3258 ad·

74 3317 94 3368 ³-
111 3315 223 3394 quisita
237 3334 299 3381 non
315 3321 398 3382 sunt.
422 3318 451 3380 3.
469 3316 501 3381 Si
517 3335 593 3381 uero
609 3317 644 3396 is,
661 3317 715 3399 qui
730 3336 799 3382 sese
814 3314 1029 3398 adrogandum
1044 3313 1140 3392 dedit,
1156 3313 1223 3394 qui-

109 3432 236 3500 busdam
259 3435 378 3518 aliquid
400 3436 502 3515 debet,
524 3436 595 3519 ipsa
615 3437 693 3502 iuris
714 3435 839 3519 quidem
854 3436 1031 3517 suptilitate
1053 3432 1222 3514 adrogator
1239 3439 1272 3488 25

109 3572 166 3619 non
187 3561 314 3622 tenetur
335 3555 505 3639 (quomodo
528 3557 703 3622 enimcum
728 3557 808 3622 alius
834 3557 1026 3622 contraxerit
1048 3555 1127 3619 alius
1150 3571 1222 3618 con-

112 3675 299 3759 uenieturl),
331 3679 381 3741 set
402 3677 527 3742 nomine
548 3675 603 3743 lilii
626 3676 840 3742 conueniatur:
869 3681 902 3741 et
923 3676 949 3740 si
971 3676 1051 3740 nolit
1076 3693 1148 3740 eum
1170 3673 1221 3738 de
