2926 4708
532 381 765 447 ..209-

81 585 179 632 neam
202 584 272 632 rem
294 586 356 633 non
379 585 458 646 esse,
481 587 549 634 eum
571 587 634 634 non
657 569 860 650 reliquissem,
884 571 978 653 idque
993 571 1058 637 diui
1075 571 1122 636 Pii
1137 591 1210 639 con·

82 685 248 752 stitutione
270 693 411 752 canetur.
441 688 561 768 siquis
584 707 650 754 rem
673 687 806 754 alienam
829 689 905 754 mihi
927 687 1082 774 leganerit
1104 698 1136 756 et
1159 690 1210 758 he

82 825 126 871 res
150 823 225 872 cum
249 805 328 872 nolit
349 827 417 873 eam
440 807 595 876 redimere
616 827 653 875 ee
680 810 806 876 tradere
834 809 1010 891 pretiumnc
1037 817 1209 890 praestere,

84 926 166 990 dieat
189 926 300 992 inutile
322 945 392 992 esse
413 925 562 1009 legatum,
584 946 655 994 cum
671 935 804 994 teststor
825 945 894 994 eam
916 927 1051 994 adenem
1066 946 1136 996 esse
1157 946 1211 994 ne·

86 1044 189 1123 sciret,
213 1064 335 1128 egoque
357 1047 528 1128 legatarius
550 1055 660 1114 contra
681 1065 820 1114 esserum
843 1047 982 1114 ualidum
1005 1054 1107 1126 esset,
1139 1065 1211 1114 cum
1243 1056 1263 1109 s

85 1166 179 1245 probe
201 1166 299 1232 sciret
319 1173 455 1233 testetur
475 1185 546 1234 eam
571 1185 641 1233 esse
662 1165 806 1246 dienen,
828 1166 894 1232 utri
914 1164 1107 1248 probationis
1132 1183 1211 1234 onus

86 1284 264 1350 incumbet?
285 1290 390 1351 utrum
413 1285 524 1352 heredi
545 1285 660 1352 dicenti
682 1286 846 1368 ignorasse
868 1291 1051 1352 testatorem
1072 1303 1111 1350 an
1128 1285 1214 1368 lege·

88 1403 165 1468 turio
188 1423 262 1470 enm
285 1405 317 1470 id
339 1405 436 1472 scisse
459 1405 597 1472 dicenti?
618 1411 650 1471 et
670 1406 778 1472 uerius
806 1411 855 1472 est
875 1405 1028 1488 legatario
1056 1405 1212 1488 probatio

89 1541 154 1588 nem
178 1525 452 1598 incumberemus
475 1535 580 1592 autem
603 1525 750 1592 heredem
776 1526 918 1608 probare
939 1529 1100 1608 oportere:
1129 1523 1212 1606 lega·
1255 1499 1259 1506 ⁵

89 1641 186 1707 terius
210 1642 305 1722 enim,
328 1661 400 1708 cum
420 1643 462 1709 sit
482 1652 580 1722 actor,
604 1650 689 1710 recte
710 1644 905 1726 probationis
931 1662 1026 1710 onere
1046 1651 1210 1724 gradetur.
1232 1646 1265 1700 1⁰

53 1777 73 1826 s.
90 1763 116 1825 t.
143 1759 226 1828 Cum
248 1762 348 1829 Titius
368 1763 508 1829 aPrimo
531 1769 672 1829 mutuam
693 1765 867 1847 accepisset
888 1765 1063 1844 pecuniam,
1084 1765 1213 1846 pignere

90 1899 142 1947 seu
171 1881 352 1964 hypotheca
379 1900 471 1948 suum
500 1883 629 1950 fundum
662 1885 691 1950 ei
722 1881 885 1964 obligauit.
936 1883 1074 1950 moriens
1100 1883 1212 1962 Titium,

90 2008 256 2083 numquam
280 2013 422 2067 mutuum
445 2001 640 2082 redderetur,
662 2004 746 2070 hunc
768 2001 899 2069 fundum
918 2002 995 2067 mihi
1010 2001 1138 2084 legauit
1161 2020 1213 2068 ne·

92 2137 173 2185 cesse
194 2117 328 2187 habebit
349 2120 440 2186 heres
462 2128 605 2188 mutuum
627 2121 733 2188 Primo
755 2121 878 2188 soluere
905 2127 938 2188 et
964 2119 1094 2188 fundum
1116 2119 1214 2203 hypo-

92 2239 178 2306 theca
198 2239 333 2307 liberum
355 2242 431 2306 mihi
454 2241 588 2309 tradere.
612 2248 644 2308 et
659 2243 691 2307 in
706 2241 764 2308 hoc
779 2258 904 2325 quoque
926 2259 1002 2306 casn
1023 2240 1132 2306 endem
1154 2238 1213 2305 dit-
1232 2257 1265 2310 lo

93 2355 220 2426 terentia
246 2361 350 2427 locum
378 2361 519 2440 habebit,
547 2380 629 2444 quae
656 2362 688 2426 in
714 2360 920 2444 praecedente
947 2376 1038 2438 casu,
1064 2375 1137 2426 cum
1161 2376 1213 2426 res

94 2481 207 2546 scilicet
228 2479 333 2547 ahena
354 2489 439 2546 esset
459 2480 577 2562 legata.
619 2485 694 2546 tunc
721 2479 802 2546 enim
829 2479 953 2561 cogitur
973 2478 1080 2558 heres,
1110 2477 1213 2544 soluto
1258 2531 1263 2542 r

94 2617 163 2665 aere
182 2602 296 2680 alieno,
318 2619 385 2667 rem
407 2601 583 2684 hypotheca
603 2599 748 2678 liberere,
771 2617 842 2665 cum
864 2597 971 2664 scierit
991 2602 1126 2663 testator
1146 2613 1213 2662 rem

98 2723 264 2804 obligatam
283 2739 353 2789 esse
375 2723 469 2805 idque
491 2721 558 2786 dini
574 2718 712 2816 Seuerus
734 2727 766 2785 et
780 2717 958 2784 Antoninus
972 2717 1211 2798 rescripserunt

95 2842 121 2907 si
141 2851 243 2909 umen
267 2841 369 2908 uoluit
391 2841 559 2908 defunctus
581 2857 647 2906 rem
670 2837 864 2922 hypothecae
892 2833 1025 2902 uinculis
1047 2833 1150 2917 ipsum
1170 2835 1215 2900 le-
1231 2843 1267 2897 as

99 2963 251 3045 guterium
278 2962 367 3029 luere
388 2961 483 3044 idque
510 2943 687 3042 specialiter
716 2955 887 3040 expressit,
914 2973 977 3020 non
1003 2953 1098 3020 dehet
1121 2953 1213 3018 heres

44 3097 83 3170 ¹o.
100 3101 165 3148 mm
192 3083 287 3150 luere.
331 3083 361 3146 6.
397 3081 475 3147 Rem
507 3077 641 3146 alienam
674 3078 733 3144 tibi
765 3075 878 3158 legaui.
928 3091 999 3140 cum
1025 3077 1214 3139 momento

99 3203 220 3270 condito
247 3202 494 3286 superuixerim,
522 3201 590 3266 eins
618 3199 666 3266 rei
694 3205 730 3263 tu
751 3193 923 3280 legatarius
945 3192 1089 3260 domium
1110 3187 1214 3255 factus

100 3341 141 3388 ee
177 3324 272 3406 ipsam
294 3341 361 3389 rem
383 3322 425 3387 uh
446 3319 592 3386 heredsts
614 3325 722 3406 petere
743 3334 805 3383 non
827 3332 919 3398 posse
941 3309 1109 3395 (quomodo
1131 3305 1215 3375 enim
