2898 4712
546 355 874 419 -239-·

102 545 247 626 populare
269 552 349 622 erat,
372 544 535 624 paullatim
557 544 588 607 in
610 543 857 608 iurisdictionem
884 551 916 609 et
943 543 1022 610 iuris
1049 540 1215 608 necessita·

101 671 161 728 tem
182 681 369 729 conuersum
391 673 448 740 est,
471 671 641 744 tantusque
662 662 752 728 inuor
778 660 1087 730 fideicommissorum
1114 661 1216 726 lactus

101 791 152 858 eet,
175 791 211 848 ut
233 800 382 864 processu
412 784 560 862 temporis
588 784 682 847 etiam
710 790 836 862 praetor
862 783 1020 863 proprius,
1048 779 1102 861 qni
1130 779 1217 847 fidei·

100 902 269 967 cnmmissis
292 909 414 966 tantum
436 902 485 966 ins
508 902 638 977 diceret,
663 909 842 978 crearetur,
864 919 956 982 quem
983 900 1217 966 ›fideicom-

66 1021 347 1086 emissarium«
375 1019 583 1102 appellabant.
622 1021 650 1082 2.
685 1019 814 1101 Origine
836 1019 1144 1084 fideicommissorum
1167 1039 1218 1084 ex·
1251 1018 1268 1066 ὗ

100 1142 232 1221 planata,
257 1140 419 1206 uideamus
442 1142 481 1205 de
504 1141 730 1206 hereditatibus
752 1139 1055 1205 fideicommissariis.
1100 1137 1132 1202 in
1155 1138 1218 1220 pri-

101 1261 161 1336 nis,
186 1269 224 1323 nt
246 1257 517 1325 fideicommissum
541 1259 655 1337 ualeat,
679 1277 758 1339 opus
780 1267 839 1338 est,
863 1265 898 1324 ut
919 1259 1031 1338 aliquis
1047 1266 1133 1324 recto
1149 1259 1217 1322 inre

102 1385 283 1444 testamenta
304 1378 395 1444 heres
418 1378 619 1456 instituatur,
648 1385 744 1459 atque
766 1388 894 1460 rogetur
916 1387 952 1443 nt
973 1397 1042 1444 eam
1064 1377 1218 1442 heredita·

101 1507 158 1560 tem
184 1495 240 1561 alii
263 1499 426 1578 restituat;
456 1498 595 1579 alioquin
624 1497 733 1564 inutile
763 1504 811 1562 est
840 1505 1062 1562 testamentum
1091 1497 1123 1561 in
1155 1514 1218 1577 quo

102 1633 185 1680 nemu
208 1617 300 1682 heres
323 1616 509 1681 instituitur.
548 1635 618 1681 cum
641 1617 737 1698 igitur
759 1615 894 1696 aliquem
918 1618 1063 1681 heredem
1086 1619 1218 1697 scripse·
1239 1628 1271 1679 ιο

103 1738 154 1800 rim
179 1736 353 1802 ’Lucius
376 1737 506 1802 Titius
534 1737 625 1801 mihi
652 1737 769 1801 heres
800 1741 924 1815 csto,‹
956 1747 1064 1818 potero
1095 1737 1219 1800 adicere

103 1876 188 1938 rugo
210 1865 250 1922 te
272 1855 364 1921 Luci
388 1857 468 1921 Titi
492 1867 534 1922 ut
556 1876 641 1923 cum
669 1860 831 1940 primum
858 1859 993 1940 possis
1015 1856 1219 1922 heredita·

104 1985 173 2040 tem
196 1995 318 2042 meam
341 1977 469 2048 adire,
502 1994 581 2042 earn
604 1977 703 2043 Gaio
725 1974 813 2042 Seio
841 1977 988 2042 reddas
1014 1983 1136 2058 atque
1159 1997 1218 2041 re-

104 2099 278 2161 stituae.‹
335 2094 469 2162 Possum
503 2097 650 2162 heredem
679 2115 803 2178 quoqne
833 2099 873 2162 de
903 2105 994 2180 parte
1025 2097 1220 2161 restituenda

104 2233 219 2296 rugare,
241 2235 303 2281 nnn
325 2217 426 2280 solum
449 2218 488 2280 de
510 2224 578 2281 tota
599 2216 783 2281 hereditate.
834 2216 1022 2296 relinquitur
1050 2224 1158 2281 antem
1185 2213 1219 2279 fi·
1240 2217 1271 2268 m

105 2334 348 2400 deicommissum
372 2345 404 2399 et
425 2355 503 2417 pure
525 2347 557 2401 et
578 2337 636 2401 suh
659 2337 839 2401 condicione
861 2345 893 2400 et
915 2355 952 2401 ex
975 2337 1025 2401 die
1047 2346 1143 2412 certo,
1167 2355 1220 2400 uc·

72 2453 160 2516 atari
184 2463 274 2535 »post
296 2455 455 2520 biennium
477 2475 570 2538 quarn
593 2464 735 2520 mortuus
758 2455 874 2520 fuera«
914 2456 945 2519 3.
979 2453 1012 2519 Si
1035 2457 1106 2536 quis
1128 2456 1219 2520 heres

106 2574 263 2640 institutus
286 2584 382 2656 atque
406 2583 534 2657 rogatus
557 2576 761 2640 hereditatem
784 2575 916 2642 reddere
944 2593 1012 2640 eam
1034 2575 1218 2654 restituerit,

105 2693 201 2782 nihiln
220 2694 323 2759 minus
346 2694 438 2760 heres
460 2704 630 2777 permanet.
675 2714 745 2760 nam
768 2697 893 2762 heredis
921 2715 1032 2762 nomen
1055 2695 1085 2760 ei
1107 2696 1220 2760 adhae-

106 2814 151 2878 sit.
172 2821 204 2878 et
228 2813 303 2880 nlim
326 2817 450 2897 quidem
473 2816 527 2894 qui
549 2816 755 2880 hereditatem
778 2817 955 2897 recepisset,
978 2817 1128 2899 emptoris
1151 2815 1219 2881 loco
1237 2813 1271 2863 2⁰

106 2931 290 3013 habebatnr;
313 2943 423 3017 postea
446 2952 521 3000 uero
543 2937 711 3015 aliquando
732 2936 857 3000 heredis
876 2936 1043 3015 ahquandn
1066 2936 1218 3017 legatarii.

107 3061 135 3114 et
154 3061 245 3117 antea
268 3055 307 3118 de
330 3063 469 3136 emptore
492 3053 664 3120 uideamus.
710 3074 780 3121 cnm
802 3056 971 3120 absurdum
1001 3075 1069 3121 esse
1099 3058 1220 3122 uidere

107 3177 188 3234 retnr
210 3173 355 3237 heredem
378 3174 504 3254 quidem
526 3175 709 3240 hereditatis
739 3194 836 3239 onera
862 3179 994 3254 sentire,
1025 3177 1092 3240 eius
1115 3184 1219 3241 autem
1287 3259 1290 3268 .

106 3287 197 3354 lucris
226 3289 543 3358 fideicommissarium
572 3293 649 3372 lrui,
680 3297 797 3377 placuit
827 3296 1036 3384 uenditionem
1066 3297 1219 3376 quandam

109 3407 314 3490 imaginariam
337 3413 420 3478 fieri:
438 3433 502 3496 qua
523 3413 614 3480 heres
635 3433 761 3479 nummo
784 3435 846 3481 uno
869 3423 968 3482 totam
990 3416 1147 3480 uendebat
1168 3417 1222 3480 he·
1239 3416 1273 3466 2⁶
