2960 4704
567 364 758 427 „6-

94 558 193 635 atque
216 550 357 634 example
372 551 617 633 exposuerimus,
640 551 679 616 de
694 551 762 616 iure
777 548 917 634 gendum
932 547 1144 631 dispiciamus.
1170 551 1224 634 qui

95 673 180 738 enim
210 671 433 754 rempublicam
463 670 628 736 constituit
656 685 788 750 eamque
815 665 939 750 legibus
967 665 1037 733 uult
1073 686 1225 736 exornare

95 811 154 874 per
186 792 268 857 duas
297 791 390 856 hasce
418 789 486 855 uias
513 786 685 871 procedens
715 788 785 854 iura
813 787 928 853 condit
978 793 1035 852 aut
1064 787 1146 854 enim
1173 789 1224 856 ius

93 911 239 994 geutim
268 909 447 986 constituit,
482 907 566 989 quod
597 925 655 992 per
680 907 864 974 abusionem
892 905 1038 974 naturale
1064 926 1223 992 commus,

94 1038 154 1100 act
176 1031 279 1110 ciuile,
301 1030 397 1111 idque
419 1027 470 1095 uel
491 1029 642 1111 scriptum
665 1029 717 1095 uel
738 1046 800 1095 nou
821 1029 984 1112 scriptum.
1020 1029 1151 1112 etquid
1173 1037 1223 1096 est
1255 1027 1274 1080 ⁶

94 1153 149 1218 ius
173 1151 336 1234 gentium?
357 1148 558 1230 iungentium
573 1149 719 1232 estquod
734 1149 776 1214 ad
798 1167 907 1216 omncs
928 1149 1081 1228 homines,
1104 1148 1160 1232 qui
1175 1167 1225 1215 ra·

94 1273 184 1337 tione
204 1269 354 1335 nimirum
369 1268 479 1335 uiuere
501 1270 621 1346 uolunt,
644 1271 840 1352 extenditur3
863 1271 1005 1352 exempla
1026 1277 1133 1336 autem
1156 1271 1225 1336 eius

92 1397 175 1456 sunt
195 1389 368 1454 homicidas
382 1387 516 1454 interfici
532 1392 671 1470 [oportet
685 1388 768 1454 enim
790 1407 844 1455 eos
865 1406 925 1471 per
946 1407 992 1469 ca,
1014 1389 1130 1472 quibus
1152 1387 1225 1454 deli·

93 1519 239 1594 querunt
260 1509 383 1592 plectiJ,
413 1508 590 1575 adulterum
618 1509 768 1592 puniri1),
796 1508 897 1576 iurem
927 1510 1061 1593 pecunia
1087 1507 1224 1586 multari,

93 1631 175 1714 quia
197 1635 231 1696 et
250 1629 283 1696 in
305 1629 437 1712 pocurde
458 1647 515 1694 nos
537 1627 637 1707 laesit,
659 1629 832 1696 debitorem
852 1649 921 1698 sese
943 1650 1018 1714 erge
1040 1650 1111 1698 eum
1133 1632 1226 1698 bene·
1245 1635 1278 1688 10

94 1752 206 1817 nolum
222 1750 398 1827 ostendere,
419 1751 473 1830 qui
488 1748 521 1814 iu
537 1751 680 1831 angustis
702 1751 797 1816 rebus
817 1769 888 1816 eum
904 1749 1074 1828 adiuuerit,
1097 1768 1224 1817 seruum

93 1869 192 1935 iustis
215 1870 411 1936 dominorum
434 1871 588 1936 mandatis
608 1877 834 1952 optemperare,
857 1871 924 1938 lieri
939 1879 1129 1951 contractus,
1153 1891 1225 1940 uen-

96 1989 237 2056 ditioues
259 1989 432 2070 emptiones
455 1988 625 2056 locationes
648 1990 870 2058 conductiones
893 1993 1037 2076 deposito
1058 1995 1225 2060 societates

95 2117 221 2188 mutua,
245 2108 316 2175 fieri
337 2108 530 2186 donationes,
552 2109 705 2175 conscribi
727 2115 926 2176 testaments
977 2111 1034 2177 Ius
1064 2111 1156 2180 ciuile
1177 2117 1227 2178 est

96 2229 184 2314 quod
206 2235 240 2295 et
261 2230 360 2296 locale
382 2237 415 2296 et
442 2229 520 2296 utile
547 2247 711 2309 commus,
740 2231 824 2312 qnod
853 2230 921 2298 loco
949 2231 1226 2311 circumscribitur,
1246 2233 1277 2286 ¹⁵

96 2351 224 2434 locique
245 2350 376 2416 utilitati
395 2350 530 2418 consulit
543 2367 688 2434 quaeque
702 2357 777 2418 sunt
790 2351 858 2418 loco
880 2352 1055 2434 perniciosa
1077 2357 1225 2418 removet.

96 2475 137 2534 nt
167 2487 240 2536 ecce
270 2469 505 2535 Atheniensium
533 2469 646 2536 ciuitas
675 2471 849 2538 aduecticio
879 2473 1030 2538 utebatur
1058 2471 1226 2550 frumento,

97 2597 212 2674 utpote
233 2608 317 2673 qnae
331 2591 417 2655 moui
447 2589 513 2654 solo
535 2589 708 2670 frueretur,
730 2607 787 2656 nec
808 2589 874 2657 ulla
900 2608 951 2656 res
973 2590 1036 2655 alie
1057 2592 1157 2672 magis
1171 2609 1226 2656 eos

96 2712 256 2795 gravabat
277 2728 370 2792 quem
396 2727 539 2777 eunome
567 2711 692 2776 caritas.
720 2709 829 2794 itaque
855 2710 910 2794 qui
939 2727 1007 2776 eam
1036 2709 1145 2776 tollere
1172 2727 1227 2774 uo-

96 2833 222 2908 luisset,
237 2828 387 2913 quidnam
409 2829 494 2895 aliud
516 2831 739 2910 constituisset,
762 2847 855 2912 quem
877 2827 1092 2896 frumentariis
1113 2828 1225 2894 immu-
1241 2826 1277 2878 2⁰

96 2953 233 3017 nitatem
266 2950 459 3017 concedere?
492 2950 551 3018 boc
577 2951 659 3016 enim
687 2949 860 3030 patefacto,
896 2947 1002 3030 plnres
1031 2948 1063 3013 in
1086 2947 1225 3014 Atticum

95 3077 207 3136 essent
221 3069 402 3151 nauigaturi
423 3068 487 3134 duo
510 3070 587 3137 baec
602 3070 775 3149 studentes,
799 3078 835 3135 ut
857 3077 987 3152 propter
1008 3067 1157 3134 frumenti
1180 3069 1226 3132 in·

95 3191 205 3274 opiam
230 3189 322 3256 fieret
344 3189 484 3256 uenditio
499 3207 537 3256 ac
555 3195 719 3271 praeterea
741 3189 860 3254 nubum
882 3187 1035 3254 eiusmodi
1050 3185 1226 3252 commercii

94 3309 228 3375 nomino
258 3311 431 3392 penderent
464 3307 609 3391 uectigal.
652 3307 759 3374 multis
788 3314 894 3375 autem
925 3325 963 3374 eo
993 3305 1226 3390 nauigantibus,

174 3567 202 3634 ¹)
218 3563 295 3620 aliter
311 3563 396 3620 intell
414 3561 467 3634 W,
485 3577 535 3620 noc
551 3569 641 3619 umen
659 3569 740 3621 reete
