3092 4702
593 386 803 452 ‚53-

158 593 190 640 er
217 572 277 640 alio
310 572 447 640 natarali
475 591 531 641 acu
563 573 710 656 adoptino
747 572 826 652 lilio,
862 571 945 640 filins
974 590 1097 655 qnoque
1132 588 1259 638 consen·

157 693 209 759 tire
228 693 332 760 dehet
377 709 446 760 cnm
468 693 549 760 uim
571 701 695 760 mortuo
718 713 754 760 eo
777 693 831 776 qui
852 692 1068 776 adoptanerit,
1090 691 1258 774 adoptatus

155 811 266 879 ineius
289 819 476 894 potestatem
497 811 541 879 sit
560 813 766 894 redigendus,
796 831 816 879 a
845 829 906 892 qno
936 827 1006 877 eum
1029 807 1167 892 genitum
1190 825 1258 875 ease
1290 890 1295 902 Ι

154 951 201 1014 per
220 930 420 1014 adoptionem
441 929 547 998 fictum
570 937 626 1011 est,
648 937 815 1014 propterea
836 935 959 1013 oportet
981 931 1051 994 dum
1075 927 1258 1007 consentire,

153 1069 187 1116 ne
205 1051 305 1116 inuito
327 1069 404 1117 snus
425 1051 515 1118 lieres
537 1051 755 1133 adgnascatur.
803 1059 851 1118 set
883 1069 921 1116 ex
947 1049 1100 1115 cornaria
1134 1047 1161 1113 si
1188 1048 1259 1132 qais
1293 1047 1310 1099 ὅ

154 1189 214 1236 cnm
234 1170 335 1237 filium
357 1171 470 1238 habcst
490 1177 585 1254 atque
600 1191 638 1238 ex
659 1189 695 1237 eo
717 1179 870 1252 nepotem,
892 1170 975 1236 hunc
995 1169 1090 1236 alium
1111 1167 1261 1253 adoptan-

154 1290 219 1356 dam
239 1291 305 1368 det,
328 1310 389 1356 non
411 1297 460 1356 est
481 1310 607 1358 necesse
627 1291 726 1357 filium
748 1291 938 1374 consentire,
961 1297 1071 1372 calane
1092 1307 1131 1357 ea
1151 1290 1261 1371 quieta

119 1423 138 1473 s.
153 1408 329 1476 dillmcntia.
383 1409 411 1475 8.
446 1411 560 1490 Quinto
588 1417 693 1478 antem
723 1410 800 1478 illud
834 1429 996 1477 commune
1025 1415 1083 1476 est.
1134 1427 1206 1474 nam
1232 1411 1259 1474 si

152 1547 236 1610 qnam
269 1530 301 1594 in
330 1529 561 1612 adrogationem
592 1529 782 1613 susceperim
812 1529 862 1596 nel
890 1529 923 1594 in
951 1529 1163 1610 adoptionem,
1193 1531 1260 1594 sine

151 1665 202 1728 per
225 1647 458 1728 imperatorem,
485 1649 553 1714 eine
580 1648 663 1732 apud
689 1655 864 1731 praetorem
886 1646 936 1714 uel
963 1647 1046 1730 apud
1077 1645 1259 1729 praesidem,
1280 1650 1312 1701 1⁰

152 1767 313 1832 dnmmodo
342 1773 507 1835 extraneos
533 1786 594 1834 non
621 1769 678 1846 sit,
712 1769 794 1836 hunc
822 1767 877 1834 alii
902 1768 934 1832 in
961 1767 1156 1848 adoptionem
1184 1766 1260 1832 dare

151 1904 283 1966 possum.
316 1889 398 1953 sient
419 1889 500 1955 enim
521 1889 553 1955 in
575 1888 727 1969 plurimis,
750 1890 796 1954 ita
816 1889 848 1954 in
870 1889 930 1956 hoo
951 1906 1075 1971 quoque
1098 1885 1259 1968 adrogatio

118 2009 139 2061 9·
153 2012 181 2072 ct
199 2007 327 2088 adoptio
349 2008 570 2090 conueniant„
592 2009 622 2072 9.
655 2005 749 2074 Sexto
776 2014 881 2074 autem
909 2023 1071 2073 commune
1100 2014 1148 2072 est
1177 2007 1260 2072 inter

151 2126 380 2208 adrogationem
403 2135 435 2193 et
455 2127 668 2210 adoptionem,
690 2127 775 2209 quod
801 2129 833 2192 in
855 2127 996 2194 eunucho
1025 2127 1126 2194 locum
1155 2125 1258 2192 habet.

151 2245 231 2312 llaec
254 2253 327 2312 ante
349 2247 452 2313 omnia
471 2256 636 2331 perspecta
657 2247 788 2315 habeas:
818 2247 951 2316 eunuchi
979 2265 1090 2314 nomen
1117 2263 1187 2312 cnm
1208 2264 1261 2328 ge·
1281 2256 1311 2308 ra

152 2365 253 2432 nerale
274 2367 324 2445 sit,
347 2365 499 2433 trifariam
520 2367 682 2452 accipitur.
710 2369 921 2436 eunuchorum
943 2369 1024 2434 enim
1046 2368 1173 2452 qnidam
1188 2377 1262 2432 sunt

152 2485 309 2566 spadones,
333 2489 458 2570 quidam
481 2489 625 2570 castrati,
653 2489 708 2557 alii
729 2498 833 2558 autem
862 2489 1001 2558 thlibiae.
1046 2495 1078 2555 et
1107 2489 1260 2572 spadones

151 2612 222 2671 sont
250 2608 303 2687 qni
331 2614 459 2691 propter
490 2609 632 2676 morbum
665 2610 821 2692 quendam
852 2609 904 2676 nel
933 2609 1149 2690 frigiditatem,
1178 2625 1259 2690 qnae

151 2727 287 2792 membra
306 2727 456 2811 genitalia
475 2729 634 2810 adsederit,
657 2748 808 2812 generare
828 2748 889 2796 non
904 2735 1049 2812 possunt3
1071 2745 1134 2810 qna
1156 2734 1258 2793 tamen

150 2842 279 2924 liberati,
302 2863 410 2913 rnrens
431 2857 591 2930 generant
636 2849 765 2915 thlibiac
786 2853 891 2915 autem
913 2854 988 2914 sunt
1016 2851 1070 2932 qui
1092 2865 1112 2913 a
1138 2846 1312 2912 suadeam

150 2961 230 3029 forta
252 2964 300 3032 nel
322 2973 463 3031 amatre
485 2965 700 3034 testiculorum
730 2967 947 3034 contritionem
976 2968 1061 3050 passi
1084 2972 1166 3032 sunt.
1211 2982 1261 3031 ca·

150 3084 242 3148 strati
273 3085 395 3150 demum
424 3093 498 3151 sunt
525 3085 639 3169 quibua
667 3085 816 3169 genitalia
848 3087 987 3153 membra
1020 3091 1146 3152 exsecta
1178 3091 1260 3150 sunt.

150 3217 220 3265 cnm
242 3202 315 3269 haec
337 3202 396 3269 tibi
417 3211 580 3287 perspecta
601 3206 673 3284 sint,
697 3206 771 3272 nida
792 3206 868 3288 quid
889 3206 962 3272 inde
983 3213 1142 3288 sequatur.
1168 3221 1261 3286 quae·

151 3321 245 3385 sitnm
267 3330 312 3387 est
333 3341 372 3388 an
395 3323 555 3391 eunuchus
576 3325 726 3409 adoptare
747 3327 863 3411 possit:
894 3335 926 3393 ct
955 3325 1121 3392 dicendum
1143 3331 1192 3390 est
1213 3341 1261 3389 ca-

152 3445 284 3508 stratum
303 3443 428 3524 quidem
450 3448 483 3510 et
503 3445 644 3512 thlibiam
666 3464 728 3514 non
743 3466 834 3532 posse
849 3446 998 3530 adoptare
1012 3463 1114 3528 neque
1127 3451 1261 3527 patrem·
1279 3455 1313 3506 aa
