<?xml version="1.0" encoding="UTF-8"?>
<!DOCTYPE html PUBLIC "-//W3C//DTD XHTML 1.0 Transitional//EN"
    "http://www.w3.org/TR/xhtml1/DTD/xhtml1-transitional.dtd">
<html xmlns="http://www.w3.org/1999/xhtml" xml:lang="en" lang="en">
 <head>
  <title>
</title>
<meta http-equiv="Content-Type" content="text/html;charset=utf-8" />
  <meta name='ocr-system' content='tesseract 3.04.00' />
  <meta name='ocr-capabilities' content='ocr_page ocr_carea ocr_par ocr_line ocrx_word'/>
</head>
<body>
  <div class='ocr_page' id='page_1' title='image "./institutionumgr02linggoog_0228.png"; bbox 0 0 2932 4704; ppageno 0'>
   <div class='ocr_carea' id='block_1_1' title="bbox 559 369 770 431">
    <p class='ocr_par' dir='ltr' id='par_1_1' title="bbox 559 369 770 431">
     <span class='ocr_line' id='line_1_1' title="bbox 559 369 770 431; baseline 0.005 -16"><span class='ocrx_word' id='word_1_1' title='bbox 559 369 770 431; x_wconf 74' lang='lat'>-97..</span> 
     </span>
    </p>
   </div>
   <div class='ocr_carea' id='block_1_2' title="bbox 74 554 1279 3149">
    <p class='ocr_par' dir='ltr' id='par_1_2' title="bbox 114 554 1226 878">
     <span class='ocr_line' id='line_1_2' title="bbox 115 554 1225 636; baseline 0.005 -17"><span class='ocrx_word' id='word_1_2' title='bbox 115 555 178 620; x_wconf 88' lang='lat' dir='ltr'>iure</span> <span class='ocrx_word' id='word_1_3' title='bbox 203 555 356 636; x_wconf 82' lang='lat' dir='ltr'>gentium,</span> <span class='ocrx_word' id='word_1_4' title='bbox 388 561 424 620; x_wconf 88' lang='lat' dir='ltr'>ut</span> <span class='ocrx_word' id='word_1_5' title='bbox 444 554 573 622; x_wconf 82' lang='lat' dir='ltr'>inferius</span> <span class='ocrx_word' id='word_1_6' title='bbox 603 554 734 634; x_wconf 67' lang='lat' dir='ltr'>dicits),</span> <span class='ocrx_word' id='word_1_7' title='bbox 766 558 941 622; x_wconf 84' lang='lat' dir='ltr'>communie</span> <span class='ocrx_word' id='word_1_8' title='bbox 968 563 1043 622; x_wconf 89' lang='lat' dir='ltr'>sunt</span> <span class='ocrx_word' id='word_1_9' title='bbox 1070 557 1225 632; x_wconf 77' lang='lat' dir='ltr'>omnium3</span> 
     </span>
     <span class='ocr_line' id='line_1_3' title="bbox 115 673 1226 758; baseline 0.005 -20"><span class='ocrx_word' id='word_1_10' title='bbox 115 673 261 755; x_wconf 84' lang='lat' dir='ltr'>quaedem</span> <span class='ocrx_word' id='word_1_11' title='bbox 276 673 411 754; x_wconf 86' lang='lat' dir='ltr'>publiea,</span> <span class='ocrx_word' id='word_1_12' title='bbox 428 674 580 756; x_wconf 77' lang='lat' dir='ltr'><strong>quaedam</strong></span> <span class='ocrx_word' id='word_1_13' title='bbox 596 675 831 754; x_wconf 71' lang='lat' dir='ltr'>uniuersitatis,</span> <span class='ocrx_word' id='word_1_14' title='bbox 844 675 996 757; x_wconf 80' lang='lat' dir='ltr'>quaedum</span> <span class='ocrx_word' id='word_1_15' title='bbox 1016 675 1141 754; x_wconf 86' lang='lat' dir='ltr'>nullius,</span> <span class='ocrx_word' id='word_1_16' title='bbox 1162 677 1226 758; x_wconf 86' lang='lat' dir='ltr'>ple·</span> 
     </span>
     <span class='ocr_line' id='line_1_4' title="bbox 114 792 1226 878; baseline 0.004 -22"><span class='ocrx_word' id='word_1_17' title='bbox 114 809 207 871; x_wconf 85' lang='lat' dir='ltr'>reque</span> <span class='ocrx_word' id='word_1_18' title='bbox 227 793 259 857; x_wconf 93' lang='lat' dir='ltr'>in</span> <span class='ocrx_word' id='word_1_19' title='bbox 286 792 478 874; x_wconf 82' lang='lat' dir='ltr'>singulorum</span> <span class='ocrx_word' id='word_1_20' title='bbox 508 795 657 874; x_wconf 90' lang='lat' dir='ltr'>dominio,</span> <span class='ocrx_word' id='word_1_21' title='bbox 686 813 767 878; x_wconf 84' lang='lat' dir='ltr'>quae</span> <span class='ocrx_word' id='word_1_22' title='bbox 796 795 891 861; x_wconf 80' lang='lat' dir='ltr'>neniis</span> <span class='ocrx_word' id='word_1_23' title='bbox 918 813 956 862; x_wconf 87' lang='lat' dir='ltr'>ex</span> <span class='ocrx_word' id='word_1_24' title='bbox 983 797 1086 861; x_wconf 82' lang='lat' dir='ltr'>nausis</span> <span class='ocrx_word' id='word_1_25' title='bbox 1113 797 1226 878; x_wconf 82' lang='lat' dir='ltr'>cuique</span> 
     </span>
    </p>

    <p class='ocr_par' dir='ltr' id='par_1_3' title="bbox 82 911 1277 1592">
     <span class='ocr_line' id='line_1_5' title="bbox 82 911 1227 998; baseline 0.005 -23"><span class='ocrx_word' id='word_1_26' title='bbox 82 913 99 963; x_wconf 90' lang='lat'>1·</span> <span class='ocrx_word' id='word_1_27' title='bbox 114 911 321 996; x_wconf 81' lang='lat' dir='ltr'>adquiruntur</span> <span class='ocrx_word' id='word_1_28' title='bbox 343 912 424 978; x_wconf 87' lang='lat' dir='ltr'>sicut</span> <span class='ocrx_word' id='word_1_29' title='bbox 447 933 484 978; x_wconf 84' lang='lat' dir='ltr'>ex</span> <span class='ocrx_word' id='word_1_30' title='bbox 506 915 652 981; x_wconf 85' lang='lat' dir='ltr'>subiectis</span> <span class='ocrx_word' id='word_1_31' title='bbox 675 914 850 998; x_wconf 76' lang='lat' dir='ltr'>apparebit.</span> <span class='ocrx_word' id='word_1_32' title='bbox 904 917 931 976; x_wconf 92' lang='lat'>1.</span> <span class='ocrx_word' id='word_1_33' title='bbox 965 914 1007 979; x_wconf 84' lang='lat' dir='ltr'>Et</span> <span class='ocrx_word' id='word_1_34' title='bbox 1028 915 1153 996; x_wconf 88' lang='lat' dir='ltr'>quidem</span> <span class='ocrx_word' id='word_1_35' title='bbox 1175 933 1227 981; x_wconf 82' lang='lat' dir='ltr'>na·</span> 
     </span>
     <span class='ocr_line' id='line_1_6' title="bbox 113 1029 1277 1116; baseline -0.001 -22"><span class='ocrx_word' id='word_1_36' title='bbox 113 1029 203 1095; x_wconf 87' lang='lat' dir='ltr'>turali</span> <span class='ocrx_word' id='word_1_37' title='bbox 224 1031 294 1096; x_wconf 88' lang='lat' dir='ltr'>iure</span> <span class='ocrx_word' id='word_1_38' title='bbox 317 1036 452 1098; x_wconf 90' lang='lat' dir='ltr'>omnium</span> <span class='ocrx_word' id='word_1_39' title='bbox 481 1035 656 1100; x_wconf 87' lang='lat' dir='ltr'>communia</span> <span class='ocrx_word' id='word_1_40' title='bbox 676 1041 751 1101; x_wconf 89' lang='lat' dir='ltr'>sunt</span> <span class='ocrx_word' id='word_1_41' title='bbox 771 1035 865 1101; x_wconf 86' lang='lat' dir='ltr'>haee:</span> <span class='ocrx_word' id='word_1_42' title='bbox 888 1052 943 1098; x_wconf 84' lang='lat' dir='ltr'>ser</span> <span class='ocrx_word' id='word_1_43' title='bbox 962 1051 1044 1114; x_wconf 84' lang='lat' dir='ltr'>equa</span> <span class='ocrx_word' id='word_1_44' title='bbox 1069 1030 1226 1116; x_wconf 87' lang='lat' dir='ltr'>profluens</span> <span class='ocrx_word' id='word_1_45' title='bbox 1260 1042 1277 1093; x_wconf 79' lang='lat' dir='ltr'>n</span> 
     </span>
     <span class='ocr_line' id='line_1_7' title="bbox 113 1151 1226 1254; baseline 0 -38"><span class='ocrx_word' id='word_1_46' title='bbox 113 1157 250 1217; x_wconf 85' lang='lat' dir='ltr'>marest</span> <span class='ocrx_word' id='word_1_47' title='bbox 275 1170 331 1233; x_wconf 90' lang='lat' dir='ltr'>per</span> <span class='ocrx_word' id='word_1_48' title='bbox 360 1153 418 1218; x_wconf 88' lang='lat' dir='ltr'>hoe</span> <span class='ocrx_word' id='word_1_49' title='bbox 447 1154 540 1220; x_wconf 87' lang='lat' dir='ltr'>litora</span> <span class='ocrx_word' id='word_1_50' title='bbox 569 1155 672 1220; x_wconf 85' lang='lat' dir='ltr'>muris.</span> <span class='ocrx_word' id='word_1_51' title='bbox 724 1172 814 1220; x_wconf 90' lang='lat' dir='ltr'>nemo</span> <span class='ocrx_word' id='word_1_52' title='bbox 840 1154 938 1254; x_wconf 76' lang='lat' dir='ltr'>igitur</span> <span class='ocrx_word' id='word_1_53' title='bbox 964 1154 1005 1218; x_wconf 86' lang='lat' dir='ltr'>ed</span> <span class='ocrx_word' id='word_1_54' title='bbox 1027 1151 1102 1217; x_wconf 88' lang='lat' dir='ltr'>litus</span> <span class='ocrx_word' id='word_1_55' title='bbox 1129 1151 1226 1218; x_wconf 85' lang='lat' dir='ltr'>meris</span> 
     </span>
     <span class='ocr_line' id='line_1_8' title="bbox 113 1269 1225 1354; baseline -0.001 -17"><span class='ocrx_word' id='word_1_56' title='bbox 113 1271 257 1337; x_wconf 84' lang='lat' dir='ltr'>aooedere</span> <span class='ocrx_word' id='word_1_57' title='bbox 278 1271 469 1352; x_wconf 81' lang='lat' dir='ltr'>prohibetur,</span> <span class='ocrx_word' id='word_1_58' title='bbox 494 1273 592 1339; x_wconf 87' lang='lat' dir='ltr'>ueluti</span> <span class='ocrx_word' id='word_1_59' title='bbox 618 1273 818 1340; x_wconf 76' lang='lat' dir='ltr'>deambulare</span> <span class='ocrx_word' id='word_1_60' title='bbox 839 1275 891 1340; x_wconf 92' lang='lat' dir='ltr'>uel</span> <span class='ocrx_word' id='word_1_61' title='bbox 918 1289 1030 1340; x_wconf 86' lang='lat' dir='ltr'>nauem</span> <span class='ocrx_word' id='word_1_62' title='bbox 1058 1269 1225 1354; x_wconf 80' lang='lat' dir='ltr'>appellere,</span> 
     </span>
     <span class='ocr_line' id='line_1_9' title="bbox 113 1390 1227 1473; baseline 0 -19"><span class='ocrx_word' id='word_1_63' title='bbox 113 1391 181 1455; x_wconf 93' lang='lat' dir='ltr'>dum</span> <span class='ocrx_word' id='word_1_64' title='bbox 205 1399 311 1456; x_wconf 84' lang='lat' dir='ltr'>tamen</span> <span class='ocrx_word' id='word_1_65' title='bbox 334 1390 415 1457; x_wconf 89' lang='lat' dir='ltr'>uillis</span> <span class='ocrx_word' id='word_1_66' title='bbox 438 1409 494 1457; x_wconf 87' lang='lat' dir='ltr'>eeu</span> <span class='ocrx_word' id='word_1_67' title='bbox 517 1392 598 1460; x_wconf 82' lang='lat' dir='ltr'>casis</span> <span class='ocrx_word' id='word_1_68' title='bbox 620 1400 653 1459; x_wconf 91' lang='lat' dir='ltr'>et</span> <span class='ocrx_word' id='word_1_69' title='bbox 666 1394 878 1459; x_wconf 83' lang='lat' dir='ltr'>monumentis</span> <span class='ocrx_word' id='word_1_70' title='bbox 897 1392 939 1459; x_wconf 89' lang='lat' dir='ltr'>ibi</span> <span class='ocrx_word' id='word_1_71' title='bbox 956 1393 1066 1473; x_wconf 87' lang='lat' dir='ltr'>positis</span> <span class='ocrx_word' id='word_1_72' title='bbox 1089 1397 1121 1456; x_wconf 85' lang='lat' dir='ltr'>et</span> <span class='ocrx_word' id='word_1_73' title='bbox 1143 1390 1227 1458; x_wconf 86' lang='lat' dir='ltr'>aedi-</span> 
     </span>
     <span class='ocr_line' id='line_1_10' title="bbox 113 1507 1227 1592; baseline 0.002 -20"><span class='ocrx_word' id='word_1_74' title='bbox 113 1507 183 1574; x_wconf 83' lang='lat' dir='ltr'>ficiis</span> <span class='ocrx_word' id='word_1_75' title='bbox 207 1510 366 1576; x_wconf 81' lang='lat' dir='ltr'>abstineat</span> <span class='ocrx_word' id='word_1_76' title='bbox 388 1529 489 1592; x_wconf 87' lang='lat' dir='ltr'>neque</span> <span class='ocrx_word' id='word_1_77' title='bbox 517 1512 662 1577; x_wconf 86' lang='lat' dir='ltr'>damnum</span> <span class='ocrx_word' id='word_1_78' title='bbox 690 1511 818 1590; x_wconf 82' lang='lat' dir='ltr'>inlernt3</span> <span class='ocrx_word' id='word_1_79' title='bbox 845 1513 923 1578; x_wconf 82' lang='lat' dir='ltr'>baec</span> <span class='ocrx_word' id='word_1_80' title='bbox 951 1512 1033 1577; x_wconf 92' lang='lat' dir='ltr'>enirn</span> <span class='ocrx_word' id='word_1_81' title='bbox 1063 1528 1124 1576; x_wconf 90' lang='lat' dir='ltr'>non</span> <span class='ocrx_word' id='word_1_82' title='bbox 1153 1515 1227 1576; x_wconf 90' lang='lat' dir='ltr'>sunt</span> 
     </span>
    </p>

    <p class='ocr_par' dir='ltr' id='par_1_4' title="bbox 78 1627 1279 1952">
     <span class='ocr_line' id='line_1_11' title="bbox 78 1627 1279 1712; baseline -0.003 -20"><span class='ocrx_word' id='word_1_83' title='bbox 78 1627 99 1676; x_wconf 78' lang='lat'>²·</span> <span class='ocrx_word' id='word_1_84' title='bbox 115 1630 290 1693; x_wconf 51' lang='lat' dir='ltr'>communie¹</span> <span class='ocrx_word' id='word_1_85' title='bbox 309 1628 445 1694; x_wconf 90' lang='lat' dir='ltr'>omnium</span> <span class='ocrx_word' id='word_1_86' title='bbox 469 1638 502 1694; x_wconf 88' lang='lat' dir='ltr'>et</span> <span class='ocrx_word' id='word_1_87' title='bbox 523 1629 600 1695; x_wconf 87' lang='lat' dir='ltr'>iuris</span> <span class='ocrx_word' id='word_1_88' title='bbox 622 1631 760 1712; x_wconf 85' lang='lat' dir='ltr'>gentium</span> <span class='ocrx_word' id='word_1_89' title='bbox 782 1631 866 1696; x_wconf 87' lang='lat' dir='ltr'>siout</span> <span class='ocrx_word' id='word_1_90' title='bbox 894 1637 927 1697; x_wconf 91' lang='lat' dir='ltr'>et</span> <span class='ocrx_word' id='word_1_91' title='bbox 949 1648 1044 1696; x_wconf 89' lang='lat' dir='ltr'>mere.</span> <span class='ocrx_word' id='word_1_92' title='bbox 1090 1629 1119 1693; x_wconf 82' lang='lat'>2.</span> <span class='ocrx_word' id='word_1_93' title='bbox 1156 1629 1279 1695; x_wconf 82' lang='lat' dir='ltr'>Flu-10</span> 
     </span>
     <span class='ocr_line' id='line_1_12' title="bbox 113 1748 1226 1832; baseline 0.004 -20"><span class='ocrx_word' id='word_1_94' title='bbox 113 1749 191 1814; x_wconf 89' lang='lat' dir='ltr'>mine</span> <span class='ocrx_word' id='word_1_95' title='bbox 213 1756 321 1814; x_wconf 88' lang='lat' dir='ltr'>eutem</span> <span class='ocrx_word' id='word_1_96' title='bbox 343 1749 448 1814; x_wconf 81' lang='lat' dir='ltr'>omnia</span> <span class='ocrx_word' id='word_1_97' title='bbox 470 1755 502 1814; x_wconf 88' lang='lat' dir='ltr'>et</span> <span class='ocrx_word' id='word_1_98' title='bbox 522 1755 632 1832; x_wconf 89' lang='lat' dir='ltr'>portus</span> <span class='ocrx_word' id='word_1_99' title='bbox 658 1750 784 1832; x_wconf 87' lang='lat' dir='ltr'>publica</span> <span class='ocrx_word' id='word_1_100' title='bbox 812 1757 900 1824; x_wconf 85' lang='lat' dir='ltr'>sunt,</span> <span class='ocrx_word' id='word_1_101' title='bbox 927 1749 1009 1815; x_wconf 85' lang='lat' dir='ltr'>idest</span> <span class='ocrx_word' id='word_1_102' title='bbox 1038 1748 1145 1830; x_wconf 91' lang='lat' dir='ltr'>populi</span> <span class='ocrx_word' id='word_1_103' title='bbox 1167 1749 1226 1816; x_wconf 88' lang='lat' dir='ltr'>Ro·</span> 
     </span>
     <span class='ocr_line' id='line_1_13' title="bbox 112 1869 1228 1952; baseline 0 -18"><span class='ocrx_word' id='word_1_104' title='bbox 112 1870 200 1934; x_wconf 83' lang='lat' dir='ltr'>meni.</span> <span class='ocrx_word' id='word_1_105' title='bbox 249 1869 381 1950; x_wconf 86' lang='lat' dir='ltr'>ideoque</span> <span class='ocrx_word' id='word_1_106' title='bbox 403 1869 453 1934; x_wconf 92' lang='lat' dir='ltr'>ius</span> <span class='ocrx_word' id='word_1_107' title='bbox 475 1869 615 1952; x_wconf 87' lang='lat' dir='ltr'>pisoondi</span> <span class='ocrx_word' id='word_1_108' title='bbox 638 1871 781 1938; x_wconf 90' lang='lat' dir='ltr'>omnibus</span> <span class='ocrx_word' id='word_1_109' title='bbox 803 1887 967 1938; x_wconf 88' lang='lat' dir='ltr'>commune</span> <span class='ocrx_word' id='word_1_110' title='bbox 988 1876 1037 1936; x_wconf 88' lang='lat' dir='ltr'>est</span> <span class='ocrx_word' id='word_1_111' title='bbox 1061 1870 1092 1935; x_wconf 93' lang='lat' dir='ltr'>in</span> <span class='ocrx_word' id='word_1_112' title='bbox 1119 1876 1228 1952; x_wconf 89' lang='lat' dir='ltr'>portu·</span> 
     </span>
    </p>

    <p class='ocr_par' dir='ltr' id='par_1_5' title="bbox 75 1984 1277 2430">
     <span class='ocr_line' id='line_1_14' title="bbox 75 1984 1227 2071; baseline 0.001 -18"><span class='ocrx_word' id='word_1_113' title='bbox 75 1984 96 2034; x_wconf 82' lang='lat'>³·</span> <span class='ocrx_word' id='word_1_114' title='bbox 112 1988 167 2053; x_wconf 89' lang='lat' dir='ltr'>bns</span> <span class='ocrx_word' id='word_1_115' title='bbox 188 1996 220 2054; x_wconf 88' lang='lat' dir='ltr'>et</span> <span class='ocrx_word' id='word_1_116' title='bbox 244 1986 434 2056; x_wconf 86' lang='lat' dir='ltr'>fluminibus.</span> <span class='ocrx_word' id='word_1_117' title='bbox 479 1989 509 2054; x_wconf 85' lang='lat'>3.</span> <span class='ocrx_word' id='word_1_118' title='bbox 543 1989 621 2056; x_wconf 85' lang='lat' dir='ltr'>Cum</span> <span class='ocrx_word' id='word_1_119' title='bbox 645 1989 814 2057; x_wconf 80' lang='lat' dir='ltr'>dixerimus</span> <span class='ocrx_word' id='word_1_120' title='bbox 841 1990 916 2057; x_wconf 89' lang='lat' dir='ltr'>litus</span> <span class='ocrx_word' id='word_1_121' title='bbox 937 1989 1033 2055; x_wconf 87' lang='lat' dir='ltr'>muris</span> <span class='ocrx_word' id='word_1_122' title='bbox 1055 1989 1133 2054; x_wconf 90' lang='lat' dir='ltr'>iuris</span> <span class='ocrx_word' id='word_1_123' title='bbox 1153 2007 1227 2071; x_wconf 84' lang='lat' dir='ltr'>gen·</span> 
     </span>
     <span class='ocr_line' id='line_1_15' title="bbox 112 2107 1227 2191; baseline 0 -19"><span class='ocrx_word' id='word_1_124' title='bbox 112 2109 186 2172; x_wconf 86' lang='lat' dir='ltr'>tium</span> <span class='ocrx_word' id='word_1_125' title='bbox 208 2125 281 2174; x_wconf 86' lang='lat' dir='ltr'>esse</span> <span class='ocrx_word' id='word_1_126' title='bbox 302 2109 386 2174; x_wconf 86' lang='lat' dir='ltr'>sicut</span> <span class='ocrx_word' id='word_1_127' title='bbox 407 2116 439 2175; x_wconf 88' lang='lat' dir='ltr'>et</span> <span class='ocrx_word' id='word_1_128' title='bbox 467 2111 571 2191; x_wconf 92' lang='lat' dir='ltr'>ipsum</span> <span class='ocrx_word' id='word_1_129' title='bbox 599 2127 703 2188; x_wconf 90' lang='lat' dir='ltr'>mare,</span> <span class='ocrx_word' id='word_1_130' title='bbox 731 2108 861 2175; x_wconf 89' lang='lat' dir='ltr'>definire</span> <span class='ocrx_word' id='word_1_131' title='bbox 888 2115 1013 2190; x_wconf 84' lang='lat' dir='ltr'>oportet</span> <span class='ocrx_word' id='word_1_132' title='bbox 1041 2108 1116 2188; x_wconf 87' lang='lat' dir='ltr'>quid</span> <span class='ocrx_word' id='word_1_133' title='bbox 1151 2107 1227 2172; x_wconf 84' lang='lat' dir='ltr'>litus</span> 
     </span>
     <span class='ocr_line' id='line_1_16' title="bbox 113 2225 1277 2312; baseline -0.002 -21"><span class='ocrx_word' id='word_1_134' title='bbox 113 2227 160 2292; x_wconf 78' lang='lat' dir='ltr'>sit</span> <span class='ocrx_word' id='word_1_135' title='bbox 203 2227 281 2293; x_wconf 88' lang='lat' dir='ltr'>litus</span> <span class='ocrx_word' id='word_1_136' title='bbox 303 2235 351 2294; x_wconf 88' lang='lat' dir='ltr'>est</span> <span class='ocrx_word' id='word_1_137' title='bbox 380 2227 468 2294; x_wconf 86' lang='lat' dir='ltr'>loeus</span> <span class='ocrx_word' id='word_1_138' title='bbox 490 2235 646 2312; x_wconf 81' lang='lat' dir='ltr'>quotenus</span> <span class='ocrx_word' id='word_1_139' title='bbox 675 2229 824 2296; x_wconf 88' lang='lat' dir='ltr'>hibernus</span> <span class='ocrx_word' id='word_1_140' title='bbox 853 2225 966 2295; x_wconf 85' lang='lat' dir='ltr'>ductus</span> <span class='ocrx_word' id='word_1_141' title='bbox 994 2228 1148 2293; x_wconf 81' lang='lat' dir='ltr'>maximus</span> <span class='ocrx_word' id='word_1_142' title='bbox 1177 2245 1226 2292; x_wconf 82' lang='lat' dir='ltr'>ex-</span> <span class='ocrx_word' id='word_1_143' title='bbox 1247 2237 1277 2288; x_wconf 82' lang='lat' dir='ltr'>ro</span> 
     </span>
     <span class='ocr_line' id='line_1_17' title="bbox 111 2345 1227 2430; baseline 0 -20"><span class='ocrx_word' id='word_1_144' title='bbox 111 2346 219 2428; x_wconf 83' lang='lat' dir='ltr'>currit3</span> <span class='ocrx_word' id='word_1_145' title='bbox 244 2346 352 2429; x_wconf 78' lang='lat' dir='ltr'>itaque</span> <span class='ocrx_word' id='word_1_146' title='bbox 374 2349 467 2413; x_wconf 85' lang='lat' dir='ltr'>etiam</span> <span class='ocrx_word' id='word_1_147' title='bbox 490 2350 613 2415; x_wconf 87' lang='lat' dir='ltr'>aestiuo</span> <span class='ocrx_word' id='word_1_148' title='bbox 636 2353 776 2430; x_wconf 89' lang='lat' dir='ltr'>tempore</span> <span class='ocrx_word' id='word_1_149' title='bbox 798 2355 928 2414; x_wconf 88' lang='lat' dir='ltr'>eatenus</span> <span class='ocrx_word' id='word_1_150' title='bbox 949 2345 1026 2413; x_wconf 87' lang='lat' dir='ltr'>litus</span> <span class='ocrx_word' id='word_1_151' title='bbox 1048 2364 1118 2413; x_wconf 87' lang='lat' dir='ltr'>esse</span> <span class='ocrx_word' id='word_1_152' title='bbox 1139 2345 1227 2412; x_wconf 90' lang='lat' dir='ltr'>intel·</span> 
     </span>
    </p>

    <p class='ocr_par' dir='ltr' id='par_1_6' title="bbox 74 2463 1279 3149">
     <span class='ocr_line' id='line_1_18' title="bbox 74 2463 1227 2552; baseline 0.003 -24"><span class='ocrx_word' id='word_1_153' title='bbox 74 2463 252 2547; x_wconf 65' lang='lat' dir='ltr'>elegimus.</span> <span class='ocrx_word' id='word_1_154' title='bbox 296 2469 326 2529; x_wconf 89' lang='grc'>4.</span> <span class='ocrx_word' id='word_1_155' title='bbox 359 2467 458 2550; x_wconf 84' lang='lat' dir='ltr'>Ripae</span> <span class='ocrx_word' id='word_1_156' title='bbox 484 2485 611 2552; x_wconf 88' lang='lat' dir='ltr'>quoque</span> <span class='ocrx_word' id='word_1_157' title='bbox 638 2486 715 2534; x_wconf 90' lang='lat' dir='ltr'>usus</span> <span class='ocrx_word' id='word_1_158' title='bbox 741 2466 885 2551; x_wconf 83' lang='lat' dir='ltr'>publicus</span> <span class='ocrx_word' id='word_1_159' title='bbox 913 2475 962 2532; x_wconf 88' lang='lat' dir='ltr'>est</span> <span class='ocrx_word' id='word_1_160' title='bbox 991 2485 1028 2533; x_wconf 85' lang='lat' dir='ltr'>ex</span> <span class='ocrx_word' id='word_1_161' title='bbox 1055 2467 1126 2533; x_wconf 88' lang='lat' dir='ltr'>iure</span> <span class='ocrx_word' id='word_1_162' title='bbox 1154 2483 1227 2550; x_wconf 81' lang='lat' dir='ltr'>gen·</span> 
     </span>
     <span class='ocr_line' id='line_1_19' title="bbox 109 2584 1226 2670; baseline 0.002 -21"><span class='ocrx_word' id='word_1_163' title='bbox 109 2585 192 2664; x_wconf 88' lang='lat' dir='ltr'>tium,</span> <span class='ocrx_word' id='word_1_164' title='bbox 216 2586 302 2653; x_wconf 86' lang='lat' dir='ltr'>sicut</span> <span class='ocrx_word' id='word_1_165' title='bbox 321 2587 421 2669; x_wconf 84' lang='lat' dir='ltr'>ipsine</span> <span class='ocrx_word' id='word_1_166' title='bbox 441 2584 578 2653; x_wconf 87' lang='lat' dir='ltr'>fluminis</span> <span class='ocrx_word' id='word_1_167' title='bbox 605 2605 681 2654; x_wconf 91' lang='lat' dir='ltr'>usus</span> <span class='ocrx_word' id='word_1_168' title='bbox 706 2587 848 2670; x_wconf 87' lang='lat' dir='ltr'>publicus</span> <span class='ocrx_word' id='word_1_169' title='bbox 870 2592 929 2653; x_wconf 83' lang='lat' dir='ltr'>est.</span> <span class='ocrx_word' id='word_1_170' title='bbox 979 2587 1085 2666; x_wconf 78' lang='lat' dir='ltr'>itaque</span> <span class='ocrx_word' id='word_1_171' title='bbox 1113 2601 1226 2651; x_wconf 88' lang='lat' dir='ltr'>nauem</span> 
     </span>
     <span class='ocr_line' id='line_1_20' title="bbox 107 2705 1225 2790; baseline 0.002 -20"><span class='ocrx_word' id='word_1_172' title='bbox 107 2707 145 2770; x_wconf 83' lang='lat' dir='ltr'>ed</span> <span class='ocrx_word' id='word_1_173' title='bbox 166 2725 221 2772; x_wconf 86' lang='lat' dir='ltr'>ees</span> <span class='ocrx_word' id='word_1_174' title='bbox 246 2707 330 2789; x_wconf 87' lang='lat' dir='ltr'>ripas</span> <span class='ocrx_word' id='word_1_175' title='bbox 352 2708 520 2790; x_wconf 84' lang='lat' dir='ltr'>appellere,</span> <span class='ocrx_word' id='word_1_176' title='bbox 543 2707 633 2774; x_wconf 80' lang='lat' dir='ltr'>funes</span> <span class='ocrx_word' id='word_1_177' title='bbox 655 2727 694 2774; x_wconf 85' lang='lat' dir='ltr'>ex</span> <span class='ocrx_word' id='word_1_178' title='bbox 715 2707 881 2774; x_wconf 85' lang='lat' dir='ltr'>arboribus</span> <span class='ocrx_word' id='word_1_179' title='bbox 902 2705 948 2773; x_wconf 89' lang='lat' dir='ltr'>ibi</span> <span class='ocrx_word' id='word_1_180' title='bbox 975 2706 1057 2772; x_wconf 87' lang='lat' dir='ltr'>natis</span> <span class='ocrx_word' id='word_1_181' title='bbox 1082 2705 1225 2786; x_wconf 79' lang='lat' dir='ltr'>religare,</span> 
     </span>
     <span class='ocr_line' id='line_1_21' title="bbox 106 2823 1279 2910; baseline 0 -20"><span class='ocrx_word' id='word_1_182' title='bbox 106 2843 199 2892; x_wconf 86' lang='lat' dir='ltr'>onera</span> <span class='ocrx_word' id='word_1_183' title='bbox 220 2844 348 2910; x_wconf 89' lang='lat' dir='ltr'>quoque</span> <span class='ocrx_word' id='word_1_184' title='bbox 370 2828 460 2894; x_wconf 85' lang='lat' dir='ltr'>nonis</span> <span class='ocrx_word' id='word_1_185' title='bbox 474 2830 506 2892; x_wconf 91' lang='lat' dir='ltr'>in</span> <span class='ocrx_word' id='word_1_186' title='bbox 521 2825 570 2892; x_wconf 84' lang='lat' dir='ltr'>luis</span> <span class='ocrx_word' id='word_1_187' title='bbox 590 2827 668 2894; x_wconf 82' lang='lat' dir='ltr'>loeis</span> <span class='ocrx_word' id='word_1_188' title='bbox 682 2845 842 2910; x_wconf 83' lang='lat' dir='ltr'>reponere,</span> <span class='ocrx_word' id='word_1_189' title='bbox 865 2825 993 2892; x_wconf 83' lang='lat' dir='ltr'>cuilibet</span> <span class='ocrx_word' id='word_1_190' title='bbox 1006 2841 1136 2906; x_wconf 91' lang='lat' dir='ltr'>prorsus</span> <span class='ocrx_word' id='word_1_191' title='bbox 1151 2823 1227 2892; x_wconf 91' lang='lat' dir='ltr'>libe·</span> <span class='ocrx_word' id='word_1_192' title='bbox 1244 2849 1279 2900; x_wconf 72' lang='lat' dir='ltr'>po</span> 
     </span>
     <span class='ocr_line' id='line_1_22' title="bbox 106 2943 1227 3029; baseline 0 -21"><span class='ocrx_word' id='word_1_193' title='bbox 106 2963 171 3010; x_wconf 91' lang='lat' dir='ltr'>rum</span> <span class='ocrx_word' id='word_1_194' title='bbox 194 2954 259 3022; x_wconf 83' lang='lat' dir='ltr'>est;</span> <span class='ocrx_word' id='word_1_195' title='bbox 282 2947 374 3012; x_wconf 83' lang='lat' dir='ltr'>sicuti</span> <span class='ocrx_word' id='word_1_196' title='bbox 396 2953 428 3012; x_wconf 90' lang='lat' dir='ltr'>et</span> <span class='ocrx_word' id='word_1_197' title='bbox 449 2964 507 3027; x_wconf 91' lang='lat' dir='ltr'>per</span> <span class='ocrx_word' id='word_1_198' title='bbox 527 2947 629 3029; x_wconf 90' lang='lat' dir='ltr'>ipsum</span> <span class='ocrx_word' id='word_1_199' title='bbox 643 2943 758 3012; x_wconf 87' lang='lat' dir='ltr'>flumen</span> <span class='ocrx_word' id='word_1_200' title='bbox 773 2945 922 3028; x_wconf 80' lang='lat' dir='ltr'>nauigare</span> <span class='ocrx_word' id='word_1_201' title='bbox 937 2962 1028 3011; x_wconf 88' lang='lat' dir='ltr'>nemo</span> <span class='ocrx_word' id='word_1_202' title='bbox 1042 2943 1227 3027; x_wconf 88' lang='lat' dir='ltr'>prohibetur</span> 
     </span>
     <span class='ocr_line' id='line_1_23' title="bbox 106 3065 1227 3149; baseline -0.003 -18"><span class='ocrx_word' id='word_1_203' title='bbox 106 3083 179 3132; x_wconf 86' lang='lat' dir='ltr'>usus</span> <span class='ocrx_word' id='word_1_204' title='bbox 190 3067 292 3149; x_wconf 83' lang='lat' dir='ltr'>igitur</span> <span class='ocrx_word' id='word_1_205' title='bbox 301 3067 492 3148; x_wconf 81' lang='lat' dir='ltr'>riparumut</span> <span class='ocrx_word' id='word_1_206' title='bbox 503 3067 647 3148; x_wconf 82' lang='lat' dir='ltr'>diximus,</span> <span class='ocrx_word' id='word_1_207' title='bbox 655 3065 799 3148; x_wconf 84' lang='lat' dir='ltr'>publicus</span> <span class='ocrx_word' id='word_1_208' title='bbox 811 3067 928 3133; x_wconf 90' lang='lat' dir='ltr'>iurisue</span> <span class='ocrx_word' id='word_1_209' title='bbox 939 3066 1079 3148; x_wconf 81' lang='lat' dir='ltr'>gentium</span> <span class='ocrx_word' id='word_1_210' title='bbox 1092 3071 1149 3144; x_wconf 90' lang='lat' dir='ltr'>est,</span> <span class='ocrx_word' id='word_1_211' title='bbox 1158 3078 1227 3146; x_wconf 86' lang='lat' dir='ltr'>pro</span> 
     </span>
    </p>
   </div>
   <div class='ocr_carea' id='block_1_3' title="bbox 171 3309 435 3374">
    <p class='ocr_par' dir='ltr' id='par_1_7' title="bbox 171 3309 435 3374">
     <span class='ocr_line' id='line_1_24' title="bbox 171 3309 435 3374; baseline -0.004 -16"><span class='ocrx_word' id='word_1_212' title='bbox 171 3309 201 3370; x_wconf 82' lang='lat' dir='ltr'>a)</span> <span class='ocrx_word' id='word_1_213' title='bbox 220 3319 319 3374; x_wconf 83' lang='lat' dir='ltr'>nempe</span> <span class='ocrx_word' id='word_1_214' title='bbox 337 3310 435 3359; x_wconf 67' lang='lat' dir='ltr'>tenus.</span> 
     </span>
    </p>
   </div>
   <div class='ocr_carea' id='block_1_4' title="bbox 0 0 1470 4704">
    <p class='ocr_par' dir='ltr' id='par_1_8' title="bbox 0 0 1470 4704">
     <span class='ocr_line' id='line_1_25' title="bbox 0 0 1470 4704; baseline 0 0"><span class='ocrx_word' id='word_1_215' title='bbox 0 0 1470 4704; x_wconf 95' lang='lat' dir='ltr'> </span> 
     </span>
    </p>
   </div>
  </div>
 </body>
</html>
