2876 4712
512 400 546 410 -
593 363 742 428 304-

84 545 235 612 heredibus
258 549 408 614 concedit
454 555 486 614 et
509 567 578 614 cum
600 549 694 616 hasce
722 549 843 632 priores
866 571 903 616 er
925 555 1115 618 testamento
1137 569 1187 616 ex-

84 668 252 749 cogitasset,
282 669 323 734 ad
351 689 420 748 eas,
452 689 533 752 quae
561 669 601 735 ab
630 671 780 736 intestato
810 677 992 752 competunt
1019 669 1187 735 transitum

51 769 55 778 ’
83 787 148 852 iecit.
195 795 227 852 et
256 790 356 871 primo
385 790 452 854 loco
478 790 558 854 suis
585 789 802 856 heredibus
832 795 865 855 et
892 790 956 870 his,
986 791 1040 872 qui
1068 809 1105 855 ex
1131 808 1188 855 suo

82 907 171 972 edicto
199 909 264 973 suis
294 908 461 974 heredibus
489 915 768 987 connumerantur,
802 908 885 974 idest
918 909 1023 974 liberis
1057 910 1190 998 emanci-

82 1028 160 1109 patis,
186 1028 339 1092 bonorum
362 1029 590 1109 possessionem
612 1028 707 1108 dedit,
731 1047 811 1111 quae
837 1027 959 1094 »unde
981 1027 1118 1094 liberi«
1144 1027 1221 1092 dio

81 1149 158 1212 citur.
205 1147 373 1214 secundam
396 1149 434 1214 iis
457 1149 510 1230 qui
532 1149 600 1230 lege
632 1148 672 1213 ad
694 1148 900 1214 hereditatem
922 1145 1060 1213 defuncti
1083 1148 1123 1212 ab
1144 1149 1190 1212 in-

84 1273 190 1332 testato
205 1273 362 1332 uocantur
373 1266 525 1333 bonorum
538 1268 765 1349 possessionem
784 1266 907 1331 »unde
922 1267 1119 1349 legitimi«
1138 1267 1190 1332 de·

81 1386 132 1463 dit,
159 1387 260 1452 ueluti
289 1386 448 1468 adgnatis,
479 1393 612 1469 patrono
640 1386 842 1467 eiusdemque
868 1384 974 1451 liberis
996 1386 1028 1450 in
1051 1385 1133 1451 bona
1155 1385 1190 1452 li·

80 1507 150 1570 berti
165 1507 368 1588 libertaeque,
385 1506 506 1588 hisque,
523 1507 576 1588 qui
592 1526 629 1571 ex
644 1505 836 1571 Tertulliano
853 1503 1046 1570 Orfitianoue
1061 1516 1189 1571 senatus

81 1629 221 1694 consultis
246 1628 350 1693 uelox
366 1627 642 1694 constitutionibus
658 1627 862 1693 successionis
884 1627 954 1690 iura
976 1624 1016 1690 ab
1037 1625 1188 1690 intestato
1210 1637 1241 1688 ro

80 1747 195 1815 habent
229 1751 356 1815 tertiam
378 1751 530 1817 bonorum
552 1752 782 1834 possessionem
808 1750 931 1815 »unde
953 1749 1083 1814 decem
1104 1769 1189 1832 per-

78 1887 209 1934 sonae«
236 1871 409 1950 constituit,
432 1889 495 1952 qua
510 1871 617 1936 decern
633 1889 783 1952 personas
799 1875 948 1934 extraneo
964 1868 1186 1934 manumissori

79 1989 160 2053 liberi
188 1990 300 2072 capitis
333 1991 557 2072 anteponebat,
593 1995 739 2072 parentes
769 1989 883 2054 liberos
918 1995 1013 2070 atque
1043 2005 1063 2052 a
1090 1987 1189 2052 latere
1219 1997 1222 2006 ’

79 2115 220 2188 cognatos
249 2127 349 2192 usque
377 2109 418 2174 ad
447 2109 514 2174 IIum
538 2109 680 2190 gradmn.
730 2108 886 2190 quomodo
916 2113 1021 2172 aumm
1051 2106 1128 2172 haec
1155 2125 1189 2172 se

78 2227 208 2293 habeant
229 2228 333 2294 dicere
355 2233 490 2310 oportet,
512 2229 656 2312 quamuis
677 2247 740 2293 non
763 2228 896 2310 amplius
920 2231 1122 2308 usurpentur.
1157 2225 1189 2290 Si
1211 2233 1241 2284 15

79 2347 262 2413 confilium
284 2332 388 2413 meum
411 2349 648 2430 emanciparem,
671 2366 741 2414 eum
764 2349 822 2413 tibi
843 2348 875 2412 in
897 2347 1033 2430 primum
1055 2346 1190 2412 alterum

79 2469 265 2551 tertiumque
281 2469 469 2552 mancipium
485 2468 649 2543 dedissem,
673 2474 771 2550 tuque
793 2487 866 2533 eum
886 2467 1121 2532 manumisisses
1144 2470 1190 2530 at

80 2605 136 2667 qne
157 2589 204 2654 sui
225 2589 303 2654 iuris
326 2587 494 2680 edecimes,
523 2593 652 2670 propter
680 2587 835 2652 libertatis
865 2586 1024 2652 dationem
1052 2586 1191 2667 legitima

81 2707 304 2787 quodammodo
326 2714 512 2791 patronatus
528 2709 599 2773 iura
613 2709 645 2772 in
667 2726 704 2773 eo
720 2706 871 2788 habebas;
894 2712 927 2770 et
948 2706 975 2770 si
989 2704 1072 2770 hune
1087 2723 1191 2770 eman·

80 2826 210 2907 cipetum
227 2828 411 2892 intestatum
427 2827 506 2892 mori
521 2827 712 2908 contigisset,
736 2832 772 2890 tu
791 2825 935 2890 omnihus
958 2825 1025 2890 eius
1048 2825 1190 2906 cognatis
1208 2831 1242 2882 2⁰

80 2947 178 3024 potior
197 2947 373 3026 habebaris
398 2967 476 3024 cum,
501 2953 537 3012 ut
552 2923 670 3012 dictum
693 2953 750 3024 est,
773 2966 830 3030 per
851 2945 1125 3011 manumissionem
1149 2943 1191 3008 le·

81 3067 184 3145 gitima
205 3039 601 3150 ceterorumcognatorum
620 3068 687 3132 eius
704 3067 837 3148 adeptus
853 3084 938 3132 esses
960 3065 1039 3140 iura,
1062 3069 1192 3145 propter

84 3187 188 3266 capitis
210 3187 463 3266 deminutionem,
492 3206 585 3268 quarn
613 3206 725 3268 passus
754 3185 867 3250 iuerat.
911 3192 960 3250 set
985 3202 1056 3250 curn
1083 3182 1191 3247 absur-

83 3303 154 3369 dum
174 3311 255 3372 esset
277 3313 309 3371 te
331 3325 388 3388 per
409 3307 508 3372 solam
531 3305 685 3370 libertatis
701 3305 858 3370 dationem
879 3302 1022 3368 omuibus
1038 3301 1105 3367 eius
1121 3319 1191 3382 cog-

147 4265 237 4318 'theoph
251 4267 365 4309 Anum.
379 4278 421 4307 ree.
435 4263 524 4308 remini.
