2870 4716
527 382 757 446 -329-

92 579 142 624 uus
180 561 391 626 hereditarius
424 569 498 628 ante
537 566 705 630 aditionem
746 566 931 646 stipuletur,
972 567 1004 630 id
1036 566 1206 632 hereditati

89 679 234 760 adquirit:
261 682 352 746 heres
381 687 486 747 autem
518 684 572 764 qui
599 689 710 764 postea
735 684 834 748 adibit
864 702 934 748 cum
964 685 1077 750 ceteris
1105 685 1199 750 rebus

87 802 114 860 et
138 800 313 865 actionibus
349 800 428 864 hanc
465 819 590 882 quoque
620 803 854 883 stipulationem
882 804 913 866 in
946 802 1122 868 hereditate
1154 805 1200 869 in·

56 931 72 977 1.
88 919 194 983 ueniet.
242 923 268 984 1.
299 921 408 1002 Neque
437 921 568 985 interest
594 921 749 1003 quomodo
779 941 891 986 seruus
921 922 1106 1005 stipuletur;
1136 924 1203 989 siue

86 1036 159 1100 enim
181 1037 307 1102 dixerit:
329 1039 424 1103 mihi
448 1040 654 1104 dominoue
677 1060 759 1105 meo
787 1041 883 1106 dare
912 1043 1107 1123 spondes?
1135 1044 1237 1108 siue5

86 1154 206 1221 dixerit:
230 1158 322 1222 mihi
337 1178 688 1224 conseruouemeo
705 1160 799 1225 dare
814 1161 1003 1242 spondes?
1024 1164 1093 1228 siue
1108 1163 1202 1227 etiam

86 1275 330 1355 impersonaliter
351 1279 397 1342 ita
418 1279 461 1344 sit
482 1279 668 1360 stipulatus:
692 1280 783 1344 dare
806 1281 994 1362 spondes?
1017 1281 1142 1346 domino
1166 1302 1202 1347 ex

85 1395 223 1460 omnibus
247 1397 401 1461 eiusmodi
427 1398 684 1479 stipulationibus
712 1399 865 1480 adquiret.
911 1401 993 1465 idem
1016 1401 1148 1466 dicimus
1171 1408 1204 1467 et

85 1514 118 1578 de
140 1516 255 1594 liberis,
279 1518 333 1598 qui
355 1519 386 1582 in
406 1525 564 1600 potestate
581 1524 663 1591 sunt,
687 1539 725 1583 ex
747 1520 860 1600 quibus
883 1521 1002 1584 scilicet
1023 1522 1126 1586 causis
1149 1540 1203 1586 no·

50 1635 69 1684 2·
86 1633 128 1697 bis
149 1635 318 1717 adquirere
336 1643 477 1719 possunt
500 1638 530 1701 h.
548 1657 574 1702 e.
598 1657 635 1702 en
658 1658 691 1702 re
714 1643 831 1702 nostra.
867 1642 896 1702 2.
920 1639 976 1704 Set
998 1658 1069 1704 cum
1084 1639 1201 1705 factum
1225 1646 1254 1696 ¹0

85 1755 111 1818 in
133 1757 336 1837 stipulatione
359 1759 546 1838 continetur,
570 1777 664 1840 quam
687 1778 798 1823 seruus
814 1766 922 1824 noster
944 1759 1111 1838 contrahit,
1136 1761 1202 1824 eius

84 1893 141 1938 non
163 1876 280 1942 domini
309 1897 446 1961 persona
473 1883 643 1959 spectatur.
689 1883 725 1942 ut
747 1897 817 1942 ecce
840 1880 867 1942 si
890 1878 931 1942 ab
953 1878 1058 1959 aliquo
1080 1878 1126 1942 ita
1148 1879 1202 1943 sti-

84 1994 220 2073 puletur:
257 1997 507 2078 »spondesne
535 1996 628 2062 mihi
656 1996 777 2061 licere
811 2016 879 2077 per
905 1996 1064 2063 fundum
1093 2003 1201 2062 tuum

83 2113 160 2178 ire«
188 2115 284 2198 (idest
299 2121 423 2180 tantum
438 2116 587 2198 transire)
611 2116 662 2179 uel
680 2134 845 2196 »agere«
872 2115 915 2198 (h.
932 2137 959 2180 e.
975 2135 1045 2181 cum
1061 2117 1200 2182 iumento

84 2233 140 2298 iter
159 2233 309 2319 facere)?.
334 2242 409 2302 tunc
432 2239 523 2316 enim,
547 2237 573 2300 si
596 2236 740 2300 dominus
763 2235 968 2316 prohibeatur
988 2255 1046 2316 per
1067 2235 1199 2301 fundum
1221 2244 1249 2292 15

84 2354 140 2418 iter
165 2354 284 2434 facere,
313 2357 401 2420 nulla
430 2357 558 2421 dabitur
585 2357 613 2420 ei
642 2375 679 2420 en
702 2355 853 2420 eiusmodi
876 2355 1078 2436 stipulatione
1102 2356 1200 2436 actio;

83 2479 127 2538 set
148 2475 175 2538 si
198 2495 311 2540 seruus
334 2476 547 2557 prohibeatur,
571 2475 733 2557 stipulatio
750 2474 966 2552 committitur,
990 2494 1061 2540 cum
1083 2475 1200 2540 factum

82 2591 110 2655 in
145 2595 381 2675 stipulationem
418 2597 587 2661 deductum
624 2596 665 2660 ad
708 2596 792 2660 serui
828 2613 993 2678 pomonam
1033 2595 1198 2661 referatur.

47 2725 67 2772 a.
83 2714 108 2776 3.
137 2713 230 2778 Serui
258 2721 362 2780 autern
392 2735 570 2782 communes
602 2716 788 2797 stipulantes
819 2703 949 2795 singulis
979 2715 1112 2780 dominis
1142 2733 1199 2796 pro

81 2839 166 2912 parte
182 2833 337 2901 dominica
351 2836 505 2902 actionem
521 2855 556 2900 ex
573 2835 726 2916 stipulatu
742 2834 929 2916 adquirunt;
951 2834 1019 2898 siue
1034 2853 1071 2898 ex
1087 2835 1196 2915 aequis
1217 2851 1251 2901 ao

81 2951 143 3016 siue
164 2973 204 3017 en
220 2953 353 3020 diuersis
368 2956 512 3037 partibus
530 2955 646 3019 domini
661 2955 733 3019 sint.
758 2973 830 3018 uam
853 2958 890 3017 ut
911 2973 948 3017 en
973 2953 1106 3018 diuersis
1128 2973 1199 3036 par·

81 3071 160 3136 tibus
184 3073 301 3140 domini
324 3077 402 3152 sint,
430 3076 498 3142 fieri
520 3082 638 3158 potest:
667 3075 766 3140 ueluti
789 3093 859 3139 cum
882 3073 951 3155 quis
973 3074 1109 3139 moriens
1132 3073 1200 3138 Pri-

82 3209 162 3255 mum
185 3198 220 3258 et
235 3192 410 3260 Secundum
433 3195 563 3261 heredes
578 3195 716 3259 instituit
732 3193 864 3258 alterurn
880 3213 916 3258 en
939 3195 1038 3274 besse,
1063 3194 1197 3258 alterum

83 3331 153 3377 uero
176 3333 214 3377 ex
238 3314 366 3379 triente:
390 3335 426 3380 ex
448 3315 546 3381 isdem
570 3315 651 3379 enim
673 3313 816 3395 partibus
839 3315 933 3378 etiam
956 3332 1120 3378 seruorum
1144 3313 1197 3377 do

89 3432 160 3496 rnini
181 3431 268 3510 fient,
290 3433 343 3514 qui
366 3435 397 3499 in
419 3434 593 3498 hereditate
614 3433 829 3497 inueniantur:
859 3431 888 3495 h.
912 3452 937 3497 e.
961 3433 1041 3497 alter
1062 3451 1099 3496 en
1122 3432 1198 3495 dua·
1215 3443 1249 3492 aa

82 3551 135 3616 bus
157 3552 269 3616 tertiis
284 3554 435 3636 partibus,
458 3553 539 3618 alter
553 3573 589 3618 er
612 3553 715 3616 tertia.
750 3551 783 3615 Si
806 3570 882 3616 uero
898 3571 1009 3617 semus
1024 3551 1197 3616 communis
