2920 4750
530 389 768 454 -486—

372 707 421 771 De
445 707 547 771 officio
570 706 692 772 iudicis.
737 707 859 771 Titulus
886 710 935 772 17.

183 867 333 950 Superest
348 873 382 932 nt
398 867 437 932 de
461 867 595 932 officio
618 867 758 932 indicis
781 867 994 950 dispiciamus,
1031 867 1208 947 etquidem

100 992 128 1056 iu
150 991 256 1074 primis
273 991 350 1056 illud
374 991 544 1056 obseruare
569 991 663 1056 debet
684 991 788 1074 iudex,
811 1012 851 1056 ne
875 991 967 1056 aliter
989 993 1057 1075 ipse
1080 991 1207 1073 indicet,

99 1137 186 1197 quam
222 1117 494 1182 constitutionibus
529 1124 584 1183 ant
617 1117 742 1200 scriptis
777 1117 900 1200 legibus
935 1125 989 1182 aut
1022 1117 1209 1200 prudentum

70 1242 280 1307 1.auctoritate
311 1244 548 1327 comprobatum
578 1249 633 1308 est.
687 1247 713 1310 1.
737 1243 777 1307 Et
804 1243 875 1307 ideo
904 1244 932 1307 si
958 1243 1066 1308 noxali
1093 1243 1208 1308 iudicio

98 1375 194 1431 tecum
219 1366 365 1450 experiar
393 1373 423 1432 et
448 1369 610 1434 ostendam
638 1369 757 1450 aliquid
782 1369 933 1433 aduersus
961 1389 1012 1433 me
1040 1368 1209 1433 admissum
1247 1379 1262 1430 5

96 1493 199 1574 fuisse,
224 1493 269 1556 ita
284 1492 417 1558 indicem
434 1495 636 1577 pronuntiare
653 1500 792 1578 oportet:
818 1494 1001 1559 ‘Publium
1024 1495 1210 1559 Maenium

97 1616 211 1682 Lucio
235 1617 338 1682 Titio
363 1619 488 1683 actori
512 1618 642 1684 decem
666 1639 805 1684 aureos
829 1619 980 1684 soluere
1004 1619 1208 1683 condemno

65 1749 155 1806 aaut
177 1763 330 1808 sernum
353 1763 474 1808 noxae
498 1743 658 1808 dederc'.
695 1747 723 1810 2.
741 1744 775 1808 si
799 1745 868 1825 quis
884 1745 998 1810 iurem
1014 1745 1090 1827 agit,
1115 1745 1209 1809 index

95 1869 120 1932 si
143 1873 253 1932 contra
276 1868 439 1950 petitorem
456 1868 583 1950 indicat,
608 1889 696 1932 reum
712 1869 879 1934 absoluere
896 1870 997 1935 debet.
1033 1870 1081 1935 sin
1105 1876 1209 1935 antem

94 1993 272 2057 inferiorem
295 1994 341 2057 rei
365 2013 495 2058 causam
519 2013 589 2058 esse
618 1994 784 2077 perspicit,
812 1993 921 2059 iubeat
948 2015 1018 2059 enm
1045 2015 1112 2060 rem
1140 2017 1210 2060 cum
1232 2007 1264 2058 ιο

94 2119 247 2184 fructibus
270 2119 445 2184 restituere.
484 2118 559 2183 siin
582 2118 743 2202 praesenti
766 2125 862 2202 neget
879 2139 953 2185 reus
968 2139 1063 2204 posse
1086 2139 1121 2185 se
1143 2141 1209 2186 rem

93 2242 274 2325 restituere,
304 2263 405 2325 neque
429 2242 462 2306 id
484 2243 695 2308 frustrationis
720 2264 817 2309 cansa
840 2245 881 2308 ab
906 2264 943 2310 eo
968 2244 1095 2326 dicitur,
1119 2246 1211 2310 decet

93 2369 244 2450 iudicem,
280 2368 309 2432 ei
340 2368 491 2452 temporis
522 2369 660 2434 indutias
692 2369 883 2451 concedere,
918 2370 1001 2434 intra
1034 2390 1113 2451 quas
1144 2390 1209 2435 rem

94 2493 193 2558 actori
229 2493 395 2559 restituere
430 2493 559 2575 debeat3
593 2503 627 2559 nt
662 2501 766 2558 tamm
800 2494 984 2560 satisdando
1020 2501 1133 2560 caueat
1171 2496 1209 2560 de

93 2618 155 2683 litis
184 2619 418 2684 aestimatione:
455 2639 525 2684 sese
557 2619 711 2702 nimirum,
740 2619 767 2684 si
797 2620 879 2684 intra
903 2631 1025 2703 tempus
1057 2641 1077 2684 a
1106 2620 1210 2686 indice
1232 2631 1263 2684 15

93 2743 293 2808 constitutum
315 2763 381 2808 rem
406 2765 468 2808 non
491 2745 677 2827 restitnerit,
705 2743 956 2810 aestimationem
984 2744 1048 2810 litis
1079 2745 1210 2828 praesti·

92 2876 204 2932 turum.
271 2869 354 2950 quod
389 2869 417 2933 si
449 2869 607 2934 hereditas
642 2869 771 2952 petitur,
806 2869 938 2952 perinde
973 2870 1058 2934 circa
1091 2869 1211 2935 fructus

93 2991 289 3075 (incernatur,
306 3000 399 3074 atque
416 2994 448 3058 in
466 2993 641 3058 actionibus
657 2994 690 3058 in
705 3015 779 3058 rem.
808 3015 915 3059 eornm
932 3001 1038 3060 autem
1053 2996 1209 3060 fructuum

92 3118 229 3198 nomine,
253 3138 331 3199 qnos
354 3119 448 3203 culpa
470 3139 530 3182 sua
553 3118 736 3183 hereditatis
759 3139 923 3202 possessor
945 3139 1007 3185 non
1023 3121 1209 3204 perceperit,

92 3243 361 3324 condemnabitur,
387 3243 413 3307 si
437 3243 562 3324 quidem
586 3244 670 3308 mala
686 3244 747 3308 fide
763 3245 796 3309 in
811 3244 993 3312 hereditatis
1010 3245 1210 3328 possessione
1230 3257 1264 3308 20
