<?xml version="1.0" encoding="UTF-8"?>
<!DOCTYPE html PUBLIC "-//W3C//DTD XHTML 1.0 Transitional//EN"
    "http://www.w3.org/TR/xhtml1/DTD/xhtml1-transitional.dtd">
<html xmlns="http://www.w3.org/1999/xhtml" xml:lang="en" lang="en">
 <head>
  <title>
</title>
<meta http-equiv="Content-Type" content="text/html;charset=utf-8" />
  <meta name='ocr-system' content='tesseract 3.04.00' />
  <meta name='ocr-capabilities' content='ocr_page ocr_carea ocr_par ocr_line ocrx_word'/>
</head>
<body>
  <div class='ocr_page' id='page_1' title='image "./institutionumgr02linggoog_0530.png"; bbox 0 0 2898 4712; ppageno 0'>
   <div class='ocr_carea' id='block_1_1' title="bbox 514 355 749 422">
    <p class='ocr_par' dir='ltr' id='par_1_1' title="bbox 514 355 749 422">
     <span class='ocr_line' id='line_1_1' title="bbox 514 355 749 422; baseline 0.009 -2"><span class='ocrx_word' id='word_1_1' title='bbox 514 391 557 406; x_wconf 85' lang='lat'>-</span> <span class='ocrx_word' id='word_1_2' title='bbox 603 355 749 422; x_wconf 81' lang='lat'>248-</span> 
     </span>
    </p>
   </div>
   <div class='ocr_carea' id='block_1_2' title="bbox 80 542 1245 2302">
    <p class='ocr_par' dir='ltr' id='par_1_2' title="bbox 80 542 1245 2302">
     <span class='ocr_line' id='line_1_2' title="bbox 85 542 1197 627; baseline -0.002 -17"><span class='ocrx_word' id='word_1_3' title='bbox 85 545 342 612; x_wconf 85' lang='lat' dir='ltr'>fidciccmmissum</span> <span class='ocrx_word' id='word_1_4' title='bbox 366 545 524 627; x_wconf 80' lang='lat' dir='ltr'><strong>relinquit,</strong></span> <span class='ocrx_word' id='word_1_5' title='bbox 546 544 614 610; x_wconf 90' lang='lat' dir='ltr'>siue</span> <span class='ocrx_word' id='word_1_6' title='bbox 636 542 717 608; x_wconf 85' lang='lat' dir='ltr'>alius</span> <span class='ocrx_word' id='word_1_7' title='bbox 740 543 941 626; x_wconf 84' lang='lat' dir='ltr'>quicumque,</span> <span class='ocrx_word' id='word_1_8' title='bbox 966 543 992 608; x_wconf 91' lang='lat' dir='ltr'>si</span> <span class='ocrx_word' id='word_1_9' title='bbox 1014 543 1106 610; x_wconf 88' lang='lat' dir='ltr'>heres</span> <span class='ocrx_word' id='word_1_10' title='bbox 1128 561 1197 626; x_wconf 85' lang='lat' dir='ltr'>per·</span> 
     </span>
     <span class='ocr_line' id='line_1_3' title="bbox 84 661 1195 744; baseline -0.001 -14"><span class='ocrx_word' id='word_1_11' title='bbox 84 663 151 730; x_wconf 85' lang='lat' dir='ltr'>fidia</span> <span class='ocrx_word' id='word_1_12' title='bbox 171 672 275 732; x_wconf 88' lang='lat' dir='ltr'>teutus</span> <span class='ocrx_word' id='word_1_13' title='bbox 297 664 369 731; x_wconf 89' lang='lat' dir='ltr'>fidei</span> <span class='ocrx_word' id='word_1_14' title='bbox 392 683 470 731; x_wconf 90' lang='lat' dir='ltr'>suae</span> <span class='ocrx_word' id='word_1_15' title='bbox 491 667 688 730; x_wconf 88' lang='lat' dir='ltr'>commissum</span> <span class='ocrx_word' id='word_1_16' title='bbox 712 661 883 744; x_wconf 89' lang='lat' dir='ltr'>adimplere</span> <span class='ocrx_word' id='word_1_17' title='bbox 897 669 1031 740; x_wconf 77' lang='lat' dir='ltr'>recusat,</span> <span class='ocrx_word' id='word_1_18' title='bbox 1054 663 1195 744; x_wconf 78' lang='lat' dir='ltr'>negando</span> 
     </span>
     <span class='ocr_line' id='line_1_4' title="bbox 83 781 1196 867; baseline -0.004 -17"><span class='ocrx_word' id='word_1_19' title='bbox 83 785 192 867; x_wconf 88' lang='lat' dir='ltr'>aliquid</span> <span class='ocrx_word' id='word_1_20' title='bbox 214 785 367 851; x_wconf 90' lang='lat' dir='ltr'>eiusmodi</span> <span class='ocrx_word' id='word_1_21' title='bbox 393 803 462 850; x_wconf 88' lang='lat' dir='ltr'>csse</span> <span class='ocrx_word' id='word_1_22' title='bbox 489 785 709 862; x_wconf 80' lang='lat' dir='ltr'>subsecutum,</span> <span class='ocrx_word' id='word_1_23' title='bbox 736 789 768 849; x_wconf 91' lang='lat' dir='ltr'>et</span> <span class='ocrx_word' id='word_1_24' title='bbox 797 781 1102 848; x_wconf 89' lang='lat' dir='ltr'>fideicommissarius</span> <span class='ocrx_word' id='word_1_25' title='bbox 1125 799 1196 848; x_wconf 90' lang='lat' dir='ltr'>con·</span> 
     </span>
     <span class='ocr_line' id='line_1_5' title="bbox 82 901 1195 988; baseline -0.003 -19"><span class='ocrx_word' id='word_1_26' title='bbox 82 905 217 982; x_wconf 81' lang='lat' dir='ltr'>traditat,</span> <span class='ocrx_word' id='word_1_27' title='bbox 240 904 333 971; x_wconf 88' lang='lat' dir='ltr'>liceat</span> <span class='ocrx_word' id='word_1_28' title='bbox 355 906 392 984; x_wconf 79' lang='lat' dir='ltr'>ei,</span> <span class='ocrx_word' id='word_1_29' title='bbox 416 923 485 971; x_wconf 91' lang='lat' dir='ltr'>cum</span> <span class='ocrx_word' id='word_1_30' title='bbox 501 904 589 988; x_wconf 87' lang='lat' dir='ltr'>prius</span> <span class='ocrx_word' id='word_1_31' title='bbox 610 905 676 984; x_wconf 89' lang='lat' dir='ltr'>ipse</span> <span class='ocrx_word' id='word_1_32' title='bbox 699 904 738 968; x_wconf 89' lang='lat' dir='ltr'>de</span> <span class='ocrx_word' id='word_1_33' title='bbox 760 903 915 968; x_wconf 86' lang='lat' dir='ltr'>calumnia</span> <span class='ocrx_word' id='word_1_34' title='bbox 937 902 1090 967; x_wconf 89' lang='lat' dir='ltr'>iurauerit</span> <span class='ocrx_word' id='word_1_35' title='bbox 1113 901 1195 984; x_wconf 87' lang='lat' dir='ltr'>(sese</span> 
     </span>
     <span class='ocr_line' id='line_1_6' title="bbox 82 1020 1245 1104; baseline -0.009 -16"><span class='ocrx_word' id='word_1_36' title='bbox 82 1042 182 1104; x_wconf 85' lang='lat' dir='ltr'>nempe</span> <span class='ocrx_word' id='word_1_37' title='bbox 204 1042 266 1090; x_wconf 89' lang='lat' dir='ltr'>uon</span> <span class='ocrx_word' id='word_1_38' title='bbox 289 1023 497 1090; x_wconf 88' lang='lat' dir='ltr'>calumniandi</span> <span class='ocrx_word' id='word_1_39' title='bbox 519 1024 622 1089; x_wconf 88' lang='lat' dir='ltr'>animo</span> <span class='ocrx_word' id='word_1_40' title='bbox 649 1021 866 1087; x_wconf 89' lang='lat' dir='ltr'>iusiurandum</span> <span class='ocrx_word' id='word_1_41' title='bbox 891 1021 1025 1104; x_wconf 83' lang='lat' dir='ltr'>deferre)</span> <span class='ocrx_word' id='word_1_42' title='bbox 1048 1020 1204 1086; x_wconf 87' lang='lat' dir='ltr'>heredem</span> <span class='ocrx_word' id='word_1_43' title='bbox 1229 1028 1245 1078; x_wconf 80' lang='lat'><strong>5</strong></span> 
     </span>
     <span class='ocr_line' id='line_1_7' title="bbox 82 1138 1194 1224; baseline -0.004 -15"><span class='ocrx_word' id='word_1_44' title='bbox 82 1163 180 1224; x_wconf 75' lang='lat' dir='ltr'>cogere</span> <span class='ocrx_word' id='word_1_45' title='bbox 203 1146 307 1210; x_wconf 91' lang='lat' dir='ltr'>iurare</span> <span class='ocrx_word' id='word_1_46' title='bbox 329 1143 599 1210; x_wconf 86' lang='lat' dir='ltr'>fideicommissum</span> <span class='ocrx_word' id='word_1_47' title='bbox 623 1161 683 1208; x_wconf 89' lang='lat' dir='ltr'>non</span> <span class='ocrx_word' id='word_1_48' title='bbox 714 1160 783 1208; x_wconf 89' lang='lat' dir='ltr'>esse</span> <span class='ocrx_word' id='word_1_49' title='bbox 812 1141 966 1207; x_wconf 88' lang='lat' dir='ltr'>relictum.</span> <span class='ocrx_word' id='word_1_50' title='bbox 1011 1138 1124 1222; x_wconf 87' lang='lat' dir='ltr'>quodsi</span> <span class='ocrx_word' id='word_1_51' title='bbox 1147 1159 1194 1204; x_wconf 91' lang='lat' dir='ltr'>re·</span> 
     </span>
     <span class='ocr_line' id='line_1_8' title="bbox 82 1258 1195 1340; baseline -0.004 -12"><span class='ocrx_word' id='word_1_52' title='bbox 82 1269 158 1328; x_wconf 85' lang='lat' dir='ltr'>mset</span> <span class='ocrx_word' id='word_1_53' title='bbox 181 1263 274 1329; x_wconf 88' lang='lat' dir='ltr'>heres</span> <span class='ocrx_word' id='word_1_54' title='bbox 296 1263 415 1340; x_wconf 83' lang='lat' dir='ltr'>iurare,</span> <span class='ocrx_word' id='word_1_55' title='bbox 445 1267 604 1328; x_wconf 74' lang='lat' dir='ltr'>coartetur</span> <span class='ocrx_word' id='word_1_56' title='bbox 630 1261 671 1326; x_wconf 87' lang='lat' dir='ltr'>ad</span> <span class='ocrx_word' id='word_1_57' title='bbox 698 1259 928 1327; x_wconf 87' lang='lat' dir='ltr'>fideicommissi</span> <span class='ocrx_word' id='word_1_58' title='bbox 957 1258 1008 1325; x_wconf 89' lang='lat' dir='ltr'>uel</span> <span class='ocrx_word' id='word_1_59' title='bbox 1035 1259 1195 1326; x_wconf 88' lang='lat' dir='ltr'>uniuersa·</span> 
     </span>
     <span class='ocr_line' id='line_1_9' title="bbox 81 1377 1194 1464; baseline -0.001 -19"><span class='ocrx_word' id='word_1_60' title='bbox 81 1381 113 1446; x_wconf 87' lang='lat' dir='ltr'>lis</span> <span class='ocrx_word' id='word_1_61' title='bbox 133 1380 183 1446; x_wconf 92' lang='lat' dir='ltr'>uel</span> <span class='ocrx_word' id='word_1_62' title='bbox 205 1381 350 1464; x_wconf 85' lang='lat' dir='ltr'>specialis</span> <span class='ocrx_word' id='word_1_63' title='bbox 372 1378 568 1454; x_wconf 87' lang='lat' dir='ltr'>solutionem,</span> <span class='ocrx_word' id='word_1_64' title='bbox 591 1399 630 1444; x_wconf 89' lang='lat' dir='ltr'>ne</span> <span class='ocrx_word' id='word_1_65' title='bbox 652 1381 801 1462; x_wconf 80' lang='lat' dir='ltr'>depereat</span> <span class='ocrx_word' id='word_1_66' title='bbox 822 1377 935 1444; x_wconf 90' lang='lat' dir='ltr'>ultima</span> <span class='ocrx_word' id='word_1_67' title='bbox 955 1379 1115 1444; x_wconf 88' lang='lat' dir='ltr'>testatoris</span> <span class='ocrx_word' id='word_1_68' title='bbox 1139 1398 1194 1444; x_wconf 89' lang='lat' dir='ltr'>uo·</span> 
     </span>
     <span class='ocr_line' id='line_1_10' title="bbox 81 1499 1193 1582; baseline 0.004 -18"><span class='ocrx_word' id='word_1_69' title='bbox 81 1499 188 1580; x_wconf 71' lang='lat' dir='ltr'>lorus,</span> <span class='ocrx_word' id='word_1_70' title='bbox 210 1502 266 1582; x_wconf 92' lang='lat' dir='ltr'>qui</span> <span class='ocrx_word' id='word_1_71' title='bbox 288 1504 391 1568; x_wconf 89' lang='lat' dir='ltr'>omnia</span> <span class='ocrx_word' id='word_1_72' title='bbox 416 1501 489 1568; x_wconf 87' lang='lat' dir='ltr'>fidei</span> <span class='ocrx_word' id='word_1_73' title='bbox 511 1503 700 1569; x_wconf 85' lang='lat' dir='ltr'>commiserit</span> <span class='ocrx_word' id='word_1_74' title='bbox 722 1503 856 1568; x_wconf 90' lang='lat' dir='ltr'>heredis.</span> <span class='ocrx_word' id='word_1_75' title='bbox 901 1503 949 1566; x_wconf 92' lang='lat' dir='ltr'>siu</span> <span class='ocrx_word' id='word_1_76' title='bbox 978 1509 1082 1568; x_wconf 88' lang='lat' dir='ltr'>autem</span> <span class='ocrx_word' id='word_1_77' title='bbox 1110 1502 1193 1569; x_wconf 89' lang='lat' dir='ltr'>ale-</span> 
     </span>
     <span class='ocr_line' id='line_1_11' title="bbox 81 1619 1244 1699; baseline 0.004 -15"><span class='ocrx_word' id='word_1_78' title='bbox 81 1619 192 1699; x_wconf 84' lang='lat' dir='ltr'>gatario</span> <span class='ocrx_word' id='word_1_79' title='bbox 215 1621 307 1686; x_wconf 85' lang='lat' dir='ltr'>uela</span> <span class='ocrx_word' id='word_1_80' title='bbox 333 1621 404 1688; x_wconf 87' lang='lat' dir='ltr'>fidei</span> <span class='ocrx_word' id='word_1_81' title='bbox 435 1621 645 1688; x_wconf 81' lang='lat' dir='ltr'>commissario</span> <span class='ocrx_word' id='word_1_82' title='bbox 673 1622 823 1687; x_wconf 88' lang='lat' dir='ltr'>eiusmodi</span> <span class='ocrx_word' id='word_1_83' title='bbox 850 1619 1122 1688; x_wconf 86' lang='lat' dir='ltr'>fideicommissum</span> <span class='ocrx_word' id='word_1_84' title='bbox 1145 1641 1193 1689; x_wconf 90' lang='lat' dir='ltr'>re·</span> <span class='ocrx_word' id='word_1_85' title='bbox 1212 1619 1244 1672; x_wconf 84' lang='lat'>10</span> 
     </span>
     <span class='ocr_line' id='line_1_12' title="bbox 80 1737 1191 1825; baseline 0.005 -23"><span class='ocrx_word' id='word_1_86' title='bbox 80 1737 177 1805; x_wconf 89' lang='lat' dir='ltr'>lictum</span> <span class='ocrx_word' id='word_1_87' title='bbox 199 1742 255 1818; x_wconf 87' lang='lat' dir='ltr'>sit,</span> <span class='ocrx_word' id='word_1_88' title='bbox 278 1741 387 1808; x_wconf 87' lang='lat' dir='ltr'>eadem</span> <span class='ocrx_word' id='word_1_89' title='bbox 414 1741 631 1807; x_wconf 88' lang='lat' dir='ltr'>obserueutur.</span> <span class='ocrx_word' id='word_1_90' title='bbox 684 1749 717 1806; x_wconf 87' lang='lat' dir='ltr'>et</span> <span class='ocrx_word' id='word_1_91' title='bbox 745 1744 772 1807; x_wconf 93' lang='lat' dir='ltr'>si</span> <span class='ocrx_word' id='word_1_92' title='bbox 800 1740 915 1807; x_wconf 85' lang='lat' dir='ltr'>iufitias</span> <span class='ocrx_word' id='word_1_93' title='bbox 944 1749 994 1807; x_wconf 86' lang='lat' dir='ltr'>eat</span> <span class='ocrx_word' id='word_1_94' title='bbox 1021 1741 1191 1825; x_wconf 82' lang='lat' dir='ltr'>iegatarius</span> 
     </span>
     <span class='ocr_line' id='line_1_13' title="bbox 80 1857 1192 1940; baseline 0.004 -18"><span class='ocrx_word' id='word_1_95' title='bbox 80 1857 124 1923; x_wconf 88' lang='lat' dir='ltr'>uel</span> <span class='ocrx_word' id='word_1_96' title='bbox 143 1857 446 1926; x_wconf 87' lang='lat' dir='ltr'>fideicommissarius</span> <span class='ocrx_word' id='word_1_97' title='bbox 468 1859 611 1926; x_wconf 88' lang='lat' dir='ltr'>relictum</span> <span class='ocrx_word' id='word_1_98' title='bbox 633 1878 702 1926; x_wconf 88' lang='lat' dir='ltr'>esse</span> <span class='ocrx_word' id='word_1_99' title='bbox 725 1859 1008 1940; x_wconf 85' lang='lat' dir='ltr'>fideicommissum,</span> <span class='ocrx_word' id='word_1_100' title='bbox 1030 1869 1087 1927; x_wconf 85' lang='lat' dir='ltr'>aut</span> <span class='ocrx_word' id='word_1_101' title='bbox 1108 1863 1192 1928; x_wconf 89' lang='lat' dir='ltr'>iuret</span> 
     </span>
     <span class='ocr_line' id='line_1_14' title="bbox 80 1977 1189 2064; baseline 0.007 -26"><span class='ocrx_word' id='word_1_102' title='bbox 80 1977 105 2040; x_wconf 94' lang='lat' dir='ltr'>id</span> <span class='ocrx_word' id='word_1_103' title='bbox 125 1997 182 2043; x_wconf 89' lang='lat' dir='ltr'>uon</span> <span class='ocrx_word' id='word_1_104' title='bbox 198 1995 268 2044; x_wconf 86' lang='lat' dir='ltr'>csse</span> <span class='ocrx_word' id='word_1_105' title='bbox 283 1979 424 2044; x_wconf 89' lang='lat' dir='ltr'>relictum</span> <span class='ocrx_word' id='word_1_106' title='bbox 440 1987 505 2058; x_wconf 87' lang='lat' dir='ltr'>aut,</span> <span class='ocrx_word' id='word_1_107' title='bbox 527 1980 554 2044; x_wconf 93' lang='lat' dir='ltr'>si</span> <span class='ocrx_word' id='word_1_108' title='bbox 569 1987 702 2058; x_wconf 77' lang='lat' dir='ltr'>recuset,</span> <span class='ocrx_word' id='word_1_109' title='bbox 725 1979 997 2046; x_wconf 87' lang='lat' dir='ltr'>fideicommissum</span> <span class='ocrx_word' id='word_1_110' title='bbox 1020 1981 1189 2064; x_wconf 85' lang='lat' dir='ltr'>persoluat</span> 
     </span>
     <span class='ocr_line' id='line_1_15' title="bbox 80 2095 1188 2180; baseline 0.004 -20"><span class='ocrx_word' id='word_1_111' title='bbox 80 2097 102 2160; x_wconf 90' lang='lat' dir='ltr'>si</span> <span class='ocrx_word' id='word_1_112' title='bbox 120 2096 146 2162; x_wconf 92' lang='lat' dir='ltr'>is</span> <span class='ocrx_word' id='word_1_113' title='bbox 167 2099 221 2180; x_wconf 88' lang='lat' dir='ltr'>qui</span> <span class='ocrx_word' id='word_1_114' title='bbox 243 2095 480 2165; x_wconf 83' lang='lat' dir='ltr'>fideicommissa</span> <span class='ocrx_word' id='word_1_115' title='bbox 501 2110 650 2166; x_wconf 90' lang='lat' dir='ltr'>oneratus</span> <span class='ocrx_word' id='word_1_116' title='bbox 673 2103 732 2178; x_wconf 79' lang='lat' dir='ltr'>est,</span> <span class='ocrx_word' id='word_1_117' title='bbox 755 2096 942 2166; x_wconf 85' lang='lat' dir='ltr'>confiteatur</span> <span class='ocrx_word' id='word_1_118' title='bbox 962 2099 1088 2180; x_wconf 86' lang='lat' dir='ltr'>quidem</span> <span class='ocrx_word' id='word_1_119' title='bbox 1102 2099 1188 2166; x_wconf 89' lang='lat' dir='ltr'>fidei·</span> 
     </span>
     <span class='ocr_line' id='line_1_16' title="bbox 80 2217 1241 2302; baseline 0.003 -20"><span class='ocrx_word' id='word_1_120' title='bbox 80 2217 264 2282; x_wconf 85' lang='lat' dir='ltr'>commissum</span> <span class='ocrx_word' id='word_1_121' title='bbox 287 2236 307 2282; x_wconf 92' lang='lat' dir='ltr'>a</span> <span class='ocrx_word' id='word_1_122' title='bbox 328 2225 428 2284; x_wconf 84' lang='lat' dir='ltr'>semet</span> <span class='ocrx_word' id='word_1_123' title='bbox 449 2237 518 2285; x_wconf 89' lang='lat' dir='ltr'>esse</span> <span class='ocrx_word' id='word_1_124' title='bbox 545 2218 705 2298; x_wconf 86' lang='lat' dir='ltr'>relictum,</span> <span class='ocrx_word' id='word_1_125' title='bbox 735 2218 774 2282; x_wconf 90' lang='lat' dir='ltr'>ad</span> <span class='ocrx_word' id='word_1_126' title='bbox 798 2218 877 2283; x_wconf 92' lang='lat' dir='ltr'>iuris</span> <span class='ocrx_word' id='word_1_127' title='bbox 906 2225 1010 2285; x_wconf 89' lang='lat' dir='ltr'>autem</span> <span class='ocrx_word' id='word_1_128' title='bbox 1033 2219 1241 2302; x_wconf 74' lang='lat' dir='ltr'>suptilia-1⁶</span> 
     </span>
    </p>
   </div>
   <div class='ocr_carea' id='block_1_3' title="bbox 78 2337 1189 2662">
    <p class='ocr_par' dir='ltr' id='par_1_3' title="bbox 78 2337 1189 2662">
     <span class='ocr_line' id='line_1_17' title="bbox 79 2337 1189 2423; baseline 0.005 -23"><span class='ocrx_word' id='word_1_129' title='bbox 79 2343 131 2400; x_wconf 89' lang='lat' dir='ltr'>tem</span> <span class='ocrx_word' id='word_1_130' title='bbox 154 2337 315 2417; x_wconf 84' lang='lat' dir='ltr'>decurrat,</span> <span class='ocrx_word' id='word_1_131' title='bbox 340 2338 445 2406; x_wconf 88' lang='lat' dir='ltr'>diceus</span> <span class='ocrx_word' id='word_1_132' title='bbox 473 2357 535 2406; x_wconf 91' lang='lat' dir='ltr'>uon</span> <span class='ocrx_word' id='word_1_133' title='bbox 558 2339 697 2405; x_wconf 76' lang='lat' dir='ltr'>adfuisse</span> <span class='ocrx_word' id='word_1_134' title='bbox 724 2339 863 2423; x_wconf 87' lang='lat' dir='ltr'>quinque</span> <span class='ocrx_word' id='word_1_135' title='bbox 890 2345 988 2405; x_wconf 88' lang='lat' dir='ltr'>testes</span> <span class='ocrx_word' id='word_1_136' title='bbox 1011 2359 1081 2406; x_wconf 92' lang='lat' dir='ltr'>cum</span> <span class='ocrx_word' id='word_1_137' title='bbox 1103 2339 1189 2408; x_wconf 86' lang='lat' dir='ltr'>fidei·</span> 
     </span>
     <span class='ocr_line' id='line_1_18' title="bbox 79 2457 1188 2543; baseline 0.004 -21"><span class='ocrx_word' id='word_1_138' title='bbox 79 2458 263 2522; x_wconf 84' lang='lat' dir='ltr'>commissum</span> <span class='ocrx_word' id='word_1_139' title='bbox 285 2457 430 2526; x_wconf 87' lang='lat' dir='ltr'>relictum</span> <span class='ocrx_word' id='word_1_140' title='bbox 453 2468 510 2542; x_wconf 90' lang='lat' dir='ltr'>est,</span> <span class='ocrx_word' id='word_1_141' title='bbox 538 2466 649 2543; x_wconf 88' lang='lat' dir='ltr'>utpote</span> <span class='ocrx_word' id='word_1_142' title='bbox 678 2460 732 2542; x_wconf 90' lang='lat' dir='ltr'>qui</span> <span class='ocrx_word' id='word_1_143' title='bbox 763 2477 845 2526; x_wconf 89' lang='lat' dir='ltr'>uana</span> <span class='ocrx_word' id='word_1_144' title='bbox 874 2460 1052 2528; x_wconf 85' lang='lat' dir='ltr'>defensione</span> <span class='ocrx_word' id='word_1_145' title='bbox 1079 2466 1188 2526; x_wconf 86' lang='lat' dir='ltr'>utatur</span> 
     </span>
     <span class='ocr_line' id='line_1_19' title="bbox 78 2571 953 2662; baseline 0.008 -25"><span class='ocrx_word' id='word_1_146' title='bbox 78 2571 337 2644; x_wconf 86' lang='lat' dir='ltr'>fideicommissum</span> <span class='ocrx_word' id='word_1_147' title='bbox 360 2579 482 2646; x_wconf 83' lang='lat' dir='ltr'>soluere</span> <span class='ocrx_word' id='word_1_148' title='bbox 504 2581 571 2646; x_wconf 89' lang='lat' dir='ltr'>siue</span> <span class='ocrx_word' id='word_1_149' title='bbox 593 2579 789 2647; x_wconf 76' lang='lat' dir='ltr'>dubitatione</span> <span class='ocrx_word' id='word_1_150' title='bbox 811 2587 953 2662; x_wconf 80' lang='lat' dir='ltr'>cogatur.</span> 
     </span>
    </p>
   </div>
   <div class='ocr_carea' id='block_1_4' title="bbox 0 0 1454 4712">
    <p class='ocr_par' dir='ltr' id='par_1_4' title="bbox 0 0 1454 4712">
     <span class='ocr_line' id='line_1_20' title="bbox 0 0 1454 4712; baseline 0 4"><span class='ocrx_word' id='word_1_151' title='bbox 0 0 1454 4712; x_wconf 95' lang='lat' dir='ltr'> </span> 
     </span>
    </p>
   </div>
  </div>
 </body>
</html>
