2932 4704
534 343 746 407 -7o..

95 531 199 598 loun
220 535 269 597 esl
290 529 373 598 enim
400 534 438 595 ut
463 529 517 612 qui
545 525 702 612 perloolus
728 527 843 596 solutis
869 547 932 594 non
959 527 1039 605 unt,
1068 525 1201 597 odomn

63 651 83 704 l·
97 646 185 714 onleln
205 653 364 731 mundns.
410 647 440 710 7.
461 643 542 715 Cum
563 651 669 714 eumn
689 647 825 730 puberes
845 646 956 730 pupilli
977 646 1052 716 iooli
1072 645 1199 726 fuerim.

94 765 200 871 totone
219 767 335 835 indido
356 773 478 834 tutores
500 766 540 834 od
561 765 743 858 reddendos·
761 765 899 834 notiones
921 764 1116 850 compellent„

307 1375 355 1444 De
376 1377 565 1445 ouaorilsle
587 1381 736 1444 tutorum.
780 1375 905 1446 Titulus
927 1377 978 1441 21.

167 1565 323 1645 Quonium
344 1565 480 1632 uidimus
501 1571 638 1632 tutorem
660 1565 702 1630 od
724 1583 790 1632 rem
811 1565 921 1649 pupilli
939 1563 1109 1648 gerendum
1124 1563 1203 1643 duni,

94 1683 299 1752 idmonendus
320 1701 355 1752 os
377 1701 448 1752 eum
469 1684 501 1750 in
528 1683 717 1768 quibusdem
744 1682 854 1767 pupilli
882 1683 1014 1768 negonns
1043 1689 1203 1752 unowrenn
1228 1669 1255 1730 ·⁵

94 1802 153 1869 lieni
173 1804 300 1885 dobere,
321 1810 355 1871 et
374 1803 458 1888 qnod
480 1805 547 1869 sine
569 1803 757 1870 auounuto
778 1803 845 1872 eius
867 1801 984 1870 leolum
1011 1801 1055 1870 sil
1079 1821 1120 1870 ne
1141 1801 1204 1869 loo·

95 1932 153 1989 tom
173 1924 302 2006 quidem
323 1922 433 1991 uideri.
478 1930 553 1991 sont
574 1931 678 1991 oulen
701 1924 873 2008 quondan,
895 1925 928 1990 in
950 1924 1063 2007 quibus
1089 1921 1204 1990 totonis

94 2043 256 2111 uuowritus
278 2042 456 2110 necessario
477 2062 539 2110 non
561 2050 618 2110 est.
646 2048 683 2110 ul
703 2059 776 2110 ecce
798 2044 825 2109 si
845 2041 984 2127 pupillus
1005 2041 1101 2110 luerit
1121 2059 1206 2108 omo

94 2161 272 2246 stipulatus:
294 2161 423 2230 decenn
450 2179 594 2231 eureos
622 2161 719 2229 mihi
745 2161 840 2230 durs
866 2160 1058 2246 spondes?
1086 2160 1129 2228 ud
1150 2160 1207 2228 sli-

93 2281 279 2364 polstionem
302 2281 546 2351 oonlirmundnm
566 2283 682 2350 tutoris
703 2281 890 2350 onownitolo
911 2299 991 2365 opus
1013 2298 1075 2348 oon
1097 2286 1156 2348 est.
1177 2281 1206 2347 si
1227 2270 1258 2322 ¹⁰

94 2419 161 2468 uero
189 2401 264 2486 ipse
288 2400 426 2485 pupillus
455 2399 572 2485 aliquid
600 2401 677 2470 dore
701 2399 867 2486 spondent,
900 2399 1064 2484 stipnlolio
1091 2400 1207 2466 unionis

94 2522 275 2588 anowrilnle
296 2518 505 2588 confirmetur.
548 2519 666 2604 plncnll
686 2521 768 2588 enim
790 2519 948 2587 mellonem
969 2518 1096 2602 quidem
1117 2535 1208 2586 suom

94 2639 300 2709 condicionem
320 2640 415 2708 linere
441 2641 470 2708 ei
499 2639 615 2721 locere
645 2647 678 2707 et
703 2655 778 2707 suos
803 2655 920 2722 ungere
946 2637 1111 2706 leoduni
1139 2639 1207 2706 sine

94 2761 200 2826 tutoris
221 2761 423 2840 securitate,
444 2759 630 2827 deteriorem
651 2765 757 2827 onoem
779 2757 883 2826 locere
905 2777 966 2824 non
988 2755 1090 2838 aliter,
1112 2771 1207 2840 qnnm

94 2879 264 2962 sinegotio
285 2878 458 2948 alconus
478 2879 608 2947 oooedot
628 2878 752 2946 tutoris
797 2878 881 2946 unde
904 2879 936 2944 in
962 2875 1012 2942 his
1043 2877 1146 2944 oenus
1175 2874 1259 2942 in1⁵

93 2997 203 3078 unione
223 2999 266 3067 ub
288 3003 424 3081 unoquo
444 2999 542 3066 utero
564 2997 770 3082 obligsu'onss
791 2996 1048 3066 unusnendouo
1077 3013 1208 3064 noneno-

94 3123 150 3195 lor,
171 3118 273 3184 uoluti
294 3117 327 3184 in
348 3115 731 3214 locutionibnslmsndutis
753 3117 903 3200 depositio
925 3115 1011 3201 (nom
1039 3115 1093 3200 qni
1115 3113 1208 3196 depo

95 3234 138 3301 nit
158 3237 314 3307 discum
336 3240 470 3323 depositi
491 3241 644 3308 sedunum
665 3239 770 3320 hobel,
793 3237 849 3324 qul
871 3243 975 3305 entem
1003 3239 1036 3304 in
1058 3255 1093 3304 re
1115 3235 1209 3320 depo-

96 3353 152 3420 silu
182 3357 304 3440 uliqnid
335 3358 497 3444 impendit,
530 3358 749 3443 oontruionn),
781 3357 842 3425 nisi
872 3356 1063 3424 interueniunt
1094 3355 1208 3424 tutoris

97 3475 274 3559 onotorilns,
297 3479 365 3563 ipse
386 3479 527 3563 quidem,
554 3479 610 3561 qui
631 3497 702 3547 oum
723 3475 850 3564 pupillis
871 3477 1044 3556 conuelli,
1066 3475 1112 3544 eis
1133 3473 1210 3544 obli-
1226 3477 1261 3531 2⁰
