2936 4704
516 340 745 405 -rts-

96 529 258 592 ndnannm
279 523 378 592 iiiam
401 525 536 592 hmine
556 527 739 608 (ueteranus
760 531 868 594 summ
889 526 1014 610 estqui
1036 525 1194 610 stipendia

96 645 186 711 navit
211 646 337 728 unque
358 645 470 712 militia
491 647 638 713 dimissus
660 646 740 729 est),
761 647 813 714 eui
835 647 876 714 de
897 647 1050 714 castrensi
1071 645 1192 730 peculio

95 767 295 832 tannentnm
317 768 450 832 condere
472 767 554 846 lieet7
576 767 659 833 idest
685 767 725 834 de
751 787 788 834 eo
814 768 898 852 qnod
924 765 1056 833 miiitiae
1081 763 1193 833 labori·

97 886 139 950 hus
156 881 321 951 adsecutus
344 893 409 952 est:
431 885 549 952 honore
563 888 645 952 enim
659 883 843 952 adiecerunt
858 904 929 951 eum
944 885 1192 953 constitutiones.

95 1003 168 1088 igitur
190 1023 262 1071 oum
285 1001 368 1070 filius
389 1003 522 1070 familias
543 1007 692 1072 inuentus
714 1006 770 1084 sit,
792 1007 847 1087 qui
872 1008 940 1072 iure
969 1011 1120 1086 testetur,
1146 1025 1195 1074 re·
1228 1014 1246 1066 s

96 1125 160 1208 iqua
186 1127 406 1210 dispiciamus,
439 1145 514 1194 num
546 1131 697 1192 ueterano
728 1123 793 1194 filio
827 1123 962 1192 familias
990 1132 1127 1192 testame
1156 1125 1198 1192 da

96 1247 230 1314 atheum
244 1246 375 1330 poentio,
398 1254 488 1328 pater
502 1249 557 1329 qui
571 1265 643 1314 eum
657 1245 691 1312 in
706 1249 863 1329 potestate
883 1245 1000 1312 haheat
1020 1249 1077 1311 snt
1098 1244 1196 1311 hatur

96 1367 135 1447 qni
151 1369 185 1432 in
199 1367 339 1432 eiusdem
355 1372 513 1449 potestate
526 1369 568 1432 eit
583 1367 794 1434 testimonium
809 1372 971 1448 praestere
992 1365 1142 1450 possint?
1163 1373 1197 1434 et

95 1488 177 1567 nugis
198 1491 247 1552 est
268 1491 485 1568 ut‘negemus,
509 1486 714 1551 domesticum
742 1483 826 1551 enim
856 1485 1085 1562 testimonium,
1112 1485 1196 1569 quod

95 1607 247 1687 pmdentes
269 1614 394 1685 uomet,
418 1625 479 1672 uon
502 1613 586 1672 reete
609 1605 806 1672 testamentis
828 1605 1004 1673 adhibetur.
1049 1606 1196 1674 domesti·
1216 1609 1249 1662 1⁰

96 1744 151 1790 mm
171 1729 274 1793 autem
296 1727 507 1793 testimonium
535 1745 596 1794 non
623 1746 661 1792 ex
689 1727 874 1810 cognatione
902 1735 952 1794 set
977 1745 1015 1794 ex
1041 1729 1198 1795 mmmuni

95 1849 233 1925 potestate
255 1845 456 1930 intellegitur.
493 1865 566 1912 nam
588 1845 663 1912 licet
685 1847 715 1913 ei
736 1847 975 1914 constitutiones
997 1849 1107 1916 testari
1128 1867 1199 1931 par·

97 1963 234 2044 miserint,
257 1966 403 2048 quamuis
425 1964 518 2031 alieni
539 1964 619 2030 iuris
641 1967 693 2044 sit,
715 1971 819 2032 tamen
841 1965 953 2034 iubent
971 1985 1043 2034 enm
1057 1966 1086 2032 si
1102 1973 1198 2034 teste·

63 2087 147 2161 eamr,
166 2083 239 2150 iuris
260 2103 324 2151 non
346 2091 543 2152 contemnere
564 2091 741 2168 praecepta
788 2086 837 2150 10.
870 2087 1106 2154 Testamentum
1128 2087 1199 2169 quie

98 2201 160 2268 dun
187 2202 351 2282 conderet,
384 2221 436 2270 me
464 2204 611 2271 heredem
645 2205 799 2285 institnit3
832 2225 951 2289 nequeo
985 2206 1198 2274 testimoninm
1219 2214 1250 2268 ra

99 2327 240 2399 praestare
273 2321 428 2390 eiusmodi
459 2330 663 2405 testamemo,
697 2333 746 2392 set
775 2344 832 2394 neo
860 2326 915 2410 qui
940 2346 1009 2394 meo
1036 2327 1098 2393 iuri
1127 2327 1200 2394 sub·

99 2439 181 2508 iectus
206 2442 265 2521 sit,
297 2461 355 2510 nec
376 2449 467 2526 pater
496 2445 549 2530 qui
579 2463 629 2512 me
655 2446 687 2512 in
716 2452 873 2530 potestate
902 2446 1035 2527 haheat,
1058 2465 1116 2514 nee
1137 2447 1199 2516 fra·

99 2565 137 2626 ter
165 2563 215 2644 qni
245 2563 278 2628 in
313 2565 452 2632 eiusdem
486 2566 529 2630 sit
561 2571 726 2648 potestate
780 2585 872 2633 omne
899 2568 981 2634 enim
1018 2568 1078 2636 hoo
1109 2585 1200 2653 nego

99 2679 163 2746 uun
190 2683 274 2765 quod
306 2683 412 2766 agitem
444 2685 624 2751 esmnmti
657 2685 821 2752 ordinandi
854 2687 977 2770 gratia,
1010 2687 1115 2770 agitur
1148 2687 1202 2754 ho·

101 2803 237 2872 deinter
257 2805 406 2873 heredem
428 2811 461 2872 et
482 2811 677 2874 testatorem.
722 2805 796 2874 lieet
817 2807 898 2874 enim
922 2807 996 2873 olim
1018 2814 1121 2875 totum
1142 2805 1201 2874 hoo
1218 2827 1253 2880 ao
1290 2791 1295 2804 ⁸

98 2921 141 2988 ins
160 2925 375 2992 eontnrhetum
397 2923 509 2991 inisset
535 2932 569 2991 et
597 2923 778 2994 confusione
804 2925 974 3010 repletum,
1001 2945 1072 2994 oum
1098 2925 1201 2994 mhno

100 3043 218 3114 familiae
237 3053 361 3131 emptor
382 3045 585 3114 adhiberetur
607 3047 692 3129 (nam
713 3047 781 3128 ipse
802 3047 903 3130 prima
925 3045 1004 3115 faeie
1018 3047 1109 3114 heres
1132 3065 1202 3114 esse

102 3165 260 3251 uidebatur)
283 3169 338 3252 qni
353 3188 410 3251 per
431 3169 566 3250 patriam
588 3175 777 3252 potestatem
798 3167 934 3234 familiae
957 3169 1090 3252 emptori
1112 3173 1203 3234 erant

101 3287 245 3367 animati,
267 3294 368 3355 testes
389 3307 459 3356 esse
480 3287 661 3372 nequribent
704 3289 760 3370 qui
781 3295 890 3356 autem
908 3307 965 3372 per
990 3287 1127 3372 patriam
1149 3303 1203 3367 po-

102 3409 227 3474 teatatem
249 3407 361 3476 heredi
382 3407 539 3476 eomnneti
560 3415 660 3490 eram,
682 3408 753 3491 qui,
777 3409 823 3474 uti
845 3407 966 3476 dietum
987 3415 1053 3486 est,
1074 3405 1204 3492 proprie
