2932 4704
677 241 909 306 -108-

230 425 391 509 κεκλοφὼς
417 429 451 488 τὸ
473 427 597 514 ἔσθημα
620 428 852 508 κατεσκεύασεν,
884 429 945 493 εἴτε
975 429 1085 512 ἕτερος
1112 432 1170 513 μὲν
1202 431 1343 512 ὑφείλετο,

231 527 341 611 ἕτερος
364 528 399 592 δὲ
422 531 455 591 τδ
477 530 590 593 κλαπὲν
614 532 773 616 συνήνυσε
795 534 833 618 τῇ
855 531 972 617 ἐσθῆτι.
1017 532 1051 596 in
1078 552 1145 598 rem
1174 534 1235 617 γὰρ
1261 539 1345 596 κινεῖν
1448 599 1449 603 ,

230 630 266 692 ού
288 630 416 696 δύναται
438 633 455 692 ό
478 637 534 717 τῆς
561 632 729 718 πορφύρας
756 631 925 718 δεσπότης·
954 633 1043 698 δοκεῖ
1067 635 1128 720 γὰρ
1154 636 1174 719 η
1204 636 1347 720 πορφύρα
1447 677 1449 680 v

230 732 345 816 τρόπον
369 734 433 796 τινὰ
455 733 664 815 ἀποσβέσθαι,
687 736 722 796 τό
742 736 786 820 μὴ
815 733 890 797 εῖναι
918 735 1013 820 αὐτὴν
1042 735 1116 800 καθ’
1146 737 1267 822 ἑαυτὴν.
1309 761 1347 800 κι-
1457 811 1458 821 χ

195 835 397 921 ὄνηθησεται
419 834 456 897 δὲ
479 838 603 909 πάντως
633 836 810 901 hfl'lrtiuos
838 835 1091 918 condicticios·¹)
1122 839 1159 899 τὰ
1187 840 1249 922 γὰρ
1278 839 1344 900 ἀπυ-
1457 821 1459 898 λ

229 936 403 1017 (σβεσθέντα
432 939 598 1021 πράγματα
621 937 687 1023 ἧτοι
710 937 931 1022 α’φιινισθέντα,
955 938 983 1001 ελ
1004 940 1053 1002 καῖ
1074 938 1126 1001 διὰ
1147 942 1202 1024 τὴν
1231 940 1264 1003 in
1286 961 1345 1005 ren

229 1039 356 1103 ἐκδικεῖν
379 1041 436 1127 ούχ
458 1040 567 1118 οἷόντε,
590 1041 668 1104 κατὰ
691 1045 753 1103 τῶν
774 1041 914 1104 κλεπτῶν
934 1041 1039 1125 μέντοι
1055 1044 1108 1103 τόν
1122 1041 1265 1107 hirtiuon
1281 1062 1347 1107 con·

228 1140 376 1207 dicticion
398 1145 447 1206 καῖ
468 1144 545 1206 κατὰ
569 1145 692 1206 πάντων
715 1143 844 1225 νομέων,
868 1144 896 1205 ελ
917 1145 964 1206 καὶ
991 1145 1035 1228 μὴ
1058 1143 1121 1206 εῖεν
1142 1144 1285 1217 κλέπται,
1311 1168 1347 1206 κι-

230 1248 290 1306 νεῖν
312 1243 522 1329 δυνησόμεθα.
567 1247 638 1308 ἀλλ’
661 1246 688 1308 ελ
707 1246 766 1329 μὲν
788 1246 918 1331 κλέπτης
948 1246 1030 1309 ἐστὶν
1052 1249 1069 1308 ό
1094 1247 1265 1330 νεμόμενος
1287 1245 1346 1323 κδ’)

179 1354 211 1404 10
229 1347 283 1432 τὴν
306 1347 473 1432 πορφύραν
496 1346 567 1434 ἔχον
590 1345 723 1432 ἔσθημα,
746 1349 795 1410 καὶ
823 1348 899 1411 furti
921 1350 969 1411 καῖ
997 1346 1125 1432 furtiuq)
1155 1347 1346 1432 condictioiq

228 1448 443 1535 ἐναχθῆσετιιι,
468 1449 496 1512 εἷ
517 1448 553 1511 δὲ
577 1449 686 1533 ἕτερος
709 1451 794 1533 παρὰ
809 1452 861 1511 τόν
881 1451 1018 1535 κλέπτην,
1027 1451 1052 1532 ³)
1075 1453 1121 1537 τῷ
1136 1449 1267 1534 λατῇαῳ
1282 1469 1349 1514 con·

35 1571 41 1581 ¹
135 1594 140 1600 -
228 1549 363 1635 dicticicp
386 1551 628 1638 κρατηθησεται,
651 1553 750 1615 ούκέτι
772 1552 809 1615 δὲ
837 1577 873 1639 τη
902 1553 987 1618 furti.
1040 1556 1089 1617 27.
1117 1553 1210 1618 Ὗλαι
1235 1553 1292 1616 δύο
1314 1561 1389 1614 ww.

854 1619 861 1639 ι

230 1675 291 1713 νων
312 1653 390 1716 κατὰ
412 1655 538 1739 γνώμην
561 1653 708 1739 έμύγησαν
730 1658 792 1716 τῶν
814 1653 986 1734 δεσποτῶν,
1009 1657 1091 1718 ἅπαν
1114 1658 1148 1717 τὸ
1172 1656 1207 1719 έκ
1231 1660 1286 1740 τῆς
1306 1653 1350 1735 μῖ-

231 1754 311 1828 ξειυς
335 1754 614 1839 ἀποτελούμενονέ)
637 1760 728 1839 σῶμα
751 1755 908 1840 ἑκατέρων
931 1754 1014 1820 ἔσται
1044 1758 1154 1820 κοινόν.
1209 1757 1277 1820 οἷον
1297 1754 1350 1817 δύο

180 1859 210 1910 15
229 1874 308 1930 τινες
330 1857 382 1917 τόν
404 1854 480 1919 ἴδιον
503 1855 610 1941 ἔμιξαν
633 1855 714 1919 οἱνον
736 1857 756 1942 ἢ
776 1858 905 1939 βώλους
933 1860 1073 1945 ἀργύρου
1103 1859 1123 1945 ἢ
1146 1863 1274 1947 χρυσοῦ
1304 1881 1348 1920 συ·
1460 1862 1461 1939 J

229 1960 430 2047 νεχώνευσαν.
468 1960 496 2022 ελ
516 1959 553 2023 δὲ
575 1960 752 2045 διάφοροῖῧ)
776 1963 849 2024 εἰσιν
872 1961 948 2041 ύλαι,
971 1962 1016 2025 ῶν
1037 1963 1056 2047 ι)
1076 1961 1159 2045 μῖξις
1181 1958 1352 2024 όπετέλεσέ

104 2117 110 2123 .
227 2084 253 2122 τι
276 2060 436 2144 λδιώζονθ),
460 2061 525 2125 οἷον
547 2062 586 2134 ἐξ
605 2060 692 2126 οἴνου
714 2065 763 2125 καῖ
783 2063 906 2147 μέλιτος
936 2064 1068 2147 ολνόμελι
1097 2062 1116 2148 ἢ
1145 2064 1207 2125 ἀπὸ
1232 2064 1351 2149 χρυσοῦ

226 2164 275 2225 καῖ
297 2164 437 2248 α’ργύρου
460 2163 608 2249 ἤλεκτρον
616 2165 651 2246 7),
674 2163 834 2229 κάνταῦθα
857 2166 986 2249 λέγομεν
1001 2167 1101 2228 κοινὸν
1117 2163 1193 2227 εῖναι
1218 2169 1283 2226 τῶν
1298 2162 1351 2224 δύο

209 2264 261 2326 ’τό
284 2266 502 2331 α’ποτελεσθέν.
541 2271 637 2330 ταῦτα
657 2268 716 2350 μὲν
738 2267 772 2329 έν
795 2265 824 2352 ᾧ
846 2269 923 2330 κατὰ
945 2270 1073 2352 γνώμην
1095 2267 1270 2351 ἐπράττετο
1294 2269 1352 2326 τῶν
1463 2280 1464 2284 ’

176 2384 210 2433 20
226 2367 432 2450 Beonofflffl)
470 2368 554 2431 εἰδὲ
576 2369 660 2448 καῖθ)
683 2367 717 2431 έκ
740 2369 832 2456 τύχης
854 2371 903 2432 καῖ
925 2369 961 2430 ού
985 2367 1271 2450 κατὰ-προαίρεσιν
1294 2370 1352 2427 τῶν
1381 2430 1388 2451 ἱ

227 2472 388 2533 δεσποτῶν
411 2470 627 2558 συνεχύθησαν
650 2471 681 2533 αῖ
704 2469 770 2533 ύλυιι
793 2470 813 2556 ἢ
835 2471 1028 2555 ἑτερογενεῖς
1058 2470 1077 2554 ἢ
1105 2472 1308 2552 ὁμοιογενεῖς,
1318 2467 1352 2543 ¹⁰)

227 2569 262 2633 τό
284 2572 360 2633 αύτὸ
381 2574 551 2657 γενήσεται.
596 2573 647 2637 28.
684 2570 723 2634 Εὶ
744 2571 870 2654 δὲ’όῑῑ)
900 2571 985 2635 Τίῒύυ
1011 2575 1094 2647 σῖτος
1122 2573 1169 2654 τῷ
1197 2569 1248 2655 σῷ
1280 2571 1397 2652 ούτῳλύ

228 2672 374 2759 συνεμίγη
398 2675 446 2736 καῖ
465 2673 522 2757 μία
545 2674 654 2755 γέγονε
676 2679 789 2759 σωρὸς,
813 2676 841 2737 εἰ
861 2675 919 2758 μὲν
941 2673 1125 2758 ύμετέρᾳῑῖ)
1140 2675 1253 2758 γνώμη
1270 2673 1354 2755 κοινὴ

194 2761 199 2773 ’
226 2773 311 2838 ἔσται
338 2775 357 2860 κ)
386 2777 506 2859 σωρὸς,
539 2774 645 2862 ἐπειδὴ
673 2776 707 2838 ἓν
737 2776 864 2839 έκαστον
895 2781 986 2860 σῶμα
1020 2775 1187 2858 (τουτέστιν
1223 2775 1355 2845 ἕκαστος

174 2892 208 2943 25
225 2878 346 2959 κόκκος)
370 2877 408 2950 ἐξ
428 2877 581 2962 ὑμετέρας
603 2879 807 2954 συναινέσεως
829 2879 887 2941 ύπδ
910 2880 966 2963 τὴν
987 2879 1089 2964 κοινὴν
1111 2878 1223 2959 γέγονε
1239 2875 1355 2939 δεσπο-

227 2979 328 3043 τείαν·
353 2980 380 3042 εἷ
401 2978 438 3042 δὲ
460 2979 526 3065 ἤι’)
548 2985 694 3066 τυχηρῶς
716 2981 843 3062 γέγονεν
865 2982 884 3066 η
905 2980 989 3064 μίξις
1011 2979 1031 3064 ἢ
1053 2982 1070 3039 ό
1094 2978 1193 3042 Titios
1217 2977 1255 3040 ού
1279 2979 1355 3040 κατὰ

224 3083 325 3169 τὴνῑέ)
348 3083 406 3167 σὴν
428 3084 555 3167 γνώμην
577 3080 662 3166 ἔμιξε
685 3084 738 3145 τὸν
761 3087 857 3161 σῖτον,
888 3082 942 3144 υύκ
971 3079 1055 3144 ἔσται
1085 3081 1167 3165 κοινὴ
1190 3082 1210 3164 ἡ
1235 3081 1354 3163 σωρὸς,

224 3185 332 3271 ἐπειδὴ
361 3186 388 3246 οῖ
417 3183 610 3247 καθέκαστιιν
638 3185 739 3246 κόκκοι
768 3183 802 3247 έν
829 3186 867 3269 τῇ
895 3183 1038 3268 alulfi)
1065 3182 1259 3266 μεμνηκασιν
1282 3182 1355 3243 ύπο-

225 3292 332 3353 στάσει
355 3289 404 3351 καῖ
425 3288 481 3351 ούκ
502 3286 675 3371 ἧμειςύενῑθ)
699 3286 812 3359 αύτούς
833 3288 853 3370 ῆ
875 3285 967 3369 μῖξις.
1012 3285 1091 3360 ὥςτε
1121 3281 1177 3347 ούν
1204 3283 1241 3346 ον’
1266 3285 1355 3368 γενη·

293 3510 316 3572 ¹)
334 3506 467 3561 condictio
486 3507 551 3560 furti
572 3505 611 3558 vi.
630 3505 662 3560 R.
680 3505 726 3560 hic
747 3513 775 3558 et
792 3505 878 3559 deinc.
998 3504 1022 3568 ²)
1040 3503 1066 3557 d.
1085 3502 1122 3556 M.
1232 3505 1255 3571 ³)
1275 3503 1356 3570 plura

224 3593 269 3648 hic
286 3587 428 3661 perperam
447 3606 497 3645 om.
515 3591 553 3645 M.
630 3589 852 3657 ⁴)raadd.1.².
922 3593 944 3655 5)
964 3589 1049 3658 -ραί
1063 3588 1114 3642 Ῑιὸ.
1133 3588 1164 3642 F.
1270 3588 1295 3651 6)
1313 3587 1357 3637 καὶ

225 3677 254 3729 αἱ
271 3681 329 3731 τῶν
346 3679 419 3746 διαφ.
438 3677 508 3730 ύλῶν
526 3678 579 3741 μλέ.
600 3678 676 3731 ἀπέτ.
695 3694 721 3729 τι
739 3676 772 3728 λδ.
790 3676 833 3729 vi.
853 3675 883 3730 R.
1019 3675 1042 3740 ⁷)
1059 3674 1098 3728 ita
1115 3673 1160 3727 R.:
1180 3680 1232 3726 cot.
1252 3689 1357 3739 -τμος

225 3764 248 3826 ⁸)
267 3765 324 3814 τῶν
343 3763 366 3814 δ,
387 3763 447 3830 ἐπμ.
467 3763 508 3815 vi.
527 3762 560 3815 R.
744 3754 766 3826 9)
786 3761 828 3814 de.
848 3759 889 3814 vi.
1081 3757 1356 3824 10)αύθ(ὶ.ανῐ.1·“.

226 3851 261 3915 11)
278 3852 329 3900 τοῦ
348 3848 408 3903 εδδ.
426 3849 469 3902 vi.
488 3848 518 3902 F.
539 3849 576 3903 R.
759 3846 963 3916 1²)kre'pq122.
1144 3844 1179 3910 1³)
1198 3843 1240 3898 de.
1261 3843 1306 3896 Vi.
1325 3841 1358 3895 R.

226 3938 261 4002 ι4)
280 3935 305 3989 d.
323 3934 366 3988 Vi.
384 3935 415 3990 R.
515 3933 679 4003 1⁵)zot51vi.
699 3932 731 3988 R.
838 3932 872 3991 16)
891 3931 930 3985 ita
947 3931 988 3984 Vi.
1008 3930 1054 3984 R:
1074 3929 1111 3982 M.
1131 3928 1181 3981 11².
1201 3927 1250 4006 13⁶.
1270 3926 1358 3980 F.==

224 4020 324 4086 ἔμιξεν.
