2920 4750
425 679 475 744 De
498 679 681 743 interdictis.
728 677 851 742 Titulus
878 683 925 744 15.

206 837 409 920 Consequens
433 845 530 903 estut
546 839 599 919 qui
623 838 662 903 de
686 838 861 902 actionibus
885 845 917 902 et
941 838 1178 922 exceptionibus
1202 846 1233 904 et

115 961 374 1044 replicationibus
408 963 607 1038 tractanerit,
642 963 680 1027 de
710 961 884 1028 interdictis
917 982 1055 1044 quoque,
1091 963 1158 1027 sine
1194 963 1232 1027 de

115 1086 294 1151 actionibus
318 1107 400 1166 quae
416 1087 651 1151 interdictorum
667 1087 737 1151 uice
753 1094 947 1166 exercentur,
971 1088 1126 1168 loquatur.
1161 1108 1232 1152 eum

116 1231 193 1274 uero
229 1212 281 1291 qui
316 1211 355 1276 de
389 1211 563 1275 interdictis
597 1217 713 1276 tractat
747 1211 827 1275 scire
867 1218 990 1295 oportet
1028 1211 1154 1292 quaudo
1193 1212 1232 1276 de

115 1336 363 1417 possessione
387 1343 418 1399 et
442 1336 567 1416 quaudo
592 1335 700 1415 quasi
725 1336 762 1400 de
787 1337 1031 1418 possessione
1056 1355 1158 1400 sermo
1183 1336 1232 1401 sit.
1270 1351 1285 1401 5

115 1468 146 1524 et
188 1460 402 1542 ‘possessio'
443 1467 490 1526 est
527 1461 582 1525 rei
622 1461 836 1544 corporalis
875 1461 1058 1542 detentio;
1103 1461 1231 1540 ‘quasi’

113 1592 222 1650 autem
247 1585 462 1667 ‘possessio'
488 1592 536 1650 est
559 1586 816 1668 incorporalis
840 1587 895 1649 rei
920 1605 1017 1649 usus.
1052 1593 1083 1650 et
1102 1605 1233 1668 eorpo-

43 1725 46 1732 ’
113 1709 212 1773 ralis
237 1709 360 1790 quidem
385 1730 435 1774 res
454 1715 501 1774 est
522 1710 647 1790 fundus
673 1710 784 1775 domus
808 1717 840 1774 et
859 1716 965 1774 cetera
988 1709 1155 1790 eiusmodi3
1180 1711 1233 1773 in·

112 1835 332 1917 corporalis
361 1841 464 1899 autern
492 1843 540 1899 est
568 1837 776 1916 ususfructus,
810 1835 944 1899 seruitus
973 1841 1004 1899 et
1031 1835 1079 1898 bis
1107 1835 1232 1898 similia

111 1980 186 2022 oum
227 1959 322 2040 igitur
367 1959 406 2022 de
444 1959 645 2041 possessione
691 1959 742 2022 uel
782 1959 873 2039 quasi
913 1959 1113 2041 possessione
1151 1959 1287 2024 interro

111 2085 195 2148 duos
225 2083 377 2164 quosdam
405 2084 621 2147 controuersia
649 2083 761 2162 oritur,
790 2091 967 2166 praetorem
995 2084 1088 2147 ambo
1118 2084 1234 2148 adeunt

110 2209 209 2288 eique
237 2227 303 2270 rem
330 2213 499 2289 exponunt.
555 2206 702 2287 quoniam
731 2215 835 2270 autem
864 2206 1030 2290 contingit,
1059 2215 1093 2271 nt
1121 2228 1231 2290 saepe·

108 2352 247 2396 numero
271 2307 303 2394 in
327 2332 479 2396 eiusmodi
502 2332 724 2396 conbouersiis
748 2339 779 2396 et
807 2332 921 2396 caedes
949 2333 1024 2396 liant
1047 2340 1079 2396 et
1102 2333 1233 2398 uulnera

108 2455 299 2538 infligantur
321 2462 354 2520 et
369 2455 542 2520 inferantur
556 2457 683 2540 plagae,
709 2457 814 2520 omnia
830 2457 967 2539 praetori
985 2465 1141 2520 enarrant.
1183 2457 1232 2520 bie
1315 2480 1319 2488 “

107 2587 224 2644 autem
256 2581 356 2644 uerba
391 2581 545 2660 quaedam
572 2581 655 2644 inter
689 2587 853 2660 utrumque
888 2549 1093 2662 pronuntiat,¹
1120 2581 1233 2662 quibus
1255 2599 1286 2649 15

105 2705 334 2785 quaestionem
358 2705 427 2788 ipse
450 2723 513 2768 non
537 2704 662 2784 decidit,
687 2712 735 2768 set
758 2724 813 2768 eos
838 2704 879 2768 ad
897 2704 1074 2787 pedaneum
1098 2704 1232 2768 indicem

104 2829 260 2908 remittit,
296 2829 349 2910 qui
382 2830 421 2892 de
456 2829 593 2911 ipsorum
630 2829 846 2893 controuersia
880 2834 1060 2911 cognoscat.
1109 2837 1233 2912 oportet

103 2954 215 3036 igitur
251 2974 316 3018 rem
352 2954 478 3020 breuius
513 2973 671 3036 exponere
711 2961 743 3018 et
781 2954 885 3018 dicere
925 2953 1000 3033 quid
1039 2953 1079 3017 sit
1118 2955 1231 3018 iuter-

102 3077 264 3143 dictum.
309 3079 554 3144 Interdictum
578 3086 626 3143 est
649 3079 861 3161 pronuntiatio
877 3078 1033 3161 praetoris
1049 3079 1129 3143 inter
1152 3078 1231 3142 duos

102 3203 271 3284 quosdam
295 3203 334 3267 de
350 3202 551 3287 possessione
567 3202 617 3266 nel
635 3202 726 3284 quasi
741 3203 943 3287 possessione
958 3203 1127 3285 litigantes,
1151 3221 1231 3282 quae
1251 3219 1286 3270 20

100 3349 175 3392 non
203 3328 304 3410 ipsam
327 3347 393 3392 rem
410 3327 526 3392 decidit
542 3333 590 3392 set
606 3327 741 3391 iudicem
766 3327 867 3408 docet,
893 3326 1048 3408 quomodo
1073 3327 1111 3390 de
1135 3347 1176 3391 ea
1197 3346 1231 3389 re

98 3451 147 3516 sit
175 3450 390 3514 indicandum.
435 3451 513 3516 haec
537 3458 641 3514 autem
669 3451 769 3515 uerba
796 3451 841 3514 ait
869 3458 1007 3533 praetor,
1036 3456 1068 3513 ut
1096 3450 1146 3514 uel
1175 3449 1231 3514 ali-

97 3575 190 3658 quid
217 3575 283 3638 tieri
306 3574 413 3639 iubeat
436 3576 487 3640 nel
507 3575 682 3657 probibeat.
720 3574 914 3657 potissimum
939 3579 1043 3638 autem
1060 3575 1091 3637 iu
1106 3593 1231 3656 posses-

96 3699 216 3766 sionis
240 3719 336 3763 causa
359 3699 531 3763 interdictis
555 3700 642 3764 locus
667 3704 723 3762 est
762 3699 833 3762 ideo
858 3705 962 3762 autem
983 3698 1048 3761 dixi
1065 3697 1230 3781 ‘potissi-

95 3825 232 3904 mum’‚
268 3824 343 3904 quia
376 3823 530 3888 interdum
560 3821 769 3906 possessionis
797 3823 940 3902 quaestio
972 3842 1035 3916 non
1063 3823 1172 3887 subest
1199 3828 1230 3885 et
1249 3837 1284 3890 25

94 3957 221 4014 tamen
244 3947 441 4013 interdictum
465 3947 620 4032 competit.
