2936 4704
548 339 781 401 -141-

111 524 291 604 nominaque
313 524 409 590 rebus
432 523 657 603 consequentia
677 540 747 589 esse
768 517 913 600 studens,
945 522 1048 587 sanxit
1073 518 1226 586 eiusmodi

112 641 290 709 donationes
304 661 367 709 non
390 639 482 708 modo
504 639 624 722 augeri,
646 645 809 706 constante
832 640 1039 716 matrimonio,
1062 643 1112 702 set
1133 637 1226 702 etiam

111 761 228 825 initium
249 761 403 844 accipere
448 760 578 826 sienim
602 759 725 825 mulieri
748 759 779 824 in
803 759 999 825 matrimonio
1022 757 1081 824 sim
1101 756 1229 823 coniun-

111 885 180 960 ctus,
204 879 295 946 nulla
316 886 390 946 ante
412 869 537 961 nuptias
560 879 728 945 donatione
744 879 775 944 in
796 897 866 942 eam
881 876 1005 945 conlata
1019 895 1076 959 per
1091 875 1225 957 inopiam

111 997 183 1064 tonte
206 1005 266 1064 aut
287 1019 325 1064 ex
346 997 408 1064 alia
430 1016 534 1075 cansa
561 1016 644 1062 nunc
672 1003 776 1062 autem
805 1015 874 1062 eam
903 997 1094 1063 constituere
1123 994 1226 1070 metim,
1261 993 1280 1042 ὃ

111 1118 214 1198 procul
235 1116 461 1199 impedimento
482 1116 514 1180 id
537 1113 604 1180 fieri
626 1115 729 1192 iussit,
752 1133 809 1182 nec
830 1115 964 1197 amplius
994 1119 1111 1179 »ante
1132 1132 1227 1195 unp-

111 1237 204 1302 tias«
232 1235 432 1302 donationem
455 1241 504 1299 eet
528 1241 722 1316 »proptor
744 1234 931 1317 nuptias«
957 1233 1087 1300 eandem
1110 1233 1227 1298 uocari.

111 1353 139 1418 in
158 1355 209 1419 his
232 1373 308 1435 ergo
330 1357 372 1418 sit
398 1355 525 1420 donatio
551 1359 643 1418 ente
670 1353 831 1436 nuptias
859 1352 924 1418 doti
952 1351 1063 1416 similis
1092 1357 1124 1416 et
1152 1367 1227 1430 quo

111 1473 196 1537 modo
226 1491 289 1538 nou
317 1478 440 1536 tantmn
467 1491 583 1556 angere
610 1479 643 1538 et
672 1473 767 1538 etiam
803 1469 994 1536 constituere
1023 1469 1127 1536 dotem
1157 1477 1228 1551 post

112 1592 230 1672 nuptias
254 1590 427 1657 celebratas
449 1592 530 1668 linet,
553 1589 600 1656 ita
622 1596 654 1656 et
676 1590 859 1656 donationes
881 1595 1010 1670 propter
1025 1589 1150 1668 nuptias
1166 1605 1225 1652 non
1248 1597 1281 1649 to

113 1716 226 1774 tantum
250 1711 368 1790 nuptiis
395 1709 582 1775 antecedant
611 1711 660 1773 set
689 1709 783 1772 etiam
811 1714 883 1789 post
912 1723 1018 1770 earum
1046 1705 1227 1772 celebratio

79 1851 99 1898 4.
115 1845 179 1892 nem
200 1831 232 1893 et
255 1848 293 1892 es
315 1833 405 1910 parte
427 1825 505 1893 fiant
530 1835 563 1893 et
590 1827 713 1891 initium
743 1833 878 1904 sumant.
922 1827 952 1889 4.
987 1823 1130 1889 Diximus
1152 1823 1227 1906 legi·

115 1947 198 2012 timos
220 1945 437 2028 adquisitionis
461 1945 568 2011 modos
592 1945 810 2026 usucapionem
833 1948 865 2009 et
888 1943 971 2024 longi
985 1942 1135 2023 temporis
1157 1959 1222 2024 pos·

115 2067 275 2130 sessionem
297 2081 376 2129 esee.
427 2063 460 2128 Si
493 2064 562 2146 quis
593 2073 698 2128 tamen
733 2064 878 2145 quaerat,
911 2062 1118 2143 antiquiorem
1152 2079 1226 2143 quo·

116 2201 170 2264 qne
190 2183 315 2249 modum
337 2181 556 2264 adquisitionis
571 2183 725 2247 inueniet:
748 2183 829 2246 idest
843 2181 892 2245 ins
908 2179 1120 2244 adcrescendi.
1144 2180 1226 2260 quod
1248 2183 1279 2233 1⁵

116 2300 173 2365 tale
205 2309 279 2366 erat
336 2301 459 2366 Primus
492 2306 524 2364 et
551 2299 653 2364 Titius
683 2317 876 2364 communem
905 2317 1031 2364 sernum
1059 2296 1226 2363 habebant.

116 2415 230 2483 Primus
250 2425 360 2484 contra
382 2419 455 2484 Titii
479 2418 673 2484 uoluntatem
695 2435 889 2484 communem
911 2417 1137 2482 manumisenat
1164 2435 1227 2482 ser-

117 2554 184 2599 num
205 2537 341 2604 uindicta
363 2539 431 2602 sine
453 2543 651 2603 testamento.
682 2539 748 2604 inre
770 2544 875 2602 eutem
898 2534 984 2602 ciuili
1007 2553 1045 2601 eo
1068 2553 1142 2602 casu
1165 2552 1227 2600 non
1336 2535 1339 2542 '

115 2661 230 2720 tantum
251 2657 379 2721 inritum
402 2663 471 2721 erat
492 2656 577 2737 quod
599 2655 723 2721 Primus
746 2654 879 2733 fecerat,
902 2661 952 2720 set
980 2655 1076 2720 etiam
1104 2653 1227 2719 amitte-

116 2771 192 2837 batis
207 2781 324 2854 partem
340 2792 433 2856 qnam
448 2774 603 2840 habuerat
618 2774 764 2856 dominii;
785 2774 901 2838 amissa
922 2778 1026 2838 antem
1049 2789 1124 2853 pars
1145 2772 1226 2838 Titio
1245 2771 1280 2822 2⁰

115 2891 178 2954 iure
199 2893 396 2959 adcresocndi
418 2893 638 2975 quaerebatur,
662 2895 707 2957 ita
729 2897 766 2957 ut
789 2892 934 2973 deinceps
950 2892 1050 2956 Titius
1065 2891 1151 2956 solus
1173 2890 1226 2955 do·

115 3011 211 3075 minus
239 3011 334 3078 deret.
387 3018 436 3077 set
461 3031 531 3077 eum
561 3012 696 3092 pessimo
723 3010 826 3076 fuerat
855 3008 994 3092 exemplo
1022 3015 1053 3074 et
1082 3009 1227 3075 libertate

114 3143 236 3192 seruum
256 3111 434 3195 defraudari
457 3137 490 3194 et
511 3129 745 3194 humanioribus
761 3147 836 3209 erga
851 3147 978 3194 seruum
993 3127 1125 3194 dominis
1141 3125 1227 3192 dam·

113 3262 183 3310 num
205 3245 325 3325 inferri,
355 3265 409 3312 eos
431 3253 537 3312 antem
567 3245 622 3327 qui
644 3265 746 3330 neque
768 3247 837 3312 eius
864 3246 1008 3314 misereri
1031 3264 1133 3328 neque
1156 3263 1226 3312 eum

116 3361 229 3428 nabent
249 3365 484 3444 manumittere,
518 3363 644 3442 lucrari,
668 3383 737 3429 cnm
760 3367 806 3430 eis
828 3366 932 3446 portio
960 3367 1044 3432 serni
1066 3366 1226 3432 admesoe
1245 3369 1279 3422 2⁶

114 3486 168 3558 ret,
195 3481 328 3548 inuidiae
349 3482 476 3563 plenum
498 3483 651 3549 eiusmodi
679 3482 729 3548 ius
757 3501 828 3549 esse
857 3483 1039 3549 existimaus
1068 3483 1227 3564 piissimus
