2884 4728
536 341 774 404 -381-

89 514 244 596 facerent,
265 520 296 578 et
307 515 462 594 quaedam
473 514 745 598 praesumptiones
755 515 839 579 aliae
848 515 890 579 ab
901 513 1072 578 aliisinhis
1084 515 1211 579 casibus

90 639 379 722 introducerentur,
404 639 476 704 ideo
503 659 626 704 omnem
649 621 764 704 tollens
788 638 1033 705 controuersiam
1057 639 1212 722 processit

90 763 245 847 principis
268 764 368 830 nostri
390 764 586 842 constitutio,
615 783 696 845 qnae
721 769 829 846 aperte
853 763 985 842 definiit,
1013 769 1086 827 tnnc
1110 763 1211 827 solum

86 887 160 952 fieri
183 890 399 970 uocationem,
428 889 574 970 quotiens
597 889 656 953 boc
680 889 783 972 ipsum
806 889 888 952 inter
911 888 1131 953 conuehentes
1159 907 1211 951 ex·

90 1033 241 1096 pressum
264 1014 373 1094 fuerit,
397 1013 482 1094 quod
505 1021 633 1098 propter
654 1014 857 1079 uocationem
880 1013 993 1097 prioris
1009 1013 1212 1094 obligationis
1249 1026 1265 1078 5

94 1138 139 1202 ad
163 1144 362 1221 praesentem
378 1139 583 1204 conuenerint
599 1137 840 1221 stipulationem.
875 1137 1016 1218 alioquin
1032 1144 1065 1202 et
1080 1137 1213 1221 pristina

95 1263 252 1345 obligatio
268 1270 374 1327 manet
386 1270 417 1327 et
429 1263 569 1328 secunda
585 1263 708 1327 accedit
722 1269 754 1327 et
769 1282 842 1326 reus
859 1262 1007 1346 deinceps
1024 1282 1063 1326 ex
1078 1269 1212 1344 utraque

93 1407 196 1452 causa
219 1387 295 1451 mibi
318 1387 491 1468 tenebitur,
519 1387 612 1452 sicuti
640 1386 784 1451 definitur
807 1387 839 1451 in
862 1386 973 1451 eadem
997 1387 1212 1452 sacratissima

95 1512 329 1577 constitutione.
363 1512 443 1576 baec
460 1531 535 1576 uero
552 1512 626 1575 licet
642 1511 780 1594 apertius
796 1531 890 1576 nosse
903 1511 1079 1594 praefatam
1095 1511 1213 1594 legenti

59 1636 359 1704 reonstitutionem.
405 1642 435 1702 4.
458 1637 526 1701 Hoc
550 1635 685 1719 amplius
709 1636 930 1718 obligationes
956 1655 1037 1716 qnae
1058 1655 1213 1700 consensu
1233 1648 1266 1700 10

94 1761 333 1842 contrahuntur,
357 1762 516 1826 contraria
540 1761 753 1825 dissoluuntur
775 1761 945 1825 uoluntate.
991 1761 1018 1824 si
1045 1760 1128 1824 enim
1152 1780 1212 1842 ego

92 1907 167 1950 oum
190 1887 274 1951 litio
304 1887 342 1950 de
366 1887 412 1951 rei
440 1887 604 1952 cniusdam
632 1887 813 1952 uenditione
840 1887 1055 1968 tractauerim,
1083 1895 1117 1951 nt
1144 1887 1211 1970 ipse

93 2012 177 2075 bunc
201 2012 331 2075 fundum
355 2034 376 2076 a
398 2032 448 2075 me
472 2020 609 2095 emptum
633 2013 765 2078 baberet
789 2019 913 2077 centum
940 2013 1059 2094 aureis;
1088 2013 1211 2092 deinde,

95 2157 130 2199 re
155 2137 295 2200 nondum
318 2144 442 2217 secuta,
470 2137 502 2200 id
526 2144 574 2202 est
597 2157 699 2219 neque
727 2137 828 2221 pretio
856 2137 958 2202 soluto
987 2158 1088 2218 neque
1116 2138 1212 2201 fundo

97 2261 229 2340 tradito,
266 2262 421 2344 placuerit
455 2262 536 2327 inter
574 2264 809 2344 contrahentes,
850 2270 884 2328 ut
923 2263 1135 2328 discederetur
1170 2263 1211 2326 ab
1233 2266 1265 2318 15

96 2387 255 2469 emptione
280 2392 311 2450 et
327 2387 516 2468 uenditione,
539 2388 675 2453 inuicem
693 2388 876 2470 liberantur,
901 2395 935 2453 nt
950 2407 1052 2469 neque
1069 2387 1214 2452 uenditor

98 2531 138 2574 ex
162 2511 290 2576 nendito
307 2531 377 2575 cum
394 2519 533 2596 emptore
551 2532 646 2594 agere
662 2513 772 2596 possit,
796 2532 898 2593 neque
915 2519 1036 2595 emptor
1053 2517 1212 2595 exempto

97 2655 168 2699 cum
191 2635 364 2700 uenditore.
411 2643 442 2700 et
464 2637 497 2701 id
525 2644 573 2701 est
601 2636 685 2718 quod
713 2637 838 2716 dicitnr,
865 2657 900 2702 re
927 2637 1064 2700 nondum
1093 2643 1212 2715 secuta,

96 2760 259 2826 discessio.
311 2760 394 2825 idem
423 2761 554 2826 dicimus
583 2762 676 2827 etde
704 2761 862 2826 locatione
886 2761 980 2826 etde
1004 2761 1117 2826 ceteris
1141 2781 1213 2825 con·

98 2886 261 2968 tractibus
286 2888 339 2968 qui
363 2907 402 2951 ex
426 2907 578 2952 consensu
603 2887 804 2954 descendunt.
1233 2889 1267 2940 20

165 3047 303 3131 Explicit
325 3067 395 3111 cnm
419 3049 488 3111 Deo
512 3048 622 3112 tertius
649 3048 728 3112 liber
751 3049 982 3114 Institutionum
1005 3047 1147 3113 feliciter.
