2876 4712
523 345 756 411 -283-

250 630 301 698 De
323 639 450 700 senatus
473 633 615 701 consulto
638 633 802 701 Orfitiano.
846 635 969 700 Titulus
991 636 1021 698 4.

160 817 304 886 Diximus
324 819 469 902 superins
492 820 591 902 legem
607 809 677 884 ’ΧΠ
706 820 882 886 tabularum
912 838 969 888 neo
996 827 1125 886 matrem
1156 822 1195 888 ad

79 937 210 1004 liliorum
233 959 290 1006 nec
310 936 393 1006 filios
414 938 455 1004 ad
477 939 588 1004 matris
610 940 693 1005 bona
715 958 846 1018 uocare,
868 946 918 1004 set
946 945 1121 1020 praetorem
1144 939 1197 1005 iis-

79 1060 143 1124 dem
173 1067 378 1143 cognatorum
407 1061 635 1127 successionem
670 1060 871 1140 excogitasse.
925 1058 1059 1124 diximus
1092 1065 1196 1123 antem

80 1181 224 1260 temporis
258 1198 426 1261 progressu
459 1188 587 1245 senatus
627 1179 801 1245 consultum
836 1176 1048 1243 tertullianum
1082 1175 1197 1243 lactum

81 1317 143 1364 esse
164 1301 258 1364 matri
286 1302 335 1366 ius
359 1297 530 1382 legitimum
559 1300 599 1366 ad
628 1297 762 1366 filiorum
791 1299 932 1364 tribuens
961 1299 1195 1375 successionem,
1230 1314 1249 1365 o
1312 1321 1326 1358 ι

80 1418 156 1497 quod
178 1419 303 1500 plenam
327 1439 364 1486 en
386 1421 583 1502 imperaturis
606 1421 704 1486 nostri
726 1421 947 1485 constitutione
961 1420 1082 1498 accepit
1096 1437 1198 1484 emen·

80 1537 242 1610 dationem,
265 1546 301 1603 ut
322 1546 355 1604 ct
375 1541 566 1622 praecedens
588 1539 699 1604 titulus
721 1555 777 1603 nos
800 1538 916 1604 docuit.
961 1536 1000 1600 ad
1024 1537 1197 1618 exemplum

80 1662 179 1722 autem
203 1655 234 1722 S.
257 1655 291 1722 0.
314 1658 497 1724 Tertulliani
519 1656 704 1723 Orfitianum
727 1675 860 1740 quoque,
883 1657 965 1738 quod
988 1663 1111 1736 uocant,
1134 1654 1197 1721 iac·

80 1781 141 1842 tum
164 1784 223 1856 est,
246 1777 345 1844 Orfito
367 1787 400 1844 et
420 1777 502 1844 Rufo
525 1779 713 1855 consulibus,
738 1777 844 1843 Marco
867 1795 942 1843 uero
964 1777 1112 1859 principe,
1136 1795 1196 1858 quo

81 1914 145 1960 cum
166 1895 230 1961 lilio
253 1904 319 1961 tum
341 1896 423 1962 filiae
443 1897 581 1980 legitima
603 1898 674 1962 iura
696 1897 735 1962 ad
751 1895 862 1961 matris
878 1898 1105 1962 successionem
1121 1897 1196 1960 data
1217 1914 1249 1966 10

81 2023 158 2092 sunt,
182 2015 327 2098 quamuis
354 2014 447 2081 alieni
473 2016 552 2082 iuris
580 2015 654 2081 sint.
704 2021 940 2098 praeponuntur
969 2023 1074 2081 autem
1104 2015 1196 2082 etiam

50 2141 67 2190 1.
82 2133 174 2214 ipsine
197 2138 306 2200 matris
329 2139 566 2216 consanguineis
588 2136 738 2201 iratribus
768 2136 943 2217 ceterisque
969 2135 1122 2216 adgnatis.
1168 2136 1195 2197 1.
1211 2138 1228 2170 ⁰

81 2249 141 2320 Hoc
163 2273 241 2319 uero
263 2255 566 2321 senatusconsultum
590 2264 719 2339 nepotes
746 2273 806 2320 non
837 2255 984 2318 adiuuat:
1015 2271 1087 2318 nam
1115 2253 1198 2318 sicut

82 2376 165 2442 auiae
187 2374 369 2441 Tertulliani
402 2384 531 2440 senatus
561 2375 693 2441 consulti
728 2375 911 2441 beneficium
948 2392 1008 2437 non
1039 2372 1195 2453 competit,

82 2485 123 2548 ita
142 2505 181 2551 ne
204 2487 369 2567 nepotibus
392 2484 516 2566 quidem
540 2486 686 2552 orfitiani.
730 2495 780 2554 set
801 2495 1049 2559 emendationem
1072 2498 1195 2557 nactum
1218 2519 1249 2571 15

84 2613 127 2671 est
146 2604 323 2671 orfitianurn
352 2625 390 2670 ex
411 2605 634 2690 principalibus
657 2609 941 2691 constitutionibus,
965 2630 1046 2694 quaa
1074 2631 1197 2695 praece-

84 2737 189 2805 pemnt
210 2729 249 2791 ad
272 2725 505 2793 similitudinem
528 2727 584 2794 tilii
607 2726 752 2810 filiaeque
775 2739 917 2814 nepotem
948 2741 1135 2814 neptemque
1156 2733 1196 2796 ad

50 2845 168 2910 anniae
188 2847 270 2912 bona
298 2848 471 2928 peruenire.
523 2848 552 2910 2.
587 2845 654 2914 Hoc
682 2856 787 2914 autem
817 2849 1125 2917 animaduertendum
1149 2859 1198 2916 est

86 2964 188 3045 capitis
215 2966 456 3031 deminutionem
485 2967 556 3032 iura
585 2965 737 3033 Orfitiano
766 2988 822 3035 seu
849 2971 1040 3036 Tertulliano
1070 2977 1197 3036 senatus

87 3082 225 3148 consultis
247 3087 322 3150 data
337 3105 396 3150 non
414 3105 572 3166 peremere
588 3095 715 3168 propter
729 3087 813 3153 illam
836 3091 986 3172 regulam,
1007 3109 1045 3155 ex
1060 3110 1122 3172 qna
1144 3109 1197 3154 no·
1214 3105 1249 3158 no

87 3202 132 3266 uis
152 3203 270 3285 legibus
293 3206 489 3272 introductae
512 3207 669 3288 legitimae
697 3208 887 3274 hereditates
914 3211 1024 3291 capitis
1058 3210 1197 3274 deminu-

87 3322 162 3388 tione
182 3341 241 3389 uon
264 3333 407 3406 pereunt,
430 3334 479 3391 set
501 3325 572 3392 illae
595 3327 681 3394 solae
703 3347 783 3411 quae
812 3328 910 3410 legem
938 3329 996 3394 XII
1020 3327 1196 3393 tabularum

54 3455 76 3506 a.
91 3441 280 3511 inuentrlcem
302 3454 485 3527 agnoscunt.
536 3447 565 3510 3.
600 3446 746 3512 Orfitiani
774 3457 902 3513 senatus
931 3445 1064 3513 consulti
1087 3445 1198 3512 benefi-

56 3560 129 3624 scio
150 3571 179 3626 et
199 3563 251 3628 filii
276 3562 371 3646 uulgo
394 3566 526 3648 quaesiti
550 3565 705 3632 fruuntur.
744 3568 773 3630 4.
808 3563 840 3630 Si
864 3567 933 3648 quis
956 3567 1110 3632 moriatur
1131 3565 1198 3646 plu·
