2864 4736
510 409 550 418 -
598 375 661 440 442

84 552 179 615 dotem
202 549 352 629 minuunt,
375 570 438 614 uon
458 549 690 614 condemnator
705 549 737 614 in
753 551 784 614 M
800 570 912 615 aureos
936 555 984 614 set
1003 549 1035 614 iu
1051 549 1186 616 DCCCG

84 682 207 754 tantum,
237 674 404 740 dummodo
431 674 631 738 necessariae
659 675 774 739 fueuint
801 675 976 758 impensae3
1004 681 1038 740 ut
1061 695 1134 740 ecce
1158 675 1186 740 si

83 798 170 864 aedes
199 799 315 863 collabi
343 799 540 882 contigisset,
569 799 629 863 nisi
658 799 699 862 ad
728 819 783 864 eas
810 799 994 864 reficiendas
1023 798 1185 864 Caureos

82 923 305 1006 impendissem.
355 924 461 1005 itaque
500 923 652 989 eiusmodi
685 925 860 989 retentione
895 932 978 1006 utar,
1014 944 1095 1005 quae
1129 925 1184 987 ‘ob

81 1049 273 1130 impensas’
299 1047 419 1112 dicitur.
465 1055 514 1112 set
535 1048 614 1113 haec
642 1048 747 1113 omnia
774 1049 897 1132 plenius
925 1069 964 1112 ex
993 1049 1185 1130 digestorum
1222 1064 1237 1114 5

35 1173 161 1236 actions
191 1154 382 1254 cognoscere
409 1173 491 1237 licet.
538 1177 588 1240 38.
612 1174 646 1237 Si
675 1174 744 1255 quis
771 1193 841 1237 cum
869 1180 998 1256 parente
1022 1193 1078 1237 suo
1103 1175 1183 1255 (cum

78 1316 185 1379 nempe
210 1295 425 1379 emancipatus
449 1297 501 1380 sit)
529 1305 702 1380 patronoue
731 1318 925 1379 quocumque
954 1297 1069 1362 iudicio
1098 1304 1183 1379 agat,

78 1421 124 1484 uel
148 1421 175 1484 si
199 1421 303 1485 socius
319 1442 389 1486 cum
405 1422 490 1486 socio
513 1422 629 1486 indicio
646 1423 806 1487 societatis
823 1428 908 1504 agat,
933 1443 996 1486 non
1014 1423 1184 1487 ultraneus

76 1547 171 1609 actori
203 1546 474 1626 condemnabitur,
505 1566 599 1626 quam
627 1547 694 1612 eius
724 1548 890 1611 facultates
921 1547 1071 1612 soluendo
1104 1555 1183 1612 suut.

75 1669 154 1733 idem
183 1677 232 1733 cst
255 1671 336 1734 etsi
359 1671 497 1734 donandi
524 1671 627 1736 animo
657 1671 780 1734 cuidam
805 1671 829 1734 C
853 1691 964 1735 aureos
990 1671 1181 1754 promittam;
1204 1682 1237 1733 10

73 1813 134 1856 non
164 1793 249 1858 enim
279 1795 360 1858 ultra
395 1795 596 1859 condemnari
631 1794 742 1874 debeo,
779 1815 872 1875 quam
906 1796 1013 1859 facere
1047 1815 1182 1878 possum.

25 1921 121 1984 3939.
146 1918 428 2002 Compensationes
452 1939 574 2001 quoque
594 1920 759 2002 oppositae
775 1920 957 2002 plerumque
982 1919 1126 2000 efficiunt,
1150 1927 1183 1984 ut

71 2041 171 2106 minus
209 2049 298 2108 actor
329 2049 551 2124 consequatur,
587 2064 680 2126 quam
711 2045 861 2124 consequi
895 2044 1006 2108 studet.
1051 2065 1125 2108 nam
1155 2045 1182 2108 si

69 2187 190 2232 mecum
209 2168 275 2250 agit
290 2169 320 2232 X
337 2189 450 2234 amcos
467 2176 586 2252 petens,
610 2169 744 2234 inuicem
768 2169 841 2233 mihi
858 2187 971 2233 aureos
986 2169 1034 2232 111
1052 2169 1180 2249 debens,

65 2293 95 2354 in
118 2293 179 2356 VII
207 2293 448 2375 condemnabor,
473 2293 564 2358 sicuti
580 2293 722 2376 superius
747 2293 863 2357 dictum
887 2301 941 2358 est.
980 2293 1052 2357 ideo
1077 2299 1180 2356 autem
1203 2303 1233 2353 15

65 2417 310 2500 ‘plerumque'
342 2417 421 2498 dixi,
458 2419 532 2499 quia
565 2419 593 2482 si
628 2418 805 2501 oppositum
841 2418 881 2480 ad
916 2417 1181 2500 compensandum

61 2541 206 2606 debitum
229 2561 293 2606 uon
315 2543 426 2624 liquet,
454 2543 655 2608 nihilominus
683 2551 772 2608 actor
794 2543 826 2606 id
850 2543 932 2622 quod
961 2542 1022 2606 sibi
1050 2541 1181 2605 debetur

14 2666 91 2732 tuin
114 2666 257 2731 solidum
273 2674 488 2747 consequetur.
524 2671 575 2734 40.
593 2668 695 2731 Titius
710 2687 858 2749 magnum
875 2667 944 2730 auri
960 2667 1022 2729 uim
1038 2666 1181 2748 pluribus

60 2790 275 2855 creditoribus
299 2791 444 2857 debebat.
483 2810 614 2871 cumque
631 2791 802 2855 creditores
826 2797 994 2872 urguerout
1018 2797 1050 2854 et
1072 2790 1181 2854 debita

59 2921 219 2995 peterent,
245 2915 309 2978 suis
324 2915 416 2979 bonis
433 2915 536 2994 cessit,
561 2916 635 2996 quia
651 2915 801 2979 soluendo
819 2933 880 2980 non
904 2921 979 2978 erat.
1019 2915 1046 2978 si
1062 2915 1179 2979 contin-
1200 2927 1234 2976 20

57 3045 113 3118 gat
142 3047 179 3103 ut
212 3048 325 3122 postea
355 3039 439 3103 idem
466 3039 567 3104 ditius
595 3038 660 3104 alia
687 3040 770 3104 bona
799 3039 958 3120 adquirat,
988 3059 1068 3119 quae
1102 3039 1179 3103 satis

57 3163 213 3228 idoneam
249 3164 386 3228 efficiant
420 3165 640 3245 quantitatem,
669 3169 816 3247 poterunt
850 3164 1034 3244 creditoreS,
1064 3164 1178 3245 quippe
