<?xml version="1.0" encoding="UTF-8"?>
<!DOCTYPE html PUBLIC "-//W3C//DTD XHTML 1.0 Transitional//EN"
    "http://www.w3.org/TR/xhtml1/DTD/xhtml1-transitional.dtd">
<html xmlns="http://www.w3.org/1999/xhtml" xml:lang="en" lang="en">
 <head>
  <title>
</title>
<meta http-equiv="Content-Type" content="text/html;charset=utf-8" />
  <meta name='ocr-system' content='tesseract 3.04.00' />
  <meta name='ocr-capabilities' content='ocr_page ocr_carea ocr_par ocr_line ocrx_word'/>
</head>
<body>
  <div class='ocr_page' id='page_1' title='image "./institutionumgr02linggoog_0108.png"; bbox 0 0 3092 4702; ppageno 0'>
   <div class='ocr_carea' id='block_1_1' title="bbox 580 359 793 425">
    <p class='ocr_par' dir='ltr' id='par_1_1' title="bbox 580 359 793 425">
     <span class='ocr_line' id='line_1_1' title="bbox 580 359 793 425; baseline 0 -15"><span class='ocrx_word' id='word_1_1' title='bbox 580 359 793 425; x_wconf 78' lang='lat'>..37-</span> 
     </span>
    </p>
   </div>
   <div class='ocr_carea' id='block_1_2' title="bbox 139 543 1306 3744">
    <p class='ocr_par' dir='ltr' id='par_1_2' title="bbox 139 543 1306 3744">
     <span class='ocr_line' id='line_1_2' title="bbox 142 543 1250 632; baseline -0.005 -17"><span class='ocrx_word' id='word_1_2' title='bbox 142 551 254 630; x_wconf 82' lang='lat' dir='ltr'><strong>nibus«,</strong></span> <span class='ocrx_word' id='word_1_3' title='bbox 274 567 313 616; x_wconf 92' lang='lat' dir='ltr'><strong>ne</strong></span> <span class='ocrx_word' id='word_1_4' title='bbox 341 547 486 615; x_wconf 88' lang='lat' dir='ltr'><strong>dominns</strong></span> <span class='ocrx_word' id='word_1_5' title='bbox 508 565 601 616; x_wconf 75' lang='lat' dir='ltr'><strong>seruo</strong></span> <span class='ocrx_word' id='word_1_6' title='bbox 630 547 780 614; x_wconf 80' lang='lat' dir='ltr'><strong>intensior</strong></span> <span class='ocrx_word' id='word_1_7' title='bbox 806 565 921 632; x_wconf 85' lang='lat' dir='ltr'><strong>graues</strong></span> <span class='ocrx_word' id='word_1_8' title='bbox 947 544 1116 628; x_wconf 88' lang='lat' dir='ltr'><strong>aliquando</strong></span> <span class='ocrx_word' id='word_1_9' title='bbox 1145 543 1250 613; x_wconf 90' lang='lat' dir='ltr'><strong>condi·</strong></span> 
     </span>
     <span class='ocr_line' id='line_1_3' title="bbox 142 663 1250 748; baseline -0.005 -13"><span class='ocrx_word' id='word_1_10' title='bbox 142 670 234 736; x_wconf 89' lang='lat' dir='ltr'><strong>ciones</strong></span> <span class='ocrx_word' id='word_1_11' title='bbox 266 666 441 734; x_wconf 82' lang='lat' dir='ltr'><strong>uenditioni</strong></span> <span class='ocrx_word' id='word_1_12' title='bbox 467 675 652 748; x_wconf 87' lang='lat' dir='ltr'><strong>apponeret,</strong></span> <span class='ocrx_word' id='word_1_13' title='bbox 696 665 795 735; x_wconf 88' lang='lat' dir='ltr'><strong>ueluti</strong></span> <span class='ocrx_word' id='word_1_14' title='bbox 833 670 861 733; x_wconf 90' lang='lat' dir='ltr'><strong>si</strong></span> <span class='ocrx_word' id='word_1_15' title='bbox 900 668 1112 748; x_wconf 80' lang='lat' dir='ltr'>pacisceretur</span> <span class='ocrx_word' id='word_1_16' title='bbox 1146 672 1182 731; x_wconf 91' lang='lat' dir='ltr'><strong>ut</strong></span> <span class='ocrx_word' id='word_1_17' title='bbox 1217 663 1250 730; x_wconf 91' lang='lat' dir='ltr'><strong>ln</strong></span> 
     </span>
     <span class='ocr_line' id='line_1_4' title="bbox 141 781 1251 874; baseline -0.005 -21"><span class='ocrx_word' id='word_1_18' title='bbox 141 789 263 854; x_wconf 90' lang='lat' dir='ltr'><strong>uinculis</strong></span> <span class='ocrx_word' id='word_1_19' title='bbox 291 788 497 866; x_wconf 78' lang='lat' dir='ltr'><strong>retineretur,</strong></span> <span class='ocrx_word' id='word_1_20' title='bbox 532 787 647 854; x_wconf 89' lang='lat' dir='ltr'><strong>uelut</strong></span> <span class='ocrx_word' id='word_1_21' title='bbox 680 805 843 874; x_wconf 83' lang='lat' dir='ltr'><strong>nnnqnom</strong></span> <span class='ocrx_word' id='word_1_22' title='bbox 872 787 1167 862; x_wconf 80' lang='lat' dir='ltr'><strong>manumitteretur,</strong></span> <span class='ocrx_word' id='word_1_23' title='bbox 1199 781 1251 850; x_wconf 86' lang='lat' dir='ltr'><strong>uel</strong></span> 
     </span>
     <span class='ocr_line' id='line_1_5' title="bbox 140 905 1250 991; baseline -0.004 -17"><span class='ocrx_word' id='word_1_24' title='bbox 140 909 223 974; x_wconf 92' lang='lat' dir='ltr'><strong>utin</strong></span> <span class='ocrx_word' id='word_1_25' title='bbox 250 908 376 990; x_wconf 75' lang='lat' dir='ltr'><strong>regione</strong></span> <span class='ocrx_word' id='word_1_26' title='bbox 406 907 563 974; x_wconf 70' lang='lat' dir='ltr'><strong>habitaret</strong></span> <span class='ocrx_word' id='word_1_27' title='bbox 594 927 676 991; x_wconf 89' lang='lat' dir='ltr'><strong>quae</strong></span> <span class='ocrx_word' id='word_1_28' title='bbox 708 909 854 991; x_wconf 88' lang='lat' dir='ltr'><strong>grauiore</strong></span> <span class='ocrx_word' id='word_1_29' title='bbox 881 927 954 975; x_wconf 82' lang='lat' dir='ltr'><strong>sere</strong></span> <span class='ocrx_word' id='word_1_30' title='bbox 983 905 1022 972; x_wconf 90' lang='lat' dir='ltr'><strong>iis</strong></span> <span class='ocrx_word' id='word_1_31' title='bbox 1049 906 1102 990; x_wconf 90' lang='lat' dir='ltr'><strong>qui</strong></span> <span class='ocrx_word' id='word_1_32' title='bbox 1127 905 1250 970; x_wconf 87' lang='lat' dir='ltr'><strong>adsueti</strong></span> 
     </span>
     <span class='ocr_line' id='line_1_6' title="bbox 139 1023 1302 1110; baseline -0.005 -16"><span class='ocrx_word' id='word_1_33' title='bbox 139 1047 192 1094; x_wconf 93' lang='lat' dir='ltr'><strong>non</strong></span> <span class='ocrx_word' id='word_1_34' title='bbox 221 1027 303 1106; x_wconf 87' lang='lat' dir='ltr'><strong>siut,</strong></span> <span class='ocrx_word' id='word_1_35' title='bbox 337 1033 460 1094; x_wconf 86' lang='lat' dir='ltr'><strong>utatur:</strong></span> <span class='ocrx_word' id='word_1_36' title='bbox 488 1035 521 1093; x_wconf 90' lang='lat' dir='ltr'><strong>et</strong></span> <span class='ocrx_word' id='word_1_37' title='bbox 553 1029 598 1094; x_wconf 91' lang='lat' dir='ltr'><strong>ita</strong></span> <span class='ocrx_word' id='word_1_38' title='bbox 625 1026 720 1094; x_wconf 88' lang='lat' dir='ltr'><strong>liceat</strong></span> <span class='ocrx_word' id='word_1_39' title='bbox 749 1029 873 1094; x_wconf 93' lang='lat' dir='ltr'><strong>domino</strong></span> <span class='ocrx_word' id='word_1_40' title='bbox 901 1028 971 1110; x_wconf 90' lang='lat' dir='ltr'><strong>lege</strong></span> <span class='ocrx_word' id='word_1_41' title='bbox 999 1024 1190 1092; x_wconf 90' lang='lat' dir='ltr'><strong>uenditionis</strong></span> <span class='ocrx_word' id='word_1_42' title='bbox 1219 1024 1250 1088; x_wconf 93' lang='lat' dir='ltr'><strong>in</strong></span> <span class='ocrx_word' id='word_1_43' title='bbox 1284 1023 1302 1076; x_wconf 71' lang='grc' dir='ltr'><strong>δ</strong></span> 
     </span>
     <span class='ocr_line' id='line_1_7' title="bbox 140 1145 1252 1230; baseline -0.004 -16"><span class='ocrx_word' id='word_1_44' title='bbox 140 1167 255 1216; x_wconf 87' lang='lat' dir='ltr'><strong>sernum</strong></span> <span class='ocrx_word' id='word_1_45' title='bbox 282 1149 379 1214; x_wconf 89' lang='lat' dir='ltr'><strong>etiam</strong></span> <span class='ocrx_word' id='word_1_46' title='bbox 401 1155 473 1230; x_wconf 87' lang='lat' dir='ltr'><strong>post</strong></span> <span class='ocrx_word' id='word_1_47' title='bbox 493 1147 705 1214; x_wconf 85' lang='lat' dir='ltr'><strong>uenditionem</strong></span> <span class='ocrx_word' id='word_1_48' title='bbox 727 1150 860 1214; x_wconf 73' lang='lat' dir='ltr'><strong>mentire.</strong></span> <span class='ocrx_word' id='word_1_49' title='bbox 904 1153 990 1214; x_wconf 90' lang='lat' dir='ltr'><strong>recte</strong></span> <span class='ocrx_word' id='word_1_50' title='bbox 1016 1153 1049 1212; x_wconf 92' lang='lat' dir='ltr'><strong>et</strong></span> <span class='ocrx_word' id='word_1_51' title='bbox 1070 1145 1147 1211; x_wconf 93' lang='lat' dir='ltr'><strong>illud</strong></span> <span class='ocrx_word' id='word_1_52' title='bbox 1170 1145 1252 1226; x_wconf 92' lang='lat' dir='ltr'><strong>prin·</strong></span> 
     </span>
     <span class='ocr_line' id='line_1_8' title="bbox 140 1263 1252 1352; baseline -0.004 -15"><span class='ocrx_word' id='word_1_53' title='bbox 140 1263 203 1352; x_wconf 87' lang='lat' dir='ltr'><strong>ceps</strong></span> <span class='ocrx_word' id='word_1_54' title='bbox 234 1267 368 1348; x_wconf 90' lang='lat' dir='ltr'><strong>adiecit,</strong></span> <span class='ocrx_word' id='word_1_55' title='bbox 402 1268 600 1334; x_wconf 81' lang='lat' dir='ltr'><strong>pendendum</strong></span> <span class='ocrx_word' id='word_1_56' title='bbox 633 1287 704 1334; x_wconf 90' lang='lat' dir='ltr'><strong>csse</strong></span> <span class='ocrx_word' id='word_1_57' title='bbox 736 1283 863 1334; x_wconf 88' lang='lat' dir='ltr'><strong>seruum</strong></span> <span class='ocrx_word' id='word_1_58' title='bbox 898 1266 1096 1350; x_wconf 85' lang='lat' dir='ltr'><strong>pretiumque</strong></span> <span class='ocrx_word' id='word_1_59' title='bbox 1127 1268 1252 1334; x_wconf 88' lang='lat' dir='ltr'><strong>domino</strong></span> 
     </span>
     <span class='ocr_line' id='line_1_9' title="bbox 140 1385 1253 1470; baseline -0.001 -16"><span class='ocrx_word' id='word_1_60' title='bbox 140 1389 278 1466; x_wconf 89' lang='lat' dir='ltr'><strong>dandum,</strong></span> <span class='ocrx_word' id='word_1_61' title='bbox 300 1395 338 1454; x_wconf 92' lang='lat' dir='ltr'><strong>ut</strong></span> <span class='ocrx_word' id='word_1_62' title='bbox 359 1395 393 1452; x_wconf 92' lang='lat' dir='ltr'><strong>et</strong></span> <span class='ocrx_word' id='word_1_63' title='bbox 414 1406 525 1454; x_wconf 87' lang='lat' dir='ltr'><strong>seruus</strong></span> <span class='ocrx_word' id='word_1_64' title='bbox 552 1405 609 1470; x_wconf 88' lang='lat' dir='ltr'><strong>per</strong></span> <span class='ocrx_word' id='word_1_65' title='bbox 636 1387 850 1453; x_wconf 90' lang='lat' dir='ltr'><strong>uenditionem</strong></span> <span class='ocrx_word' id='word_1_66' title='bbox 879 1404 1026 1470; x_wconf 89' lang='lat' dir='ltr'><strong>asperum</strong></span> <span class='ocrx_word' id='word_1_67' title='bbox 1054 1385 1179 1470; x_wconf 81' lang='lat' dir='ltr'><strong>ingeret</strong></span> <span class='ocrx_word' id='word_1_68' title='bbox 1200 1386 1253 1454; x_wconf 81' lang='lat' dir='ltr'><strong>do</strong></span> 
     </span>
     <span class='ocr_line' id='line_1_10' title="bbox 140 1505 1252 1589; baseline 0.001 -16"><span class='ocrx_word' id='word_1_69' title='bbox 140 1512 247 1575; x_wconf 91' lang='lat' dir='ltr'><strong>minum</strong></span> <span class='ocrx_word' id='word_1_70' title='bbox 270 1524 374 1588; x_wconf 88' lang='lat' dir='ltr'><strong>neque</strong></span> <span class='ocrx_word' id='word_1_71' title='bbox 397 1507 550 1583; x_wconf 88' lang='lat' dir='ltr'><strong>dominus,</strong></span> <span class='ocrx_word' id='word_1_72' title='bbox 571 1525 641 1573; x_wconf 88' lang='lat' dir='ltr'><strong>oum</strong></span> <span class='ocrx_word' id='word_1_73' title='bbox 664 1507 799 1588; x_wconf 90' lang='lat' dir='ltr'><strong>pretium</strong></span> <span class='ocrx_word' id='word_1_74' title='bbox 821 1507 985 1589; x_wconf 80' lang='lat' dir='ltr'><strong>acciperet,</strong></span> <span class='ocrx_word' id='word_1_75' title='bbox 1008 1506 1094 1572; x_wconf 87' lang='lat' dir='ltr'><strong>serni</strong></span> <span class='ocrx_word' id='word_1_76' title='bbox 1116 1505 1252 1589; x_wconf 87' lang='lat' dir='ltr'><strong>pretium</strong></span> 
     </span>
     <span class='ocr_line' id='line_1_11' title="bbox 140 1627 1304 1712; baseline 0.001 -18"><span class='ocrx_word' id='word_1_77' title='bbox 140 1630 284 1711; x_wconf 83' lang='lat' dir='ltr'><strong>perderet</strong></span> <span class='ocrx_word' id='word_1_78' title='bbox 339 1647 441 1712; x_wconf 89' lang='lat' dir='ltr'><strong>neque</strong></span> <span class='ocrx_word' id='word_1_79' title='bbox 471 1635 519 1693; x_wconf 75' lang='lat' dir='ltr'><strong>est</strong></span> <span class='ocrx_word' id='word_1_80' title='bbox 548 1647 604 1693; x_wconf 92' lang='lat' dir='ltr'><strong>cor</strong></span> <span class='ocrx_word' id='word_1_81' title='bbox 633 1627 816 1709; x_wconf 85' lang='lat' dir='ltr'><strong>indignetur</strong></span> <span class='ocrx_word' id='word_1_82' title='bbox 845 1627 989 1692; x_wconf 88' lang='lat' dir='ltr'><strong>dominos</strong></span> <span class='ocrx_word' id='word_1_83' title='bbox 1015 1629 1105 1709; x_wconf 91' lang='lat' dir='ltr'><strong>quasi</strong></span> <span class='ocrx_word' id='word_1_84' title='bbox 1133 1645 1193 1694; x_wconf 91' lang='lat' dir='ltr'><strong>non</strong></span> <span class='ocrx_word' id='word_1_85' title='bbox 1222 1627 1252 1695; x_wconf 90' lang='lat' dir='ltr'><strong>ei</strong></span> <span class='ocrx_word' id='word_1_86' title='bbox 1273 1627 1304 1680; x_wconf 89' lang='lat'><strong>¹⁰</strong></span> 
     </span>
     <span class='ocr_line' id='line_1_12' title="bbox 139 1745 1254 1830; baseline 0.004 -20"><span class='ocrx_word' id='word_1_87' title='bbox 139 1745 226 1814; x_wconf 90' lang='lat' dir='ltr'><strong>liccat</strong></span> <span class='ocrx_word' id='word_1_88' title='bbox 246 1749 316 1814; x_wconf 89' lang='lat' dir='ltr'><strong>suis</strong></span> <span class='ocrx_word' id='word_1_89' title='bbox 338 1749 440 1815; x_wconf 87' lang='lat' dir='ltr'><strong>seruis</strong></span> <span class='ocrx_word' id='word_1_90' title='bbox 462 1749 632 1830; x_wconf 90' lang='lat' dir='ltr'><strong>imperare:</strong></span> <span class='ocrx_word' id='word_1_91' title='bbox 655 1749 800 1830; x_wconf 90' lang='lat' dir='ltr'><strong>princeps</strong></span> <span class='ocrx_word' id='word_1_92' title='bbox 828 1746 910 1813; x_wconf 91' lang='lat' dir='ltr'><strong>euim</strong></span> <span class='ocrx_word' id='word_1_93' title='bbox 934 1745 985 1812; x_wconf 88' lang='lat' dir='ltr'><strong>uel</strong></span> <span class='ocrx_word' id='word_1_94' title='bbox 1007 1747 1123 1813; x_wconf 87' lang='lat' dir='ltr'><strong>inuitos</strong></span> <span class='ocrx_word' id='word_1_95' title='bbox 1146 1747 1254 1816; x_wconf 88' lang='lat' dir='ltr'><strong>subdi-</strong></span> 
     </span>
     <span class='ocr_line' id='line_1_13' title="bbox 139 1867 1254 1935; baseline 0 -2"><span class='ocrx_word' id='word_1_96' title='bbox 139 1876 182 1933; x_wconf 88' lang='lat' dir='ltr'><strong>tos</strong></span> <span class='ocrx_word' id='word_1_97' title='bbox 214 1887 288 1934; x_wconf 89' lang='lat' dir='ltr'><strong>suos</strong></span> <span class='ocrx_word' id='word_1_98' title='bbox 329 1867 480 1935; x_wconf 87' lang='lat' dir='ltr'><strong>beneficio</strong></span> <span class='ocrx_word' id='word_1_99' title='bbox 512 1867 627 1935; x_wconf 89' lang='lat' dir='ltr'><strong>adficit.</strong></span> <span class='ocrx_word' id='word_1_100' title='bbox 689 1867 780 1935; x_wconf 80' lang='lat' dir='ltr'><strong>facile</strong></span> <span class='ocrx_word' id='word_1_101' title='bbox 812 1867 894 1934; x_wconf 92' lang='lat' dir='ltr'><strong>enim</strong></span> <span class='ocrx_word' id='word_1_102' title='bbox 928 1875 1012 1934; x_wconf 89' lang='lat' dir='ltr'><strong>esset</strong></span> <span class='ocrx_word' id='word_1_103' title='bbox 1045 1867 1185 1934; x_wconf 87' lang='lat' dir='ltr'><strong>laturum</strong></span> <span class='ocrx_word' id='word_1_104' title='bbox 1219 1877 1254 1933; x_wconf 92' lang='lat' dir='ltr'><strong>ut</strong></span> 
     </span>
     <span class='ocr_line' id='line_1_14' title="bbox 140 1986 1253 2070; baseline 0.003 -19"><span class='ocrx_word' id='word_1_105' title='bbox 140 1989 223 2064; x_wconf 89' lang='lat' dir='ltr'><strong>serui,</strong></span> <span class='ocrx_word' id='word_1_106' title='bbox 245 1987 302 2068; x_wconf 93' lang='lat' dir='ltr'><strong>qui</strong></span> <span class='ocrx_word' id='word_1_107' title='bbox 333 1987 450 2053; x_wconf 91' lang='lat' dir='ltr'><strong>nnllam</strong></span> <span class='ocrx_word' id='word_1_108' title='bbox 481 1986 592 2069; x_wconf 83' lang='lat' dir='ltr'><strong>refugii</strong></span> <span class='ocrx_word' id='word_1_109' title='bbox 620 1987 740 2070; x_wconf 92' lang='lat' dir='ltr'><strong>copiam</strong></span> <span class='ocrx_word' id='word_1_110' title='bbox 769 1987 936 2064; x_wconf 86' lang='lat' dir='ltr'><strong>haberent,</strong></span> <span class='ocrx_word' id='word_1_111' title='bbox 965 1987 1092 2054; x_wconf 92' lang='lat' dir='ltr'><strong>sibimet</strong></span> <span class='ocrx_word' id='word_1_112' title='bbox 1121 1995 1253 2054; x_wconf 91' lang='lat' dir='ltr'><strong>mortem</strong></span> 
     </span>
     <span class='ocr_line' id='line_1_15' title="bbox 140 2107 1254 2190; baseline 0.002 -18"><span class='ocrx_word' id='word_1_113' title='bbox 140 2108 362 2174; x_wconf 81' lang='lat' dir='ltr'><strong>consciscerent</strong></span> <span class='ocrx_word' id='word_1_114' title='bbox 388 2115 444 2173; x_wconf 90' lang='lat' dir='ltr'><strong>aut</strong></span> <span class='ocrx_word' id='word_1_115' title='bbox 465 2107 571 2189; x_wconf 89' lang='lat' dir='ltr'><strong>lugam</strong></span> <span class='ocrx_word' id='word_1_116' title='bbox 594 2115 794 2189; x_wconf 83' lang='lat' dir='ltr'><strong>capesserent</strong></span> <span class='ocrx_word' id='word_1_117' title='bbox 815 2112 848 2174; x_wconf 89' lang='lat' dir='ltr'><strong>et</strong></span> <span class='ocrx_word' id='word_1_118' title='bbox 869 2107 914 2174; x_wconf 91' lang='lat' dir='ltr'><strong>sio</strong></span> <span class='ocrx_word' id='word_1_119' title='bbox 929 2109 1022 2190; x_wconf 89' lang='lat' dir='ltr'><strong>pretii</strong></span> <span class='ocrx_word' id='word_1_120' title='bbox 1041 2109 1090 2172; x_wconf 89' lang='lat' dir='ltr'><strong>soi</strong></span> <span class='ocrx_word' id='word_1_121' title='bbox 1106 2108 1254 2174; x_wconf 89' lang='lat' dir='ltr'><strong>damnum</strong></span> 
     </span>
     <span class='ocr_line' id='line_1_16' title="bbox 140 2227 1305 2311; baseline 0.002 -19"><span class='ocrx_word' id='word_1_122' title='bbox 140 2227 253 2294; x_wconf 92' lang='lat' dir='ltr'><strong>domino</strong></span> <span class='ocrx_word' id='word_1_123' title='bbox 276 2227 449 2294; x_wconf 79' lang='lat' dir='ltr'><strong>adferrent.</strong></span> <span class='ocrx_word' id='word_1_124' title='bbox 485 2229 651 2311; x_wconf 88' lang='lat' dir='ltr'><strong>utriusque</strong></span> <span class='ocrx_word' id='word_1_125' title='bbox 673 2227 771 2310; x_wconf 93' lang='lat' dir='ltr'><strong>igitur</strong></span> <span class='ocrx_word' id='word_1_126' title='bbox 798 2245 905 2293; x_wconf 86' lang='lat' dir='ltr'><strong>curam</strong></span> <span class='ocrx_word' id='word_1_127' title='bbox 934 2227 1049 2309; x_wconf 83' lang='lat' dir='ltr'><strong>gessit,</strong></span> <span class='ocrx_word' id='word_1_128' title='bbox 1077 2227 1193 2293; x_wconf 91' lang='lat' dir='ltr'><strong>domini</strong></span> <span class='ocrx_word' id='word_1_129' title='bbox 1222 2233 1255 2294; x_wconf 88' lang='lat' dir='ltr'><strong>et</strong></span> <span class='ocrx_word' id='word_1_130' title='bbox 1274 2230 1305 2283; x_wconf 73' lang='lat'><strong>¹⁸</strong></span> 
     </span>
     <span class='ocr_line' id='line_1_17' title="bbox 140 2346 1253 2430; baseline 0.003 -21"><span class='ocrx_word' id='word_1_131' title='bbox 140 2349 227 2412; x_wconf 87' lang='lat' dir='ltr'><strong>serni:</strong></span> <span class='ocrx_word' id='word_1_132' title='bbox 252 2347 384 2430; x_wconf 85' lang='lat' dir='ltr'><strong>expedit</strong></span> <span class='ocrx_word' id='word_1_133' title='bbox 406 2348 487 2413; x_wconf 92' lang='lat' dir='ltr'><strong>enim</strong></span> <span class='ocrx_word' id='word_1_134' title='bbox 509 2347 699 2429; x_wconf 87' lang='lat' dir='ltr'><strong>reipublicae</strong></span> <span class='ocrx_word' id='word_1_135' title='bbox 726 2365 766 2412; x_wconf 91' lang='lat' dir='ltr'><strong>ne</strong></span> <span class='ocrx_word' id='word_1_136' title='bbox 793 2348 864 2429; x_wconf 88' lang='lat' dir='ltr'><strong>quis</strong></span> <span class='ocrx_word' id='word_1_137' title='bbox 892 2367 926 2414; x_wconf 90' lang='lat' dir='ltr'><strong>re</strong></span> <span class='ocrx_word' id='word_1_138' title='bbox 948 2365 1007 2414; x_wconf 87' lang='lat' dir='ltr'><strong>sua</strong></span> <span class='ocrx_word' id='word_1_139' title='bbox 1033 2346 1114 2413; x_wconf 83' lang='lat' dir='ltr'><strong>mula</strong></span> <span class='ocrx_word' id='word_1_140' title='bbox 1136 2351 1253 2413; x_wconf 87' lang='lat' dir='ltr'><strong>utatur.</strong></span> 
     </span>
     <span class='ocr_line' id='line_1_18' title="bbox 140 2463 1254 2550; baseline 0.001 -20"><span class='ocrx_word' id='word_1_141' title='bbox 140 2468 227 2532; x_wconf 84' lang='lat' dir='ltr'><strong>uerbo</strong></span> <span class='ocrx_word' id='word_1_142' title='bbox 268 2475 377 2532; x_wconf 92' lang='lat' dir='ltr'><strong>autem</strong></span> <span class='ocrx_word' id='word_1_143' title='bbox 416 2467 560 2550; x_wconf 83' lang='lat' dir='ltr'><strong>rescripti</strong></span> <span class='ocrx_word' id='word_1_144' title='bbox 596 2467 636 2533; x_wconf 90' lang='lat' dir='ltr'><strong>ad</strong></span> <span class='ocrx_word' id='word_1_145' title='bbox 671 2463 794 2532; x_wconf 79' lang='lat' dir='ltr'><strong>Aelium</strong></span> <span class='ocrx_word' id='word_1_146' title='bbox 827 2467 1020 2534; x_wconf 87' lang='lat' dir='ltr'><strong>Marcianum</strong></span> <span class='ocrx_word' id='word_1_147' title='bbox 1058 2467 1135 2533; x_wconf 87' lang='lat' dir='ltr'><strong>haec</strong></span> <span class='ocrx_word' id='word_1_148' title='bbox 1167 2473 1254 2532; x_wconf 87' lang='lat' dir='ltr'><strong>snut:</strong></span> 
     </span>
     <span class='ocr_line' id='line_1_19' title="bbox 144 2586 1253 2670; baseline 0.002 -20"><span class='ocrx_word' id='word_1_149' title='bbox 144 2586 352 2653; x_wconf 79' lang='lat' dir='ltr'><strong>»dominorum</strong></span> <span class='ocrx_word' id='word_1_150' title='bbox 390 2595 578 2669; x_wconf 87' lang='lat' dir='ltr'><strong>potestatem</strong></span> <span class='ocrx_word' id='word_1_151' title='bbox 617 2587 768 2653; x_wconf 88' lang='lat' dir='ltr'><strong>illibatam</strong></span> <span class='ocrx_word' id='word_1_152' title='bbox 811 2605 881 2654; x_wconf 90' lang='lat' dir='ltr'><strong>esse</strong></span> <span class='ocrx_word' id='word_1_153' title='bbox 920 2593 1045 2670; x_wconf 90' lang='lat' dir='ltr'><strong>oportet</strong></span> <span class='ocrx_word' id='word_1_154' title='bbox 1084 2605 1185 2670; x_wconf 90' lang='lat' dir='ltr'><strong>neque</strong></span> <span class='ocrx_word' id='word_1_155' title='bbox 1222 2586 1253 2653; x_wconf 93' lang='lat' dir='ltr'><strong>id</strong></span> 
     </span>
     <span class='ocr_line' id='line_1_20' title="bbox 142 2705 1256 2787; baseline 0.003 -20"><span class='ocrx_word' id='word_1_156' title='bbox 142 2705 221 2787; x_wconf 77' lang='lat' dir='ltr'><strong>»lege</strong></span> <span class='ocrx_word' id='word_1_157' title='bbox 243 2707 358 2786; x_wconf 82' lang='lat' dir='ltr'><strong>minui,</strong></span> <span class='ocrx_word' id='word_1_158' title='bbox 388 2706 470 2772; x_wconf 91' lang='lat' dir='ltr'><strong>idest</strong></span> <span class='ocrx_word' id='word_1_159' title='bbox 498 2722 559 2771; x_wconf 93' lang='lat' dir='ltr'><strong>non</strong></span> <span class='ocrx_word' id='word_1_160' title='bbox 590 2715 665 2772; x_wconf 86' lang='lat' dir='ltr'><strong>sunt</strong></span> <span class='ocrx_word' id='word_1_161' title='bbox 697 2707 830 2772; x_wconf 91' lang='lat' dir='ltr'><strong>dominis</strong></span> <span class='ocrx_word' id='word_1_162' title='bbox 860 2708 930 2772; x_wconf 89' lang='lat' dir='ltr'><strong>iura</strong></span> <span class='ocrx_word' id='word_1_163' title='bbox 958 2705 1161 2772; x_wconf 88' lang='lat' dir='ltr'><strong>detrahenda</strong></span> <span class='ocrx_word' id='word_1_164' title='bbox 1207 2713 1256 2770; x_wconf 88' lang='lat' dir='ltr'><strong>set</strong></span> 
     </span>
     <span class='ocr_line' id='line_1_21' title="bbox 142 2823 1306 2894; baseline 0.001 -6"><span class='ocrx_word' id='word_1_165' title='bbox 142 2823 351 2891; x_wconf 81' lang='lat' dir='ltr'><strong>»dominorum</strong></span> <span class='ocrx_word' id='word_1_166' title='bbox 384 2825 516 2892; x_wconf 87' lang='lat' dir='ltr'><strong>interest</strong></span> <span class='ocrx_word' id='word_1_167' title='bbox 547 2827 698 2894; x_wconf 83' lang='lat' dir='ltr'><strong>auxilium</strong></span> <span class='ocrx_word' id='word_1_168' title='bbox 734 2828 836 2892; x_wconf 88' lang='lat' dir='ltr'><strong>seruis</strong></span> <span class='ocrx_word' id='word_1_169' title='bbox 873 2845 891 2892; x_wconf 86' lang='lat' dir='ltr'><strong>a</strong></span> <span class='ocrx_word' id='word_1_170' title='bbox 926 2826 1058 2892; x_wconf 90' lang='lat' dir='ltr'><strong>dominis</strong></span> <span class='ocrx_word' id='word_1_171' title='bbox 1088 2825 1168 2890; x_wconf 90' lang='lat' dir='ltr'><strong>male</strong></span> <span class='ocrx_word' id='word_1_172' title='bbox 1200 2823 1254 2890; x_wconf 92' lang='lat' dir='ltr'><strong>ha·</strong></span> <span class='ocrx_word' id='word_1_173' title='bbox 1271 2837 1306 2889; x_wconf 81' lang='lat' dir='ltr'><strong>no</strong></span> 
     </span>
     <span class='ocr_line' id='line_1_22' title="bbox 142 2941 1255 3012; baseline 0.005 -7"><span class='ocrx_word' id='word_1_174' title='bbox 142 2941 227 3007; x_wconf 82' lang='lat' dir='ltr'><strong>»bitis</strong></span> <span class='ocrx_word' id='word_1_175' title='bbox 259 2943 337 3009; x_wconf 80' lang='lat' dir='ltr'><strong>ferri</strong></span> <span class='ocrx_word' id='word_1_176' title='bbox 370 2951 480 3009; x_wconf 88' lang='lat' dir='ltr'><strong>contra</strong></span> <span class='ocrx_word' id='word_1_177' title='bbox 512 2945 591 3010; x_wconf 92' lang='lat' dir='ltr'><strong>iram</strong></span> <span class='ocrx_word' id='word_1_178' title='bbox 624 2943 812 3012; x_wconf 90' lang='lat' dir='ltr'><strong>inmodicam</strong></span> <span class='ocrx_word' id='word_1_179' title='bbox 847 2946 896 3012; x_wconf 88' lang='lat' dir='ltr'><strong>uel</strong></span> <span class='ocrx_word' id='word_1_180' title='bbox 925 2943 1038 3011; x_wconf 84' lang='lat' dir='ltr'><strong>famem</strong></span> <span class='ocrx_word' id='word_1_181' title='bbox 1065 2945 1116 3010; x_wconf 89' lang='lat' dir='ltr'><strong>uel</strong></span> <span class='ocrx_word' id='word_1_182' title='bbox 1146 2944 1255 3011; x_wconf 85' lang='lat' dir='ltr'><strong>intole-</strong></span> 
     </span>
     <span class='ocr_line' id='line_1_23' title="bbox 142 3061 1255 3147; baseline 0.001 -20"><span class='ocrx_word' id='word_1_183' title='bbox 142 3061 282 3128; x_wconf 79' lang='lat' dir='ltr'><strong>›rabilem</strong></span> <span class='ocrx_word' id='word_1_184' title='bbox 310 3063 467 3128; x_wconf 90' lang='lat' dir='ltr'><strong>iniuriam.</strong></span> <span class='ocrx_word' id='word_1_185' title='bbox 509 3065 643 3144; x_wconf 85' lang='lat' dir='ltr'><strong>ideoque</strong></span> <span class='ocrx_word' id='word_1_186' title='bbox 664 3079 817 3145; x_wconf 84' lang='lat' dir='ltr'><strong>cognosce</strong></span> <span class='ocrx_word' id='word_1_187' title='bbox 840 3065 879 3130; x_wconf 91' lang='lat' dir='ltr'><strong>de</strong></span> <span class='ocrx_word' id='word_1_188' title='bbox 901 3061 1049 3147; x_wconf 87' lang='lat' dir='ltr'><strong>querellis</strong></span> <span class='ocrx_word' id='word_1_189' title='bbox 1072 3081 1179 3129; x_wconf 91' lang='lat' dir='ltr'><strong>eorum</strong></span> <span class='ocrx_word' id='word_1_190' title='bbox 1202 3064 1255 3144; x_wconf 92' lang='lat' dir='ltr'><strong>qui</strong></span> 
     </span>
     <span class='ocr_line' id='line_1_24' title="bbox 144 3179 1256 3266; baseline -0.001 -19"><span class='ocrx_word' id='word_1_191' title='bbox 144 3200 194 3247; x_wconf 75' lang='lat' dir='ltr'><strong>»ex</strong></span> <span class='ocrx_word' id='word_1_192' title='bbox 215 3181 335 3249; x_wconf 75' lang='lat' dir='ltr'><strong>familie</strong></span> <span class='ocrx_word' id='word_1_193' title='bbox 357 3180 429 3247; x_wconf 92' lang='lat' dir='ltr'><strong>Iulii</strong></span> <span class='ocrx_word' id='word_1_194' title='bbox 450 3179 558 3249; x_wconf 86' lang='lat' dir='ltr'><strong>Sabini</strong></span> <span class='ocrx_word' id='word_1_195' title='bbox 581 3183 622 3248; x_wconf 87' lang='lat' dir='ltr'><strong>od</strong></span> <span class='ocrx_word' id='word_1_196' title='bbox 644 3187 767 3249; x_wconf 86' lang='lat' dir='ltr'><strong>statuas</strong></span> <span class='ocrx_word' id='word_1_197' title='bbox 790 3183 1010 3266; x_wconf 77' lang='lat' dir='ltr'><strong>conlegerunt3</strong></span> <span class='ocrx_word' id='word_1_198' title='bbox 1037 3189 1071 3249; x_wconf 89' lang='lat' dir='ltr'><strong>et</strong></span> <span class='ocrx_word' id='word_1_199' title='bbox 1099 3183 1126 3247; x_wconf 88' lang='lat' dir='ltr'><strong>si</strong></span> <span class='ocrx_word' id='word_1_200' title='bbox 1155 3183 1256 3265; x_wconf 92' lang='lat' dir='ltr'><strong>inqui·</strong></span> 
     </span>
     <span class='ocr_line' id='line_1_25' title="bbox 142 3301 1254 3384; baseline 0.002 -19"><span class='ocrx_word' id='word_1_201' title='bbox 142 3320 225 3366; x_wconf 78' lang='lat' dir='ltr'><strong>»rena</strong></span> <span class='ocrx_word' id='word_1_202' title='bbox 245 3301 359 3366; x_wconf 90' lang='lat' dir='ltr'><strong>durius</strong></span> <span class='ocrx_word' id='word_1_203' title='bbox 375 3321 428 3367; x_wconf 91' lang='lat' dir='ltr'><strong>eos</strong></span> <span class='ocrx_word' id='word_1_204' title='bbox 443 3320 536 3382; x_wconf 91' lang='lat' dir='ltr'><strong>qoam</strong></span> <span class='ocrx_word' id='word_1_205' title='bbox 551 3322 610 3384; x_wconf 86' lang='lat' dir='ltr'><strong>par</strong></span> <span class='ocrx_word' id='word_1_206' title='bbox 632 3310 681 3368; x_wconf 91' lang='lat' dir='ltr'><strong>est</strong></span> <span class='ocrx_word' id='word_1_207' title='bbox 702 3301 826 3368; x_wconf 88' lang='lat' dir='ltr'><strong>habitos</strong></span> <span class='ocrx_word' id='word_1_208' title='bbox 849 3305 899 3370; x_wconf 89' lang='lat' dir='ltr'><strong>uel</strong></span> <span class='ocrx_word' id='word_1_209' title='bbox 922 3303 961 3367; x_wconf 91' lang='lat' dir='ltr'><strong>ad</strong></span> <span class='ocrx_word' id='word_1_210' title='bbox 985 3315 1078 3383; x_wconf 87' lang='lat' dir='ltr'><strong>turpe</strong></span> <span class='ocrx_word' id='word_1_211' title='bbox 1099 3303 1254 3383; x_wconf 86' lang='lat' dir='ltr'><strong>quoddam</strong></span> 
     </span>
     <span class='ocr_line' id='line_1_26' title="bbox 142 3419 1306 3505; baseline 0.002 -21"><span class='ocrx_word' id='word_1_212' title='bbox 142 3419 274 3486; x_wconf 74' lang='lat' dir='ltr'><strong>»monus</strong></span> <span class='ocrx_word' id='word_1_213' title='bbox 286 3421 464 3502; x_wconf 87' lang='lat' dir='ltr'><strong>compulsos</strong></span> <span class='ocrx_word' id='word_1_214' title='bbox 471 3421 664 3503; x_wconf 88' lang='lat' dir='ltr'><strong>cognoueris,</strong></span> <span class='ocrx_word' id='word_1_215' title='bbox 672 3424 770 3488; x_wconf 90' lang='lat' dir='ltr'><strong>ueniri</strong></span> <span class='ocrx_word' id='word_1_216' title='bbox 786 3423 868 3500; x_wconf 83' lang='lat' dir='ltr'><strong>iube,</strong></span> <span class='ocrx_word' id='word_1_217' title='bbox 879 3424 926 3487; x_wconf 80' lang='lat' dir='ltr'><strong>its</strong></span> <span class='ocrx_word' id='word_1_218' title='bbox 936 3421 1072 3505; x_wconf 86' lang='lat' dir='ltr'><strong>quidem,</strong></span> <span class='ocrx_word' id='word_1_219' title='bbox 1085 3430 1119 3487; x_wconf 85' lang='lat' dir='ltr'><strong>ut</strong></span> <span class='ocrx_word' id='word_1_220' title='bbox 1130 3421 1161 3486; x_wconf 88' lang='lat' dir='ltr'><strong>iu</strong></span> <span class='ocrx_word' id='word_1_221' title='bbox 1172 3427 1256 3503; x_wconf 79' lang='lat' dir='ltr'><strong>pote</strong></span> <span class='ocrx_word' id='word_1_222' title='bbox 1272 3445 1306 3497; x_wconf 76' lang='lat'><strong>25</strong></span> 
     </span>
     <span class='ocr_line' id='line_1_27' title="bbox 142 3539 1256 3624; baseline 0.001 -21"><span class='ocrx_word' id='word_1_223' title='bbox 142 3544 267 3604; x_wconf 75' lang='lat' dir='ltr'><strong>»statem</strong></span> <span class='ocrx_word' id='word_1_224' title='bbox 284 3539 459 3606; x_wconf 88' lang='lat' dir='ltr'><strong>uenditoris</strong></span> <span class='ocrx_word' id='word_1_225' title='bbox 474 3558 535 3605; x_wconf 93' lang='lat' dir='ltr'><strong>non</strong></span> <span class='ocrx_word' id='word_1_226' title='bbox 551 3548 759 3606; x_wconf 83' lang='lat' dir='ltr'><strong>reuertuntur.</strong></span> <span class='ocrx_word' id='word_1_227' title='bbox 788 3541 836 3606; x_wconf 85' lang='lat' dir='ltr'><strong>sin</strong></span> <span class='ocrx_word' id='word_1_228' title='bbox 854 3549 958 3607; x_wconf 89' lang='lat' dir='ltr'><strong>autem</strong></span> <span class='ocrx_word' id='word_1_229' title='bbox 974 3541 1151 3624; x_wconf 90' lang='lat' dir='ltr'><strong>praedictus</strong></span> <span class='ocrx_word' id='word_1_230' title='bbox 1168 3540 1256 3608; x_wconf 87' lang='lat' dir='ltr'><strong>Sabi·</strong></span> 
     </span>
     <span class='ocr_line' id='line_1_28' title="bbox 143 3659 1257 3744; baseline 0.004 -23"><span class='ocrx_word' id='word_1_231' title='bbox 143 3675 213 3723; x_wconf 76' lang='lat' dir='ltr'><strong>»nus</strong></span> <span class='ocrx_word' id='word_1_232' title='bbox 228 3659 347 3740; x_wconf 89' lang='lat' dir='ltr'><strong>aliquid</strong></span> <span class='ocrx_word' id='word_1_233' title='bbox 363 3659 395 3724; x_wconf 93' lang='lat' dir='ltr'><strong>in</strong></span> <span class='ocrx_word' id='word_1_234' title='bbox 413 3660 551 3727; x_wconf 72' lang='lat' dir='ltr'><strong>naudem</strong></span> <span class='ocrx_word' id='word_1_235' title='bbox 567 3661 697 3728; x_wconf 88' lang='lat' dir='ltr'><strong>huiusce</strong></span> <span class='ocrx_word' id='word_1_236' title='bbox 712 3660 943 3728; x_wconf 88' lang='lat' dir='ltr'><strong>constitutionis</strong></span> <span class='ocrx_word' id='word_1_237' title='bbox 958 3662 1060 3728; x_wconf 88' lang='lat' dir='ltr'><strong>lacere</strong></span> <span class='ocrx_word' id='word_1_238' title='bbox 1075 3678 1257 3744; x_wconf 86' lang='lat' dir='ltr'><strong>praesump-</strong></span> 
     </span>
    </p>
   </div>
   <div class='ocr_carea' id='block_1_3' title="bbox 0 0 1550 4702">
    <p class='ocr_par' dir='ltr' id='par_1_3' title="bbox 0 0 1550 4702">
     <span class='ocr_line' id='line_1_29' title="bbox 0 0 1550 4702; baseline 0 0"><span class='ocrx_word' id='word_1_239' title='bbox 0 0 1550 4702; x_wconf 95' lang='lat' dir='ltr'><strong> </strong></span> 
     </span>
    </p>
   </div>
  </div>
 </body>
</html>
