<?xml version="1.0" encoding="UTF-8"?>
<!DOCTYPE html PUBLIC "-//W3C//DTD XHTML 1.0 Transitional//EN"
    "http://www.w3.org/TR/xhtml1/DTD/xhtml1-transitional.dtd">
<html xmlns="http://www.w3.org/1999/xhtml" xml:lang="en" lang="en">
 <head>
  <title>
</title>
<meta http-equiv="Content-Type" content="text/html;charset=utf-8" />
  <meta name='ocr-system' content='tesseract 3.04.00' />
  <meta name='ocr-capabilities' content='ocr_page ocr_carea ocr_par ocr_line ocrx_word'/>
</head>
<body>
  <div class='ocr_page' id='page_1' title='image "./institutionumgr02linggoog_0138.png"; bbox 0 0 3092 4702; ppageno 0'>
   <div class='ocr_carea' id='block_1_1' title="bbox 572 343 782 410">
    <p class='ocr_par' dir='ltr' id='par_1_1' title="bbox 572 343 782 410">
     <span class='ocr_line' id='line_1_1' title="bbox 572 343 782 410; baseline 0 -18"><span class='ocrx_word' id='word_1_1' title='bbox 572 343 782 410; x_wconf 73' lang='lat'><strong>„52-</strong></span> 
     </span>
    </p>
   </div>
   <div class='ocr_carea' id='block_1_2' title="bbox 90 529 1358 3722">
    <p class='ocr_par' dir='ltr' id='par_1_2' title="bbox 107 529 1358 2406">
     <span class='ocr_line' id='line_1_2' title="bbox 138 529 1237 616; baseline 0.005 -22"><span class='ocrx_word' id='word_1_2' title='bbox 138 531 233 594; x_wconf 88' lang='lat' dir='ltr'><strong>tionem</strong></span> <span class='ocrx_word' id='word_1_3' title='bbox 266 529 434 612; x_wconf 72' lang='lat' dir='ltr'><strong>quaemuit.</strong></span> <span class='ocrx_word' id='word_1_4' title='bbox 484 529 561 596; x_wconf 89' lang='lat' dir='ltr'><strong>haee</strong></span> <span class='ocrx_word' id='word_1_5' title='bbox 594 539 698 598; x_wconf 90' lang='lat' dir='ltr'><strong>autem</strong></span> <span class='ocrx_word' id='word_1_6' title='bbox 731 532 835 598; x_wconf 84' lang='lat' dir='ltr'><strong>omnia</strong></span> <span class='ocrx_word' id='word_1_7' title='bbox 869 533 901 598; x_wconf 92' lang='lat' dir='ltr'><strong>in</strong></span> <span class='ocrx_word' id='word_1_8' title='bbox 933 531 1148 612; x_wconf 82' lang='lat' dir='ltr'><strong>filiofamilias,</strong></span> <span class='ocrx_word' id='word_1_9' title='bbox 1183 533 1237 616; x_wconf 89' lang='lat' dir='ltr'><strong>qui</strong></span> 
     </span>
     <span class='ocr_line' id='line_1_3' title="bbox 138 647 1238 734; baseline 0.005 -20"><span class='ocrx_word' id='word_1_10' title='bbox 138 649 303 731; x_wconf 87' lang='lat' dir='ltr'><strong>adoptatur,</strong></span> <span class='ocrx_word' id='word_1_11' title='bbox 324 667 387 715; x_wconf 93' lang='lat' dir='ltr'><strong>non</strong></span> <span class='ocrx_word' id='word_1_12' title='bbox 409 647 633 729; x_wconf 62' lang='lat' dir='ltr'><strong>obseruantun</strong></span> <span class='ocrx_word' id='word_1_13' title='bbox 659 650 793 734; x_wconf 88' lang='lat' dir='ltr'><strong>primum</strong></span> <span class='ocrx_word' id='word_1_14' title='bbox 819 653 894 733; x_wconf 88' lang='lat' dir='ltr'><strong>quia</strong></span> <span class='ocrx_word' id='word_1_15' title='bbox 921 671 992 718; x_wconf 89' lang='lat' dir='ltr'><strong>eum</strong></span> <span class='ocrx_word' id='word_1_16' title='bbox 1019 651 1052 717; x_wconf 93' lang='lat' dir='ltr'><strong>in</strong></span> <span class='ocrx_word' id='word_1_17' title='bbox 1082 659 1238 734; x_wconf 72' lang='lat' dir='ltr'><strong>potestate</strong></span> 
     </span>
     <span class='ocr_line' id='line_1_4' title="bbox 136 766 1237 857; baseline 0.005 -24"><span class='ocrx_word' id='word_1_18' title='bbox 136 766 235 834; x_wconf 84' lang='lat' dir='ltr'><strong>habere</strong></span> <span class='ocrx_word' id='word_1_19' title='bbox 257 768 425 851; x_wconf 90' lang='lat' dir='ltr'><strong>adoptator</strong></span> <span class='ocrx_word' id='word_1_20' title='bbox 446 785 507 835; x_wconf 92' lang='lat' dir='ltr'><strong>non</strong></span> <span class='ocrx_word' id='word_1_21' title='bbox 530 768 740 852; x_wconf 78' lang='lat' dir='ltr'><strong>intellegitur,</strong></span> <span class='ocrx_word' id='word_1_22' title='bbox 763 771 900 836; x_wconf 85' lang='lat' dir='ltr'><strong>secundo</strong></span> <span class='ocrx_word' id='word_1_23' title='bbox 923 779 1027 838; x_wconf 83' lang='lat' dir='ltr'><strong>nutem</strong></span> <span class='ocrx_word' id='word_1_24' title='bbox 1050 773 1125 857; x_wconf 91' lang='lat' dir='ltr'><strong>quia</strong></span> <span class='ocrx_word' id='word_1_25' title='bbox 1147 777 1237 852; x_wconf 87' lang='lat' dir='ltr'><strong>pater</strong></span> 
     </span>
     <span class='ocr_line' id='line_1_5' title="bbox 135 885 1236 974; baseline 0.005 -22"><span class='ocrx_word' id='word_1_26' title='bbox 135 891 230 965; x_wconf 77' lang='lat' dir='ltr'><strong>mut</strong></span> <span class='ocrx_word' id='word_1_27' title='bbox 254 885 310 969; x_wconf 89' lang='lat' dir='ltr'><strong>qui</strong></span> <span class='ocrx_word' id='word_1_28' title='bbox 331 886 409 953; x_wconf 84' lang='lat' dir='ltr'><strong>haer</strong></span> <span class='ocrx_word' id='word_1_29' title='bbox 430 889 533 952; x_wconf 88' lang='lat' dir='ltr'><strong>omnia</strong></span> <span class='ocrx_word' id='word_1_30' title='bbox 554 888 721 968; x_wconf 86' lang='lat' dir='ltr'><strong>prouidere</strong></span> <span class='ocrx_word' id='word_1_31' title='bbox 742 889 850 970; x_wconf 83' lang='lat' dir='ltr'><strong>possit,</strong></span> <span class='ocrx_word' id='word_1_32' title='bbox 873 889 980 974; x_wconf 88' lang='lat' dir='ltr'><strong>sicque</strong></span> <span class='ocrx_word' id='word_1_33' title='bbox 999 909 1070 955; x_wconf 88' lang='lat' dir='ltr'><strong>enm</strong></span> <span class='ocrx_word' id='word_1_34' title='bbox 1085 891 1236 973; x_wconf 87' lang='lat' dir='ltr'><strong>adoptan-</strong></span> 
     </span>
     <span class='ocr_line' id='line_1_6' title="bbox 107 1003 1287 1084; baseline 0.006 -14"><span class='ocrx_word' id='word_1_35' title='bbox 107 1007 194 1070; x_wconf 61' lang='lat' dir='ltr'><strong>edun</strong></span> <span class='ocrx_word' id='word_1_36' title='bbox 212 1006 350 1072; x_wconf 82' lang='lat' dir='ltr'><strong>tradere</strong></span> <span class='ocrx_word' id='word_1_37' title='bbox 394 1007 424 1070; x_wconf 85' lang='lat'><strong>4.</strong></span> <span class='ocrx_word' id='word_1_38' title='bbox 458 1003 506 1072; x_wconf 91' lang='lat' dir='ltr'><strong>De</strong></span> <span class='ocrx_word' id='word_1_39' title='bbox 527 1007 628 1072; x_wconf 90' lang='lat' dir='ltr'><strong>tribus</strong></span> <span class='ocrx_word' id='word_1_40' title='bbox 650 1007 835 1074; x_wconf 80' lang='lat' dir='ltr'><strong>differentiis</strong></span> <span class='ocrx_word' id='word_1_41' title='bbox 856 1008 954 1075; x_wconf 83' lang='lat' dir='ltr'><strong>locuti</strong></span> <span class='ocrx_word' id='word_1_42' title='bbox 982 1026 1105 1084; x_wconf 81' lang='lat' dir='ltr'><strong>sumus3</strong></span> <span class='ocrx_word' id='word_1_43' title='bbox 1128 1011 1236 1076; x_wconf 90' lang='lat' dir='ltr'><strong>uidea·</strong></span> <span class='ocrx_word' id='word_1_44' title='bbox 1269 1010 1287 1061; x_wconf 78' lang='lat'><strong>⁶</strong></span> 
     </span>
     <span class='ocr_line' id='line_1_7' title="bbox 133 1113 1358 1210; baseline 0.007 -21"><span class='ocrx_word' id='word_1_45' title='bbox 133 1143 189 1190; x_wconf 92' lang='lat' dir='ltr'><strong>nus</strong></span> <span class='ocrx_word' id='word_1_46' title='bbox 208 1125 306 1192; x_wconf 88' lang='lat' dir='ltr'><strong>etiam</strong></span> <span class='ocrx_word' id='word_1_47' title='bbox 328 1125 404 1206; x_wconf 90' lang='lat' dir='ltr'><strong>quid</strong></span> <span class='ocrx_word' id='word_1_48' title='bbox 425 1127 507 1192; x_wconf 90' lang='lat' dir='ltr'><strong>inter</strong></span> <span class='ocrx_word' id='word_1_49' title='bbox 529 1126 763 1209; x_wconf 78' lang='lat' dir='ltr'><strong>adrogationem</strong></span> <span class='ocrx_word' id='word_1_50' title='bbox 792 1135 824 1192; x_wconf 89' lang='lat' dir='ltr'><strong>et</strong></span> <span class='ocrx_word' id='word_1_51' title='bbox 852 1127 1052 1210; x_wconf 86' lang='lat' dir='ltr'><strong>adoptionem</strong></span> <span class='ocrx_word' id='word_1_52' title='bbox 1074 1147 1236 1196; x_wconf 86' lang='lat' dir='ltr'><strong>commune</strong></span> <span class='ocrx_word' id='word_1_53' title='bbox 1356 1113 1358 1117; x_wconf 47' lang='grc'>’</span> 
     </span>
     <span class='ocr_line' id='line_1_8' title="bbox 133 1244 1235 1330; baseline 0.005 -20"><span class='ocrx_word' id='word_1_54' title='bbox 133 1245 252 1312; x_wconf 84' lang='lat' dir='ltr'><strong>intersit</strong></span> <span class='ocrx_word' id='word_1_55' title='bbox 282 1246 470 1330; x_wconf 85' lang='lat' dir='ltr'><strong>ubicumque</strong></span> <span class='ocrx_word' id='word_1_56' title='bbox 498 1245 580 1312; x_wconf 90' lang='lat' dir='ltr'><strong>enim</strong></span> <span class='ocrx_word' id='word_1_57' title='bbox 607 1244 817 1330; x_wconf 73' lang='lat' dir='ltr'><strong>discrepantia</strong></span> <span class='ocrx_word' id='word_1_58' title='bbox 845 1248 997 1330; x_wconf 89' lang='lat' dir='ltr'><strong>quaedam</strong></span> <span class='ocrx_word' id='word_1_59' title='bbox 1024 1249 1235 1326; x_wconf 83' lang='lat' dir='ltr'><strong>inueniuntur,</strong></span> 
     </span>
     <span class='ocr_line' id='line_1_9' title="bbox 132 1364 1237 1451; baseline 0.005 -23"><span class='ocrx_word' id='word_1_60' title='bbox 132 1364 169 1430; x_wconf 85' lang='lat' dir='ltr'><strong>iii</strong></span> <span class='ocrx_word' id='word_1_61' title='bbox 186 1372 216 1431; x_wconf 89' lang='lat' dir='ltr'><strong>et</strong></span> <span class='ocrx_word' id='word_1_62' title='bbox 237 1366 414 1432; x_wconf 86' lang='lat' dir='ltr'><strong>eommunis</strong></span> <span class='ocrx_word' id='word_1_63' title='bbox 434 1373 517 1432; x_wconf 85' lang='lat' dir='ltr'><strong>sunt</strong></span> <span class='ocrx_word' id='word_1_64' title='bbox 562 1377 611 1432; x_wconf 86' lang='lat' dir='ltr'><strong>est</strong></span> <span class='ocrx_word' id='word_1_65' title='bbox 632 1373 737 1432; x_wconf 86' lang='lat' dir='ltr'><strong>autem</strong></span> <span class='ocrx_word' id='word_1_66' title='bbox 758 1366 789 1431; x_wconf 91' lang='lat' dir='ltr'><strong>in</strong></span> <span class='ocrx_word' id='word_1_67' title='bbox 812 1365 920 1448; x_wconf 90' lang='lat' dir='ltr'><strong>primis</strong></span> <span class='ocrx_word' id='word_1_68' title='bbox 949 1366 981 1432; x_wconf 92' lang='lat' dir='ltr'><strong>id</strong></span> <span class='ocrx_word' id='word_1_69' title='bbox 1009 1368 1134 1451; x_wconf 88' lang='lat' dir='ltr'><strong>utrique</strong></span> <span class='ocrx_word' id='word_1_70' title='bbox 1155 1385 1237 1435; x_wconf 88' lang='lat' dir='ltr'><strong>eom·</strong></span> 
     </span>
     <span class='ocr_line' id='line_1_10' title="bbox 131 1487 1236 1568; baseline 0.005 -20"><span class='ocrx_word' id='word_1_71' title='bbox 131 1501 218 1550; x_wconf 84' lang='lat' dir='ltr'><strong>nune</strong></span> <span class='ocrx_word' id='word_1_72' title='bbox 275 1490 400 1566; x_wconf 81' lang='lat' dir='ltr'><strong>oportet</strong></span> <span class='ocrx_word' id='word_1_73' title='bbox 432 1503 503 1550; x_wconf 86' lang='lat' dir='ltr'><strong>eum</strong></span> <span class='ocrx_word' id='word_1_74' title='bbox 535 1488 589 1565; x_wconf 87' lang='lat' dir='ltr'><strong>qui</strong></span> <span class='ocrx_word' id='word_1_75' title='bbox 621 1487 765 1568; x_wconf 87' lang='lat' dir='ltr'><strong>adoptet,</strong></span> <span class='ocrx_word' id='word_1_76' title='bbox 804 1487 952 1553; x_wconf 88' lang='lat' dir='ltr'><strong>maiorem</strong></span> <span class='ocrx_word' id='word_1_77' title='bbox 985 1492 1063 1552; x_wconf 88' lang='lat' dir='ltr'><strong>natu</strong></span> <span class='ocrx_word' id='word_1_78' title='bbox 1090 1505 1160 1553; x_wconf 86' lang='lat' dir='ltr'><strong>esse</strong></span> <span class='ocrx_word' id='word_1_79' title='bbox 1188 1505 1236 1566; x_wconf 85' lang='lat' dir='ltr'><strong>ao,</strong></span> 
     </span>
     <span class='ocr_line' id='line_1_11' title="bbox 132 1603 1287 1687; baseline 0.003 -20"><span class='ocrx_word' id='word_1_80' title='bbox 132 1603 224 1684; x_wconf 85' lang='lat' dir='ltr'><strong>quiin</strong></span> <span class='ocrx_word' id='word_1_81' title='bbox 249 1603 448 1686; x_wconf 89' lang='lat' dir='ltr'><strong>adoptionem</strong></span> <span class='ocrx_word' id='word_1_82' title='bbox 470 1603 655 1685; x_wconf 81' lang='lat' dir='ltr'><strong>suscipitur,</strong></span> <span class='ocrx_word' id='word_1_83' title='bbox 683 1623 754 1672; x_wconf 86' lang='lat' dir='ltr'><strong>num</strong></span> <span class='ocrx_word' id='word_1_84' title='bbox 781 1606 907 1687; x_wconf 88' lang='lat' dir='ltr'><strong>adoptio</strong></span> <span class='ocrx_word' id='word_1_85' title='bbox 936 1603 978 1671; x_wconf 88' lang='lat' dir='ltr'><strong>ad</strong></span> <span class='ocrx_word' id='word_1_86' title='bbox 1000 1604 1235 1672; x_wconf 88' lang='lat' dir='ltr'><strong>similitudinem</strong></span> <span class='ocrx_word' id='word_1_87' title='bbox 1255 1609 1287 1661; x_wconf 92' lang='lat'><strong>1⁰</strong></span> 
     </span>
     <span class='ocr_line' id='line_1_12' title="bbox 130 1725 1233 1807; baseline 0.005 -21"><span class='ocrx_word' id='word_1_88' title='bbox 130 1728 252 1791; x_wconf 86' lang='lat' dir='ltr'><strong>naturae</strong></span> <span class='ocrx_word' id='word_1_89' title='bbox 273 1725 316 1789; x_wconf 88' lang='lat' dir='ltr'><strong>sit</strong></span> <span class='ocrx_word' id='word_1_90' title='bbox 337 1725 526 1790; x_wconf 85' lang='lat' dir='ltr'><strong>introducta.</strong></span> <span class='ocrx_word' id='word_1_91' title='bbox 576 1733 691 1792; x_wconf 84' lang='lat' dir='ltr'><strong>natura</strong></span> <span class='ocrx_word' id='word_1_92' title='bbox 717 1734 823 1792; x_wconf 88' lang='lat' dir='ltr'><strong>autem</strong></span> <span class='ocrx_word' id='word_1_93' title='bbox 850 1726 949 1793; x_wconf 84' lang='lat' dir='ltr'><strong>maior</strong></span> <span class='ocrx_word' id='word_1_94' title='bbox 977 1733 1069 1807; x_wconf 88' lang='lat' dir='ltr'><strong>pater</strong></span> <span class='ocrx_word' id='word_1_95' title='bbox 1090 1725 1153 1792; x_wconf 86' lang='lat' dir='ltr'><strong>filio</strong></span> <span class='ocrx_word' id='word_1_96' title='bbox 1175 1735 1233 1792; x_wconf 90' lang='lat' dir='ltr'><strong>est</strong></span> 
     </span>
     <span class='ocr_line' id='line_1_13' title="bbox 131 1845 1235 1928; baseline 0.001 -19"><span class='ocrx_word' id='word_1_97' title='bbox 131 1845 245 1910; x_wconf 89' lang='lat' dir='ltr'><strong>uidetur</strong></span> <span class='ocrx_word' id='word_1_98' title='bbox 266 1847 349 1911; x_wconf 92' lang='lat' dir='ltr'><strong>enim</strong></span> <span class='ocrx_word' id='word_1_99' title='bbox 371 1863 427 1928; x_wconf 90' lang='lat' dir='ltr'><strong>pro</strong></span> <span class='ocrx_word' id='word_1_100' title='bbox 449 1852 588 1913; x_wconf 91' lang='lat' dir='ltr'><strong>monstro</strong></span> <span class='ocrx_word' id='word_1_101' title='bbox 611 1864 680 1912; x_wconf 86' lang='lat' dir='ltr'><strong>esse</strong></span> <span class='ocrx_word' id='word_1_102' title='bbox 706 1855 739 1913; x_wconf 90' lang='lat' dir='ltr'><strong>et</strong></span> <span class='ocrx_word' id='word_1_103' title='bbox 764 1866 784 1912; x_wconf 91' lang='lat' dir='ltr'><strong>a</strong></span> <span class='ocrx_word' id='word_1_104' title='bbox 810 1854 925 1914; x_wconf 90' lang='lat' dir='ltr'><strong>natura</strong></span> <span class='ocrx_word' id='word_1_105' title='bbox 951 1846 1106 1926; x_wconf 83' lang='lat' dir='ltr'><strong>alienum,</strong></span> <span class='ocrx_word' id='word_1_106' title='bbox 1139 1845 1168 1912; x_wconf 92' lang='lat' dir='ltr'><strong>si</strong></span> <span class='ocrx_word' id='word_1_107' title='bbox 1189 1846 1235 1910; x_wconf 90' lang='lat' dir='ltr'><strong>di·</strong></span> 
     </span>
     <span class='ocr_line' id='line_1_14' title="bbox 131 1963 1234 2049; baseline 0.001 -19"><span class='ocrx_word' id='word_1_108' title='bbox 131 1974 208 2031; x_wconf 90' lang='lat' dir='ltr'><strong>oatnr</strong></span> <span class='ocrx_word' id='word_1_109' title='bbox 227 1963 314 2030; x_wconf 80' lang='lat' dir='ltr'><strong>fitius</strong></span> <span class='ocrx_word' id='word_1_110' title='bbox 335 1965 439 2032; x_wconf 90' lang='lat' dir='ltr'><strong>senior</strong></span> <span class='ocrx_word' id='word_1_111' title='bbox 460 1982 530 2032; x_wconf 85' lang='lat' dir='ltr'><strong>esse</strong></span> <span class='ocrx_word' id='word_1_112' title='bbox 556 1973 656 2049; x_wconf 85' lang='lat' dir='ltr'><strong>petre.</strong></span> <span class='ocrx_word' id='word_1_113' title='bbox 700 1965 777 2032; x_wconf 86' lang='lat' dir='ltr'><strong>haee</strong></span> <span class='ocrx_word' id='word_1_114' title='bbox 802 1984 878 2032; x_wconf 89' lang='lat' dir='ltr'><strong>uero</strong></span> <span class='ocrx_word' id='word_1_115' title='bbox 906 1973 939 2030; x_wconf 87' lang='lat' dir='ltr'><strong>et</strong></span> <span class='ocrx_word' id='word_1_116' title='bbox 966 1967 997 2032; x_wconf 93' lang='lat' dir='ltr'><strong>in</strong></span> <span class='ocrx_word' id='word_1_117' title='bbox 1025 1963 1234 2032; x_wconf 84' lang='lat' dir='ltr'><strong>filiiaiamilius</strong></span> 
     </span>
     <span class='ocr_line' id='line_1_15' title="bbox 129 2083 1235 2168; baseline 0.001 -18"><span class='ocrx_word' id='word_1_118' title='bbox 129 2085 208 2150; x_wconf 90' lang='lat' dir='ltr'><strong>etin</strong></span> <span class='ocrx_word' id='word_1_119' title='bbox 236 2083 513 2166; x_wconf 71' lang='lat' dir='ltr'><strong>patribusfamilias</strong></span> <span class='ocrx_word' id='word_1_120' title='bbox 541 2085 759 2151; x_wconf 90' lang='lat' dir='ltr'><strong>obseruantur.</strong></span> <span class='ocrx_word' id='word_1_121' title='bbox 818 2085 912 2152; x_wconf 87' lang='lat' dir='ltr'><strong>debet</strong></span> <span class='ocrx_word' id='word_1_122' title='bbox 946 2085 1053 2168; x_wconf 84' lang='lat' dir='ltr'><strong>itaque</strong></span> <span class='ocrx_word' id='word_1_123' title='bbox 1082 2103 1153 2151; x_wconf 92' lang='lat' dir='ltr'><strong>eum</strong></span> <span class='ocrx_word' id='word_1_124' title='bbox 1181 2085 1235 2167; x_wconf 85' lang='lat' dir='ltr'><strong>qui</strong></span> 
     </span>
     <span class='ocr_line' id='line_1_16' title="bbox 128 2180 1286 2286; baseline -0.003 -17"><span class='ocrx_word' id='word_1_125' title='bbox 128 2203 247 2285; x_wconf 86' lang='lat' dir='ltr'><strong>adoptat</strong></span> <span class='ocrx_word' id='word_1_126' title='bbox 267 2180 375 2269; x_wconf 82' lang='lat' dir='ltr'><strong>&#39;xvlu</strong></span> <span class='ocrx_word' id='word_1_127' title='bbox 397 2204 487 2270; x_wconf 86' lang='lat' dir='ltr'><strong>annis</strong></span> <span class='ocrx_word' id='word_1_128' title='bbox 508 2204 712 2286; x_wconf 84' lang='lat' dir='ltr'><strong>praecedere:</strong></span> <span class='ocrx_word' id='word_1_129' title='bbox 736 2203 888 2270; x_wconf 89' lang='lat' dir='ltr'><strong>eiusmodi</strong></span> <span class='ocrx_word' id='word_1_130' title='bbox 910 2211 1016 2269; x_wconf 91' lang='lat' dir='ltr'><strong>autem</strong></span> <span class='ocrx_word' id='word_1_131' title='bbox 1039 2211 1127 2269; x_wconf 86' lang='lat' dir='ltr'><strong>aetas</strong></span> <span class='ocrx_word' id='word_1_132' title='bbox 1141 2203 1235 2285; x_wconf 89' lang='lat' dir='ltr'><strong>plena</strong></span> <span class='ocrx_word' id='word_1_133' title='bbox 1255 2215 1286 2266; x_wconf 80' lang='lat'><strong>15</strong></span> 
     </span>
     <span class='ocr_line' id='line_1_17' title="bbox 128 2323 1236 2406; baseline 0.001 -19"><span class='ocrx_word' id='word_1_134' title='bbox 128 2324 267 2402; x_wconf 83' lang='lat' dir='ltr'><strong>pubertas</strong></span> <span class='ocrx_word' id='word_1_135' title='bbox 289 2323 420 2398; x_wconf 83' lang='lat' dir='ltr'><strong>dieitur,</strong></span> <span class='ocrx_word' id='word_1_136' title='bbox 446 2329 556 2405; x_wconf 85' lang='lat' dir='ltr'><strong>utpote</strong></span> <span class='ocrx_word' id='word_1_137' title='bbox 578 2341 641 2406; x_wconf 86' lang='lat' dir='ltr'><strong>qus</strong></span> <span class='ocrx_word' id='word_1_138' title='bbox 662 2323 707 2388; x_wconf 87' lang='lat' dir='ltr'><strong>iili</strong></span> <span class='ocrx_word' id='word_1_139' title='bbox 734 2341 858 2406; x_wconf 89' lang='lat' dir='ltr'><strong>quoque</strong></span> <span class='ocrx_word' id='word_1_140' title='bbox 880 2323 1068 2404; x_wconf 74' lang='lat' dir='ltr'><strong>pubescant,</strong></span> <span class='ocrx_word' id='word_1_141' title='bbox 1096 2323 1149 2404; x_wconf 90' lang='lat' dir='ltr'><strong>qui</strong></span> <span class='ocrx_word' id='word_1_142' title='bbox 1172 2329 1236 2388; x_wconf 82' lang='lat' dir='ltr'><strong>tur·</strong></span> 
     </span>
    </p>

    <p class='ocr_par' dir='ltr' id='par_1_3' title="bbox 93 2440 1234 2766">
     <span class='ocr_line' id='line_1_18' title="bbox 93 2440 1233 2525; baseline 0.001 -20"><span class='ocrx_word' id='word_1_143' title='bbox 93 2447 113 2497; x_wconf 80' lang='lat'><strong>5·</strong></span> <span class='ocrx_word' id='word_1_144' title='bbox 128 2440 191 2507; x_wconf 85' lang='lat' dir='ltr'><strong>dina</strong></span> <span class='ocrx_word' id='word_1_145' title='bbox 210 2442 245 2507; x_wconf 95' lang='lat' dir='ltr'><strong>id</strong></span> <span class='ocrx_word' id='word_1_146' title='bbox 267 2443 436 2524; x_wconf 88' lang='lat' dir='ltr'><strong>patiantur,</strong></span> <span class='ocrx_word' id='word_1_147' title='bbox 459 2443 634 2510; x_wconf 88' lang='lat' dir='ltr'><strong>omnimodo</strong></span> <span class='ocrx_word' id='word_1_148' title='bbox 655 2443 764 2508; x_wconf 78' lang='lat' dir='ltr'><strong>habitu</strong></span> <span class='ocrx_word' id='word_1_149' title='bbox 786 2443 925 2525; x_wconf 86' lang='lat' dir='ltr'><strong>eorporis</strong></span> <span class='ocrx_word' id='word_1_150' title='bbox 947 2449 1161 2509; x_wconf 80' lang='lat' dir='ltr'><strong>concurrente.</strong></span> <span class='ocrx_word' id='word_1_151' title='bbox 1203 2443 1233 2508; x_wconf 78' lang='lat'><strong>5.</strong></span> 
     </span>
     <span class='ocr_line' id='line_1_19' title="bbox 127 2559 1234 2646; baseline 0.004 -22"><span class='ocrx_word' id='word_1_152' title='bbox 127 2559 260 2626; x_wconf 76' lang='lat' dir='ltr'><strong>niumm</strong></span> <span class='ocrx_word' id='word_1_153' title='bbox 280 2563 356 2645; x_wconf 88' lang='lat' dir='ltr'><strong>quid</strong></span> <span class='ocrx_word' id='word_1_154' title='bbox 377 2562 460 2628; x_wconf 89' lang='lat' dir='ltr'><strong>inter</strong></span> <span class='ocrx_word' id='word_1_155' title='bbox 482 2570 648 2646; x_wconf 88' lang='lat' dir='ltr'><strong>utramque</strong></span> <span class='ocrx_word' id='word_1_156' title='bbox 669 2579 831 2628; x_wconf 85' lang='lat' dir='ltr'><strong>commune</strong></span> <span class='ocrx_word' id='word_1_157' title='bbox 853 2569 911 2628; x_wconf 86' lang='lat' dir='ltr'><strong>est</strong></span> <span class='ocrx_word' id='word_1_158' title='bbox 947 2579 1074 2644; x_wconf 90' lang='lat' dir='ltr'><strong>possum</strong></span> <span class='ocrx_word' id='word_1_159' title='bbox 1097 2562 1179 2628; x_wconf 90' lang='lat' dir='ltr'><strong>enim</strong></span> <span class='ocrx_word' id='word_1_160' title='bbox 1201 2563 1234 2628; x_wconf 91' lang='lat' dir='ltr'><strong>in</strong></span> 
     </span>
     <span class='ocr_line' id='line_1_20' title="bbox 125 2679 1234 2766; baseline 0 -21"><span class='ocrx_word' id='word_1_161' title='bbox 125 2681 220 2746; x_wconf 88' lang='lat' dir='ltr'><strong>locum</strong></span> <span class='ocrx_word' id='word_1_162' title='bbox 246 2683 367 2764; x_wconf 89' lang='lat' dir='ltr'><strong>nepotis</strong></span> <span class='ocrx_word' id='word_1_163' title='bbox 396 2681 593 2764; x_wconf 80' lang='lat' dir='ltr'><strong>adneptis,</strong></span> <span class='ocrx_word' id='word_1_164' title='bbox 623 2680 675 2750; x_wconf 88' lang='lat' dir='ltr'><strong>uel</strong></span> <span class='ocrx_word' id='word_1_165' title='bbox 707 2683 888 2766; x_wconf 86' lang='lat' dir='ltr'><strong>pronepotis</strong></span> <span class='ocrx_word' id='word_1_166' title='bbox 922 2690 955 2749; x_wconf 87' lang='lat' dir='ltr'><strong>et</strong></span> <span class='ocrx_word' id='word_1_167' title='bbox 987 2683 1149 2764; x_wconf 89' lang='lat' dir='ltr'><strong>proneptis</strong></span> <span class='ocrx_word' id='word_1_168' title='bbox 1181 2679 1234 2747; x_wconf 89' lang='lat' dir='ltr'><strong>uel</strong></span> 
     </span>
    </p>

    <p class='ocr_par' dir='ltr' id='par_1_4' title="bbox 90 2799 1288 3483">
     <span class='ocr_line' id='line_1_21' title="bbox 90 2799 1287 2888; baseline 0.004 -23"><span class='ocrx_word' id='word_1_169' title='bbox 90 2799 264 2885; x_wconf 73' lang='lat' dir='ltr'><strong>tonneeps</strong></span> <span class='ocrx_word' id='word_1_170' title='bbox 295 2802 462 2882; x_wconf 86' lang='lat' dir='ltr'><strong>adoptare,</strong></span> <span class='ocrx_word' id='word_1_171' title='bbox 496 2802 640 2888; x_wconf 88' lang='lat' dir='ltr'><strong>quemuis</strong></span> <span class='ocrx_word' id='word_1_172' title='bbox 669 2800 768 2868; x_wconf 87' lang='lat' dir='ltr'><strong>filium</strong></span> <span class='ocrx_word' id='word_1_173' title='bbox 795 2820 856 2868; x_wconf 91' lang='lat' dir='ltr'><strong>non</strong></span> <span class='ocrx_word' id='word_1_174' title='bbox 885 2801 1027 2867; x_wconf 85' lang='lat' dir='ltr'><strong>habeam.</strong></span> <span class='ocrx_word' id='word_1_175' title='bbox 1077 2801 1106 2864; x_wconf 90' lang='grc'><strong>6.</strong></span> <span class='ocrx_word' id='word_1_176' title='bbox 1144 2799 1235 2880; x_wconf 85' lang='lat' dir='ltr'><strong>Quod</strong></span> <span class='ocrx_word' id='word_1_177' title='bbox 1252 2819 1287 2870; x_wconf 81' lang='lat' dir='ltr'><strong>no</strong></span> 
     </span>
     <span class='ocr_line' id='line_1_22' title="bbox 124 2921 1237 3004; baseline 0 -20"><span class='ocrx_word' id='word_1_178' title='bbox 124 2926 224 2986; x_wconf 90' lang='lat' dir='ltr'><strong>autem</strong></span> <span class='ocrx_word' id='word_1_179' title='bbox 254 2921 395 2988; x_wconf 82' lang='lat' dir='ltr'><strong>dicturus</strong></span> <span class='ocrx_word' id='word_1_180' title='bbox 421 2939 490 2988; x_wconf 91' lang='lat' dir='ltr'><strong>sum</strong></span> <span class='ocrx_word' id='word_1_181' title='bbox 520 2939 582 2988; x_wconf 93' lang='lat' dir='ltr'><strong>non</strong></span> <span class='ocrx_word' id='word_1_182' title='bbox 610 2930 674 2987; x_wconf 85' lang='lat' dir='ltr'><strong>tam</strong></span> <span class='ocrx_word' id='word_1_183' title='bbox 700 2924 782 2988; x_wconf 88' lang='lat' dir='ltr'><strong>inter</strong></span> <span class='ocrx_word' id='word_1_184' title='bbox 811 2921 1003 2999; x_wconf 84' lang='lat' dir='ltr'><strong>communia,</strong></span> <span class='ocrx_word' id='word_1_185' title='bbox 1030 2938 1124 3004; x_wconf 86' lang='lat' dir='ltr'><strong>quam</strong></span> <span class='ocrx_word' id='word_1_186' title='bbox 1153 2921 1237 2988; x_wconf 89' lang='lat' dir='ltr'><strong>inter</strong></span> 
     </span>
     <span class='ocr_line' id='line_1_23' title="bbox 123 3039 1235 3124; baseline 0.002 -22"><span class='ocrx_word' id='word_1_187' title='bbox 123 3039 327 3122; x_wconf 82' lang='lat' dir='ltr'><strong>discrepantia</strong></span> <span class='ocrx_word' id='word_1_188' title='bbox 348 3039 547 3109; x_wconf 85' lang='lat' dir='ltr'><strong>referendum</strong></span> <span class='ocrx_word' id='word_1_189' title='bbox 568 3049 633 3120; x_wconf 89' lang='lat' dir='ltr'><strong>est,</strong></span> <span class='ocrx_word' id='word_1_190' title='bbox 662 3058 794 3121; x_wconf 89' lang='lat' dir='ltr'><strong>quorum</strong></span> <span class='ocrx_word' id='word_1_191' title='bbox 822 3047 970 3124; x_wconf 88' lang='lat' dir='ltr'><strong>quartum</strong></span> <span class='ocrx_word' id='word_1_192' title='bbox 998 3041 1073 3106; x_wconf 89' lang='lat' dir='ltr'><strong>erit:</strong></span> <span class='ocrx_word' id='word_1_193' title='bbox 1103 3058 1174 3105; x_wconf 84' lang='lat' dir='ltr'><strong>nem</strong></span> <span class='ocrx_word' id='word_1_194' title='bbox 1203 3039 1235 3104; x_wconf 95' lang='lat' dir='ltr'><strong>in</strong></span> 
     </span>
     <span class='ocr_line' id='line_1_24' title="bbox 122 3159 1236 3242; baseline -0.001 -17"><span class='ocrx_word' id='word_1_195' title='bbox 122 3159 340 3238; x_wconf 80' lang='lat' dir='ltr'><strong>patrefamilias</strong></span> <span class='ocrx_word' id='word_1_196' title='bbox 366 3162 468 3227; x_wconf 85' lang='lat' dir='ltr'><strong>locum</strong></span> <span class='ocrx_word' id='word_1_197' title='bbox 490 3179 551 3226; x_wconf 92' lang='lat' dir='ltr'><strong>non</strong></span> <span class='ocrx_word' id='word_1_198' title='bbox 573 3160 677 3226; x_wconf 86' lang='lat' dir='ltr'><strong>habet</strong></span> <span class='ocrx_word' id='word_1_199' title='bbox 728 3163 761 3225; x_wconf 92' lang='lat' dir='ltr'><strong>in</strong></span> <span class='ocrx_word' id='word_1_200' title='bbox 788 3160 890 3226; x_wconf 90' lang='lat' dir='ltr'><strong>locum</strong></span> <span class='ocrx_word' id='word_1_201' title='bbox 918 3161 1000 3227; x_wconf 89' lang='lat' dir='ltr'><strong>onim</strong></span> <span class='ocrx_word' id='word_1_202' title='bbox 1021 3160 1143 3242; x_wconf 87' lang='lat' dir='ltr'><strong>nepotis</strong></span> <span class='ocrx_word' id='word_1_203' title='bbox 1165 3175 1236 3241; x_wconf 91' lang='lat' dir='ltr'><strong>pos·</strong></span> 
     </span>
     <span class='ocr_line' id='line_1_25' title="bbox 123 3277 1236 3362; baseline 0.002 -21"><span class='ocrx_word' id='word_1_204' title='bbox 123 3297 188 3343; x_wconf 87' lang='lat' dir='ltr'><strong>sum</strong></span> <span class='ocrx_word' id='word_1_205' title='bbox 210 3278 342 3346; x_wconf 83' lang='lat' dir='ltr'><strong>niieuum</strong></span> <span class='ocrx_word' id='word_1_206' title='bbox 365 3279 462 3346; x_wconf 85' lang='lat' dir='ltr'><strong>filium</strong></span> <span class='ocrx_word' id='word_1_207' title='bbox 485 3280 645 3362; x_wconf 88' lang='lat' dir='ltr'><strong>adoptare.</strong></span> <span class='ocrx_word' id='word_1_208' title='bbox 689 3287 721 3346; x_wconf 90' lang='lat' dir='ltr'><strong>et</strong></span> <span class='ocrx_word' id='word_1_209' title='bbox 737 3297 853 3354; x_wconf 71' lang='lat' dir='ltr'><strong>‚rursus</strong></span> <span class='ocrx_word' id='word_1_210' title='bbox 876 3280 1010 3345; x_wconf 85' lang='lat' dir='ltr'><strong>alienum</strong></span> <span class='ocrx_word' id='word_1_211' title='bbox 1033 3285 1177 3360; x_wconf 85' lang='lat' dir='ltr'><strong>nepotem</strong></span> <span class='ocrx_word' id='word_1_212' title='bbox 1203 3277 1236 3343; x_wconf 93' lang='lat' dir='ltr'><strong>in</strong></span> 
     </span>
     <span class='ocr_line' id='line_1_26' title="bbox 122 3396 1288 3483; baseline -0.003 -22"><span class='ocrx_word' id='word_1_213' title='bbox 122 3397 221 3464; x_wconf 84' lang='lat' dir='ltr'><strong>iocum</strong></span> <span class='ocrx_word' id='word_1_214' title='bbox 245 3397 305 3465; x_wconf 86' lang='lat' dir='ltr'><strong>filii.</strong></span> <span class='ocrx_word' id='word_1_215' title='bbox 349 3418 450 3483; x_wconf 86' lang='lat' dir='ltr'><strong>neque</strong></span> <span class='ocrx_word' id='word_1_216' title='bbox 473 3401 554 3465; x_wconf 90' lang='lat' dir='ltr'><strong>enim</strong></span> <span class='ocrx_word' id='word_1_217' title='bbox 577 3417 702 3466; x_wconf 86' lang='lat' dir='ltr'><strong>neeesse</strong></span> <span class='ocrx_word' id='word_1_218' title='bbox 724 3407 773 3466; x_wconf 89' lang='lat' dir='ltr'><strong>est</strong></span> <span class='ocrx_word' id='word_1_219' title='bbox 799 3401 957 3478; x_wconf 85' lang='lat' dir='ltr'><strong>ordinem,</strong></span> <span class='ocrx_word' id='word_1_220' title='bbox 987 3399 1040 3480; x_wconf 84' lang='lat' dir='ltr'><strong>qui</strong></span> <span class='ocrx_word' id='word_1_221' title='bbox 1070 3396 1155 3479; x_wconf 84' lang='lat' dir='ltr'><strong>apud</strong></span> <span class='ocrx_word' id='word_1_222' title='bbox 1183 3415 1237 3462; x_wconf 88' lang='lat' dir='ltr'><strong>na·</strong></span> <span class='ocrx_word' id='word_1_223' title='bbox 1253 3405 1288 3458; x_wconf 81' lang='lat' dir='ltr'><strong>ao</strong></span> 
     </span>
    </p>

    <p class='ocr_par' dir='ltr' id='par_1_5' title="bbox 90 3515 1236 3722">
     <span class='ocr_line' id='line_1_27' title="bbox 90 3515 1236 3602; baseline 0.003 -24"><span class='ocrx_word' id='word_1_224' title='bbox 90 3515 110 3565; x_wconf 76' lang='lat'><strong>&#39;1-</strong></span> <span class='ocrx_word' id='word_1_225' title='bbox 124 3516 256 3583; x_wconf 88' lang='lat' dir='ltr'><strong>turalem</strong></span> <span class='ocrx_word' id='word_1_226' title='bbox 280 3528 328 3586; x_wconf 86' lang='lat' dir='ltr'><strong>est</strong></span> <span class='ocrx_word' id='word_1_227' title='bbox 354 3527 493 3602; x_wconf 84' lang='lat' dir='ltr'><strong>petrem,</strong></span> <span class='ocrx_word' id='word_1_228' title='bbox 522 3536 659 3586; x_wconf 79' lang='lat' dir='ltr'><strong>seruare</strong></span> <span class='ocrx_word' id='word_1_229' title='bbox 705 3521 733 3582; x_wconf 84' lang='lat'><strong>7.</strong></span> <span class='ocrx_word' id='word_1_230' title='bbox 770 3517 889 3598; x_wconf 85' lang='lat' dir='ltr'><strong>Quarto</strong></span> <span class='ocrx_word' id='word_1_231' title='bbox 917 3524 1023 3584; x_wconf 90' lang='lat' dir='ltr'><strong>autem</strong></span> <span class='ocrx_word' id='word_1_232' title='bbox 1050 3517 1127 3583; x_wconf 91' lang='lat' dir='ltr'><strong>illud</strong></span> <span class='ocrx_word' id='word_1_233' title='bbox 1155 3534 1236 3584; x_wconf 86' lang='lat' dir='ltr'><strong>aom-</strong></span> 
     </span>
     <span class='ocr_line' id='line_1_28' title="bbox 123 3637 1236 3722; baseline 0.004 -24"><span class='ocrx_word' id='word_1_234' title='bbox 123 3653 215 3702; x_wconf 89' lang='lat' dir='ltr'><strong>mune</strong></span> <span class='ocrx_word' id='word_1_235' title='bbox 239 3645 294 3702; x_wconf 89' lang='lat' dir='ltr'><strong>est</strong></span> <span class='ocrx_word' id='word_1_236' title='bbox 338 3639 365 3704; x_wconf 93' lang='lat' dir='ltr'><strong>si</strong></span> <span class='ocrx_word' id='word_1_237' title='bbox 386 3638 457 3722; x_wconf 85' lang='lat' dir='ltr'><strong>quis</strong></span> <span class='ocrx_word' id='word_1_238' title='bbox 481 3639 603 3722; x_wconf 90' lang='lat' dir='ltr'><strong>nepotis</strong></span> <span class='ocrx_word' id='word_1_239' title='bbox 632 3637 701 3706; x_wconf 86' lang='lat' dir='ltr'><strong>loco</strong></span> <span class='ocrx_word' id='word_1_240' title='bbox 731 3639 887 3720; x_wconf 81' lang='lat' dir='ltr'><strong>quendam</strong></span> <span class='ocrx_word' id='word_1_241' title='bbox 914 3638 1058 3717; x_wconf 87' lang='lat' dir='ltr'><strong>adoptet,</strong></span> <span class='ocrx_word' id='word_1_242' title='bbox 1089 3647 1236 3717; x_wconf 82' lang='lat' dir='ltr'><strong>tanquam</strong></span> 
     </span>
    </p>
   </div>
   <div class='ocr_carea' id='block_1_3' title="bbox 0 0 1550 4702">
    <p class='ocr_par' dir='ltr' id='par_1_6' title="bbox 0 0 1550 4702">
     <span class='ocr_line' id='line_1_29' title="bbox 0 0 1550 4702; baseline 0 7"><span class='ocrx_word' id='word_1_243' title='bbox 0 0 1550 4702; x_wconf 95' lang='lat' dir='ltr'><strong> </strong></span> 
     </span>
    </p>
   </div>
  </div>
 </body>
</html>
