2884 4728
536 398 776 462 -406—

443 681 492 744 De
515 679 645 744 iniuriis.
691 679 815 744 Titulus
839 686 867 746 4.

186 839 260 920 Eos,
286 841 339 920 qui
362 839 507 904 iniuriam
533 840 707 920 admittunt,
731 839 799 902 iura
824 838 993 922 impunitos
1014 858 1077 902 nou
1100 839 1213 904 sinunt.

98 965 290 1048 generaliter
312 965 453 1029 iniuria
478 964 591 1028 dicitur
610 952 808 1045 omne'qnod
830 984 901 1028 uon
924 964 1005 1028 iure
1021 963 1067 1046 fit3
1093 964 1213 1047 specia-

98 1090 167 1154 liter
196 1090 277 1154 alies
301 1089 567 1154 »contumelia«
597 1109 616 1152 a
644 1088 963 1168 »contemnendo«,
988 1109 1082 1170 quem
1106 1089 1212 1170 graeci

99 1211 191 1298 ὕβριν
215 1215 390 1297 appellent,
416 1214 496 1278 alios
513 1214 626 1278 dicitur
650 1214 807 1297 »culpe«,
832 1233 926 1293 quam
946 1213 1054 1295 graeci
1069 1210 1211 1297 u'dlmppc

97 1346 226 1415 uocant,
259 1339 357 1403 ueluti
391 1339 422 1402 in
456 1340 528 1420 lege
564 1338 691 1420 aquilia.
742 1338 874 1401 dicimus
909 1339 990 1402 enim
1027 1337 1213 1402 »damnum
1251 1357 1267 1407 5

98 1464 266 1543 iniuria«,
289 1462 370 1526 idest
394 1462 604 1527 contraius
629 1462 767 1526 inlatum.
814 1462 894 1526 elias
922 1462 1034 1526 dicitur
1058 1462 1213 1543 ›iniqui-

97 1596 172 1652 tas‹
207 1595 239 1652 et
267 1587 505 1666 »iniustitia«,
541 1608 634 1668 quarn
669 1587 777 1669 graeci
808 1583 941 1650 ἀδικίαν
975 1593 1097 1650 uocant.
1144 1608 1214 1652 eum

99 1714 180 1777 enim
204 1720 334 1796 praetor
357 1713 407 1776 uel
430 1711 523 1776 iudex
540 1733 602 1776 non
623 1713 690 1776 iure
710 1701 820 1776 contro
839 1711 1004 1792 quemdam
1021 1713 1212 1794 pronuntiat,

67 1837 232 1902 udicimns
243 1857 323 1916 eum,
337 1837 391 1918 qui
402 1837 508 1901 laesus
519 1845 575 1916 est,
594 1837 791 1900 »iniuriam
808 1837 1032 1918 accepisse«.
1060 1837 1214 1902 l.lniuria

97 1971 203 2028 autem
229 1962 428 2027 committitur
451 1981 514 2026 non
537 1983 570 2026 re
598 1969 732 2040 tantum,
762 1969 809 2026 set
838 1961 932 2026 etiam
961 1961 1075 2025 uerbis.
1121 1967 1153 2025 et
1174 1982 1213 2026 re
1236 1979 1267 2029 10

98 2087 240 2168 quidem,
269 2107 338 2152 cum
363 2088 431 2168 quis
456 2107 561 2170 pugno
589 2093 643 2150 ant
667 2087 764 2169 uirgis
789 2093 843 2150 aut
865 2085 999 2149 fustibus
1027 2105 1139 2150 caesus
1163 2086 1212 2167 sit,

98 2219 151 2275 aut
175 2212 351 2277 conuicium
376 2233 488 2296 passus
513 2213 561 2276 sit.
600 2211 809 2276 conuicium
834 2217 891 2290 est,
917 2231 986 2274 cum
1003 2211 1072 2291 quis
1097 2210 1128 2274 in
1144 2211 1214 2276 loco

99 2337 235 2416 quodam
258 2338 344 2401 urbis
369 2337 535 2421 spectabili
558 2335 712 2401 eiusmodi
734 2356 784 2400 me
808 2335 934 2399 adliciat
958 2335 1155 2417 contumelia,
1179 2343 1213 2399 ut

98 2463 190 2524 turba
226 2463 384 2526 hominum
420 2469 594 2526 concurrat.
640 2482 678 2526 re
714 2459 837 2542 quodue
865 2460 898 2524 fit
926 2460 1054 2540 iniuria,
1090 2460 1117 2524 si
1145 2461 1213 2540 quis

98 2586 288 2668 intellegens
317 2606 367 2651 me
398 2587 428 2650 ei
456 2587 533 2650 nihil
562 2588 692 2666 debere,
721 2587 806 2650 bonu
835 2606 920 2664 mea,
950 2585 1041 2666 quasi
1071 2585 1214 2665 creditor,
1235 2600 1266 2651 15

99 2711 270 2793 possideat.
331 2713 446 2775 uerbo
482 2721 587 2775 cutem
619 2711 653 2774 fit
687 2711 815 2790 iniuria,
857 2730 924 2774 cum
965 2710 1034 2790 quis
1074 2709 1215 2772 libellum

97 2835 261 2918 scripserit
290 2855 457 2900 carmenne
493 2837 704 2920 composuerit
738 2835 779 2899 ad
813 2855 916 2899 meum
951 2834 1127 2913 infamiam,
1163 2833 1214 2896 uel

98 2960 248 3041 ediderit,
278 2968 332 3023 ant
355 2960 432 3024 nihil
457 2960 582 3040 quidem
606 2960 760 3025 eiusmodi
782 2959 905 3040 fecerit,
929 2958 1087 3022 curauerit
1109 2965 1215 3021 tomen

97 3082 171 3148 dolo
202 3086 302 3165 male,
332 3084 464 3167 utquid
494 3085 604 3148 horum
632 3085 729 3148 fieret.
774 3105 847 3147 narn
874 3083 928 3147 isti
955 3103 1063 3146 omnes
1092 3081 1214 3146 actione

98 3207 284 3272 iniuriarum
318 3216 471 3274 tenentur.
518 3217 551 3273 ut
586 3229 660 3273 ecce
689 3209 811 3272 Primus
847 3208 887 3270 ad
914 3227 1017 3271 meam
1052 3205 1214 3270 infamiam
1234 3221 1268 3271 20

97 3352 228 3398 cannen
244 3334 378 3416 scripsit,
404 3335 565 3398 Secundus
590 3333 772 3416 composuit,
795 3333 920 3396 Tertius
945 3330 1051 3410 edidit,
1077 3329 1214 3404 Quartus

97 3457 176 3520 nihil
202 3458 354 3523 eiusmodi
380 3459 467 3537 fecit,
498 3459 570 3521 dolo
599 3465 704 3522 autem
731 3477 788 3520 sno
817 3455 937 3520 curauit
965 3463 998 3517 ut
1026 3454 1215 3517 scriberetur
