2932 4704
550 337 762 400 ..94-

83 523 215 590 ationem
249 522 406 589 admittet
455 525 486 586 4.
521 520 704 604 Impuberas
738 528 860 590 tutores
895 539 969 590 suos
996 541 1058 590 non
1086 534 1221 606 possunt

114 645 255 722 suspectos
275 639 456 722 postulare3
480 641 617 723 puberes
638 649 744 707 autam
767 649 930 707 curatores
958 660 997 709 ex
1018 643 1147 709 oonsilio
1170 663 1220 709 ne

112 757 308 836 cessaturum,
332 757 434 824 uduti
455 765 658 842 cognatorum
681 764 776 840 atque
797 777 855 842 per
874 757 1069 826 adfinitatem
1095 761 1221 828 coniun-

111 885 232 954 ctorum,
257 883 420 960 suspectos
442 885 595 959 arguent,
624 878 724 944 etita
750 875 887 944 Seuerus
910 884 943 946 et
970 878 1146 945 Antoninus
1173 899 1221 946 re·

80 994 296 1077 5scripserunt
330 997 360 1060 5.
388 993 560 1076 Suspectus
582 1003 633 1062 est
653 1004 760 1063 antem
782 997 838 1079 qui
859 1014 921 1063 non
944 1015 982 1064 ex
1003 995 1065 1064 fide
1087 999 1219 1066 tutelam
1256 1003 1273 1054 5

109 1114 186 1194 gerit
206 1115 277 1182 licet
292 1114 443 1180 soluendo
464 1118 533 1196 est3
555 1113 587 1179 id
610 1114 694 1181 enim
716 1112 839 1182 loliano
853 1115 983 1198 ptacmt.
1005 1124 1055 1183 set
1077 1123 1115 1182 st¹
1131 1124 1219 1184 unte·

109 1251 189 1314 qnam
209 1231 339 1315 incipiat
359 1231 492 1300 tutelam
514 1251 625 1316 gerere
647 1240 744 1312 tutor,
773 1251 865 1316 posse
887 1253 957 1300 enm
980 1235 1072 1318 quasi
1094 1253 1220 1317 suspec-

108 1359 164 1416 tum
184 1353 338 1420 remoueri
359 1351 501 1418 Iulianus
522 1358 633 1419 auctor
654 1358 712 1430 est
736 1354 907 1419 secundum
929 1353 1013 1436 quod
1036 1354 1134 1420 etiam
1149 1373 1220 1421 con-

76 1471 94 1524 i·
108 1471 238 1537 stitutum
271 1479 329 1538 est
385 1475 414 1535 6.
449 1471 510 1550 Qui
539 1480 645 1537 autem
675 1478 710 1536 nt
736 1477 902 1553 suspectus
929 1479 1067 1538 remotus
1100 1480 1162 1553 est,
1192 1475 1219 1538 si

107 1591 217 1674 quidem
245 1593 288 1658 ob
315 1590 437 1671 dolum,
465 1591 603 1657 famosus
633 1601 697 1656 est:
726 1591 752 1656 si
781 1591 821 1658 ob
850 1590 989 1673 cuipam,
1017 1611 1078 1657 non
1108 1610 1217 1676 aeque.
1241 1605 1272 1655 lo

72 1719 92 1770 t.
106 1713 131 1774 7.
159 1709 314 1791 Quamdiu
346 1711 417 1794 quis
450 1720 488 1776 ut
520 1719 687 1794 suspectas
719 1708 916 1791 postulatur,
951 1713 1054 1792 quoad
1083 1713 1219 1792 cognitio

105 1827 234 1906 finietur,
256 1849 320 1896 non
348 1831 443 1896 debet
468 1830 770 1896 administrationem
796 1829 969 1913 attingere:
1002 1838 1052 1896 est
1081 1831 1162 1898 enim
1192 1834 1219 1897 ci

71 1948 133 2012 sid
151 1949 363 2028 interdictum,
386 1954 423 2014 nt
443 1947 617 2032 Papiniano
638 1948 742 2014 uisum
766 1955 823 2014 est
870 1949 900 2013 8.
934 1947 967 2014 Si
990 1951 1128 2032 suspecti
1150 1967 1219 2032 cog·

103 2068 171 2134 nitio
191 2075 340 2152 suscepta
360 2070 465 2148 fuerit
488 2075 521 2134 et
543 2067 656 2134 deinde
684 2073 771 2134 tutor
800 2077 857 2134 ant
882 2075 1012 2136 curator
1040 2069 1220 2148 decusserit,

105 2187 289 2270 extinguitur
310 2187 457 2272 cognitio.
485 2190 641 2271 quomodo
663 2187 746 2254 enim
769 2187 983 2253 remonebitur
1005 2187 1059 2268 qui
1083 2188 1146 2255 iam
1169 2187 1222 2254 de-
1240 2205 1272 2255 ιδ

70 2311 90 2360 t·
103 2306 216 2373 iunctus
238 2308 312 2374 est?
349 2309 379 2372 9.
412 2305 445 2371 Si
467 2311 555 2375 tutor
576 2307 625 2373 sui
648 2307 769 2390 copiam
796 2325 858 2372 non
887 2305 983 2371 facim
1009 2314 1047 2371 ut
1072 2305 1222 2371 elimenta

102 2425 209 2506 pupillo
230 2427 454 2509 amagistratu
477 2427 697 2504 decernantur,
721 2433 853 2492 cauetur
874 2424 1096 2490 constitutione
1110 2423 1220 2490 Seueri

102 2551 131 2608 et
150 2545 297 2612 Antonini
321 2555 357 2612 ut
378 2546 411 2612 in
432 2547 662 2628 possessionem
685 2547 838 2612 bonorum
861 2546 929 2610 eius
952 2544 1098 2611 mittatur
1119 2543 1218 2627 pupil-

100 2663 159 2742 lus3
178 2671 210 2730 et
231 2665 325 2732 bonis
348 2665 464 2730 tutoris
496 2673 623 2731 curator
650 2665 759 2742 detur,
788 2665 843 2747 qui
873 2682 911 2730 ea
940 2663 1111 2741 distrahat,
1139 2681 1222 2746 quae

99 2798 180 2848 mora
200 2783 361 2849 deteriora
382 2783 491 2848 futura
512 2784 584 2861 sint
608 2781 706 2849 uduti
733 2783 874 2848 iumenta
903 2790 1023 2848 uestem
1052 2791 1086 2847 et
1116 2792 1222 2850 oeteru
1238 2791 1273 2841 ao

99 2899 127 2963 id
146 2921 254 2983 genus.
300 2921 376 2985 ergo
398 2911 435 2968 nt
456 2911 622 2984 suspectus
650 2902 807 2969 remoueri
836 2909 960 2985 potest,
988 2903 1041 2984 qui
1072 2901 1223 2968 alimenta

59 3021 90 3071 1⁰·
98 3038 153 3085 non
173 3028 330 3103 praestat
374 3021 424 3084 10.
457 3019 514 3087 Set
534 3023 562 3086 si
584 3021 656 3105 quis
677 3039 828 3102 praesens
849 3023 1016 3103 negauerit
1044 3039 1139 3103 posse
1168 3022 1222 3086 ali·

98 3147 195 3205 mento
216 3139 340 3223 pupillo
361 3140 485 3206 decerni
507 3149 639 3224 propter
667 3143 735 3208 eius
756 3140 904 3223 inopiam,
927 3150 961 3207 et
986 3141 1157 3206 mendaces
1180 3140 1223 3205 ai

96 3256 266 3338 legationes
289 3260 358 3325 eius
381 3279 451 3326 esse
473 3270 665 3343 compertum
687 3261 739 3339 sit,
762 3259 943 3326 remittetur
965 3258 1006 3325 ad
1028 3257 1224 3340 praefectum

98 3376 162 3443 urbi
182 3378 365 3461 puniendus
385 3379 478 3446 sicuti
499 3388 533 3445 et
553 3379 617 3459 ilie,
639 3381 693 3465 qui
715 3382 791 3447 data
811 3384 954 3463 pecunia,
977 3385 1065 3446 tutor
1087 3377 1156 3444 fieri
1173 3397 1221 3444 oo·
1239 3393 1273 3444 as

58 3492 89 3543 11·
97 3503 183 3560 natus
205 3505 268 3563 est
316 3497 364 3560 11.
398 3497 546 3564 Libertus
568 3497 597 3564 si
618 3497 838 3565 fraudulenter
858 3500 988 3565 tutelam
1011 3497 1147 3564 filiorum
1172 3496 1222 3563 uei

96 3620 242 3694 nepotum
265 3615 392 3696 patroni
412 3614 549 3697 gessisse
572 3614 733 3697 probetur,
755 3617 796 3682 ad
819 3616 1011 3699 prceiectum
1033 3617 1104 3684 urbi
1120 3617 1223 3682 remit

58 3729 88 3794 12.
97 3731 168 3799 titur
200 3735 410 3817 corporaliter
441 3737 627 3819 puniendus.
688 3737 739 3800 12.
772 3736 950 3803 Nouissime
978 3734 1143 3814 sciendum
1174 3745 1223 3800 est
