2898 4712
476 294 775 413 ¹-oco-

101 535 180 600 enim
203 535 263 600 sub
285 535 497 602 condicionem
523 535 688 602 institutus
711 544 777 616 est,
805 557 886 620 quae
916 536 1096 620 deiecerit),
1124 558 1220 623 nepos

100 673 157 721 auo
178 673 257 720 suus
279 655 371 721 heres
392 654 459 721 fiet:
483 673 555 720 nam
577 674 638 738 quo
660 663 933 736 tempore-certum
956 657 1015 723 tuit
1036 658 1218 724 intestatum

101 776 270 841 decessisse
292 783 475 840 testatorem
497 774 582 841 solus
604 794 700 857 nepos
722 777 753 840 in
782 775 850 842 eius
875 775 992 842 familia
1014 786 1143 860 propter
1164 777 1219 842 fidi

63 903 84 956 s.
99 903 230 960 mortem
253 894 355 961 medio
377 901 518 975 tempore
539 903 687 973 secutam,
711 897 881 962 inuenitur.
914 896 944 962 8.
978 897 1095 963 Eadem
1117 895 1219 963 locum

98 1015 213 1080 habent
236 1015 263 1079 si
286 1015 359 1080 uiuo
382 1033 442 1079 eoo
465 1022 632 1096 conceptus
654 1015 697 1080 sit
726 1033 837 1096 nepos,
867 1017 1010 1095 quamuis
1040 1025 1112 1095 post
1139 1034 1219 1082 mor·
1252 1024 1270 1076 t

100 1147 157 1198 tem
180 1134 250 1198 eius
272 1143 365 1199 natus
387 1135 437 1210 sit,
461 1135 488 1198 si
511 1141 616 1198 tamen
638 1133 723 1200 solus
745 1135 777 1199 in
793 1133 931 1200 defuncti
946 1134 1073 1214 familia,
1096 1137 1218 1202 nemine

99 1257 310 1331 antecedente,
333 1255 521 1334 inueniatur,
546 1274 615 1320 cum
631 1263 797 1322 extraneus
817 1255 980 1322 uoluntate
995 1265 1051 1321 aut
1066 1275 1142 1322 casu
1156 1277 1217 1323 non

98 1375 210 1439 adierit
231 1375 449 1440 hereditatem.
494 1374 584 1456 plane
606 1377 631 1440 si
655 1395 693 1442 ex
713 1375 777 1440 filio
800 1395 895 1458 nepos
916 1387 988 1457 post
1010 1379 1062 1442 aui
1086 1385 1217 1442 mortem

101 1504 266 1578 conceptus
287 1503 320 1560 et
340 1505 434 1562 natus
457 1496 508 1575 sit,
532 1498 645 1563 deinde
666 1517 736 1562 cum
758 1498 862 1563 media
888 1504 1012 1562 mortua
1033 1497 1128 1562 inerit
1149 1514 1219 1578 per-

99 1634 179 1693 sona,
203 1624 371 1681 extraneus
395 1617 600 1683 hereditatem
622 1635 682 1682 non
707 1620 828 1696 adierit,
855 1636 916 1683 non
939 1619 1012 1681 item
1029 1634 1105 1681 suus
1126 1617 1218 1682 heres
1238 1627 1270 1680 10

99 1753 190 1818 nepos
214 1737 342 1814 extabit,
364 1736 481 1801 nullam
504 1736 586 1802 enim'
609 1739 801 1819 cognationis
822 1740 957 1820 speciem
981 1756 1050 1801 cum
1066 1744 1218 1802 testatore

100 1853 168 1922 talis
200 1856 329 1921 habebit
355 1875 461 1939 nepos.
512 1857 617 1935 Quare
645 1877 702 1925 nec
728 1855 781 1923 ille
809 1857 916 1922 liberis
942 1857 1218 1922 connumerabitur

102 1994 188 2058 quem
220 1975 304 2043 filius
338 1996 426 2045 meus
463 1979 676 2060 emancipatus
710 1978 918 2059 adoptanerit.
972 1980 998 2042 si
1031 1979 1113 2042 enim
1147 1995 1219 2042 eue-

101 2097 160 2160 niat
180 2105 217 2161 ut
239 2116 297 2179 ego
323 2099 492 2163 intestatus
520 2098 684 2177 decedam,
714 2097 778 2163 tilio
808 2115 875 2165 meo
902 2100 1097 2178 emancipato
1126 2115 1217 2180 prae-

102 2223 237 2294 mortuo,
274 2217 321 2289 is,
358 2237 450 2299 quern
484 2215 537 2284 ille
569 2219 786 2299 adoptauerit,
821 2215 907 2284 nullo
939 2220 1007 2282 iure
1041 2218 1115 2282 mihi
1147 2235 1216 2282 suo·
1236 2235 1268 2288 lo

102 2335 200 2414 cedet,
235 2353 305 2401 com
337 2335 452 2400 nullam
481 2338 674 2418 cognationis
701 2339 835 2418 speciem
866 2356 986 2402 mecum
1013 2335 1216 2416 praescierat.

102 2473 153 2519 nec
173 2463 295 2539 tantum
318 2455 494 2521 huiusmodi
516 2475 667 2539 personae
689 2457 757 2522 iure
784 2445 867 2521 ciuili
895 2455 970 2520 mihi
993 2454 1124 2520 heredes
1147 2474 1216 2521 esse

70 2588 158 2638 onon
184 2582 327 2656 possunt,
361 2583 410 2640 set
438 2595 496 2641 nec
523 2576 675 2641 bonorum
708 2578 934 2658 possessiouem
969 2585 1091 2657 petere,
1124 2575 1216 2655 quasi

103 2699 226 2776 cognati.
268 2697 346 2762 haec
368 2697 407 2762 de
428 2699 495 2761 suis
517 2696 694 2762 heredibus.

117 2877 119 2884 .
181 2817 210 2881 9.
240 2817 437 2899 Emancipati
459 2825 564 2883 autem
587 2816 696 2896 liberi,
724 2826 761 2883 ut
788 2815 839 2882 uel
866 2817 898 2882 in
925 2816 1064 2882 secunda
1090 2815 1216 2879 institu-
1232 2821 1267 2873 ao

104 2934 182 3000 tione
209 2937 359 3012 diximtm,
386 2937 457 3004 inre
485 2941 609 3020 quidem
638 2937 722 3003 ciuili
753 2937 828 3001 nibil
857 2935 935 3001 iuris
964 2935 1118 3001 aduersus
1141 2950 1215 2999 suos

105 3053 390 3138 habentparentes3
413 3057 617 3140 nequeenim
641 3057 688 3121 sui
710 3055 842 3121 heredes
871 3053 941 3120 fieri
969 3063 1115 3136 possunt,
1145 3070 1214 3116 cum

107 3175 133 3238 in
157 3176 291 3257 parentis
318 3183 474 3259 potestate
502 3195 571 3242 esse
599 3177 768 3254 desierint,
803 3193 903 3256 neque
930 3183 965 3238 ut
994 3175 1117 3255 cognati
1145 3170 1214 3251 lege

106 3289 162 3356 XII
182 3296 355 3361 tabularum
378 3305 532 3361 uocantur
554 3303 683 3377 propter
709 3313 802 3377 quam
825 3294 909 3376 passi
932 3303 1006 3358 sunt
1028 3289 1139 3373 capitis
1162 3290 1214 3354 de-

107 3415 303 3482 minutionem.
349 3425 476 3500 praetor
502 3434 578 3482 uero
607 3415 742 3481 naturali
769 3418 929 3499 aequitate
958 3421 1060 3478 motus
1091 3411 1146 3476 dat
1167 3411 1214 3476 eis
