2876 4712
488 351 721 417 -298-

67 547 148 616 retur,
169 537 218 602 uei
242 538 270 602 si
288 537 356 619 ipse
377 537 543 604 institutus
565 545 663 618 esset,
690 537 798 606 liberis
828 540 1016 606 deberentur
1044 538 1171 622 legata}

66 629 224 740 multosque
238 658 316 724 alios
332 675 424 724 casus
440 659 581 740 praefata
596 660 800 741 congregauit
813 659 995 726 constitutio
1009 657 1050 724 ad
1066 659 1171 724 huius·

65 775 133 842 modi
153 779 231 844 iuris
260 779 494 859 dispositionem
523 781 724 857 necessarios,
775 779 868 845 iussit
897 779 978 844 enim
1006 783 1170 861 patronum

66 907 91 962 et
109 905 267 980 patronam
290 898 467 982 liberosque
489 917 595 965 eorum
618 918 675 965 nec
697 917 759 965 non
783 897 837 979 qui
860 917 898 965 ex
925 907 1107 964 transuerso
1129 898 1169 962 la·

64 1025 119 1082 tere
139 1016 270 1082 ueniunt
292 1035 391 1100 usque
413 1017 453 1084 ad
473 1017 616 1097 quintum
638 1018 769 1100 gradum
791 1019 831 1082 ad
847 1016 1030 1084 libertorum
1046 1033 1168 1083 succes·
1206 1051 1223 1101 5

63 1139 165 1202 sionem
189 1135 364 1218 peruenire.
408 1138 434 1202 si
458 1155 531 1219 ergo
554 1138 695 1204 eiusdem
717 1137 841 1219 patroni
869 1137 920 1204 uel
948 1135 1090 1204 eiusdem
1116 1151 1170 1216 pa·

63 1267 157 1322 bonae
182 1255 232 1323 uel
254 1256 387 1322 duorum
410 1265 612 1339 patronorum
638 1257 688 1322 uel
717 1256 849 1322 duarum
878 1263 1081 1338 maenarum
1104 1253 1172 1335 piu·

63 1378 169 1442 riuuue
198 1375 289 1442 liberi
317 1381 440 1454 extent,
467 1376 636 1457 proximior
664 1375 765 1456 gradu
797 1375 836 1440 ad
865 1373 970 1441 liberti
999 1373 1170 1440 libertaeue

63 1496 130 1561 bona
151 1497 325 1562 uocabitur.
371 1502 405 1560 ut
428 1513 508 1573 ecce,
531 1501 673 1561 mortuns
695 1501 743 1560 est
770 1494 902 1559 libertus
929 1494 1082 1559 libertaue
1104 1491 1171 1558 sine

62 1614 154 1681 liberis
175 1634 212 1680 ac
235 1617 303 1681 sine
325 1623 522 1692 testamento,
545 1622 676 1696 patrono
698 1621 869 1693 patronaue
891 1631 953 1678 non
975 1611 1169 1677 extantibus:
1189 1631 1221 1684 ιο

64 1737 199 1801 extabant
221 1745 326 1800 autem
349 1735 449 1812 liberi,
473 1753 570 1818 nepos
592 1733 673 1800 forte
694 1751 732 1799 ac
760 1749 930 1814 pronepos3
960 1749 1055 1814 nepos
1078 1748 1169 1796 uoca-

62 1855 145 1922 bitm.
166 1863 261 1937 atque
283 1855 315 1920 in
338 1855 441 1936 capita
461 1872 522 1919 non
545 1871 621 1919 uero
642 1851 675 1917 in
698 1850 813 1933 stirpes
829 1850 988 1917 diuidetur
1001 1851 1168 1917 hereditas.

61 1985 92 2039 ut
111 1995 186 2050 ecce,
211 1977 303 2040 unius
325 1974 448 2057 patroni
471 1975 532 2039 duo
555 1979 646 2038 erant
666 1969 737 2052 filii,
759 1969 889 2036 alterius
912 1978 992 2036 tres:
1020 1970 1052 2036 in
1082 1970 1169 2052 quin·

62 2111 113 2173 que
134 2103 237 2177 partes
260 2094 418 2160 diuidetur
440 2093 606 2159 hereditas.
652 2093 734 2156 idem
757 2090 851 2160 etiam
881 2089 913 2155 iu
936 2090 1094 2171 cognatio,
1116 2089 1167 2168 qui

62 2212 188 2279 alatere
211 2213 351 2290 ueniunt,
374 2210 499 2295 patroni
522 2217 712 2293 patronaeua
734 2208 903 2293 optinebit,
933 2211 977 2274 ita
1007 2213 1042 2275 ut
1070 2208 1220 2291 proxi-1⁶

62 2333 132 2398 unior
161 2334 264 2414 potior
292 2331 447 2397 habeatur
474 2339 570 2412 atque
601 2331 632 2395 in
666 2330 770 2411 capita
802 2330 961 2395 diuidatur
993 2327 1167 2395 hereditas:

61 2469 147 2531 paene
169 2456 250 2518 anim
279 2452 481 2519 consonantia
508 2451 710 2533 ingenuitatis
738 2455 771 2518 et
798 2449 1011 2516 libertinitatis
1038 2450 1109 2516 iura
1135 2447 1167 2512 in

62 2572 299 2639 successionibus
331 2572 471 2655 praefata
504 2572 686 2638 constitutio
726 2588 795 2636 esso
832 2568 934 2636 iussit
994 2587 1165 2653 spaerae«

61 2697 153 2756 autem
182 2698 350 2775 propteroa
377 2691 456 2772 dixi,
484 2693 567 2775 quod
598 2693 629 2757 in
656 2689 801 2773 ingenuis
834 2691 927 2757 etiam
958 2689 1041 2756 ultra
1071 2667 1167 2754 vini.
1238 2745 1240 2750 .

60 2812 179 2892 gradun
201 2815 406 2880 successionis
428 2814 497 2878 iuna
519 2813 738 2889 extenduntur,
762 2813 793 2876 in
808 2810 962 2876 libertinis
978 2827 1053 2874 uero
1068 2827 1167 2892 usque
1185 2815 1219 2868 ao

25 2931 98 3000 aad
119 2933 209 2997 Vum.
237 2933 370 3014 gradum
399 2939 601 3011 cognatorum
630 2929 753 3013 patroni
783 2940 816 2996 et
843 2938 1003 3011 patronae.
1047 2929 1078 2990 4.
1112 2925 1167 2994 Set

60 3048 127 3117 baec
147 3054 184 3118 de
205 3053 253 3118 bis
276 3050 429 3118 libertinis
452 3051 543 3117 bodie
566 3059 737 3116 tractamus
758 3049 813 3130 qui
834 3049 865 3113 in
889 3047 1046 3114 ciuitatem
1067 3064 1165 3112 roma·

61 3189 124 3236 narn
144 3181 368 3254 peruenerunt:
392 3192 452 3239 non
476 3173 556 3238 enim
580 3171 633 3236 alii
655 3169 758 3236 liberti
780 3177 863 3235 aunt
908 3167 990 3234 nosti
1019 3167 1099 3232 enim
1129 3183 1166 3230 ex

61 3293 150 3371 priua
169 3291 370 3359 Institutione
396 3291 611 3358 dediticiorum
637 3308 673 3356 ac
704 3289 871 3356 latinorum
901 3289 971 3352 iura
997 3303 1066 3351 esse
1094 3283 1166 3349 sub·

62 3408 132 3475 lata:
153 3431 220 3478 cnm
244 3429 321 3478 nero
343 3410 432 3476 latini
455 3412 485 3476 in
508 3411 636 3477 ciuitate
663 3415 769 3488 erant,
797 3406 883 3473 nulla
910 3407 1035 3489 penitus
1057 3381 1165 3468 eorum
1183 3419 1216 3472 ao
