2932 4704
544 337 756 404 -92-

105 522 208 602 lldies,
227 529 299 606 post
312 525 485 591 aduentum
500 531 605 591 autem
627 524 693 591 Xb
716 527 827 593 aberat
841 523 935 606 00ος
957 525 1085 594 babebit
1099 527 1132 592 in
1149 527 1210 596 iter

105 643 212 726 quidem
226 643 296 722 XV,
318 652 391 726 post
405 645 577 713 aduentum
600 649 705 710 antem
728 644 866 730 reliquos
887 643 1018 714 XXXV.
1040 646 1209 714 sinautem

107 761 227 829 abluerit
249 761 354 829 0000
376 763 531 843 millibus,
559 765 689 832 habebit
715 768 746 832 in
774 765 858 831 inter
886 763 1013 848 quidem
1043 765 1103 832 xx
1131 764 1210 845 dies,

103 883 204 950 uiciens
225 882 309 951 enim
330 884 443 952 uicena
459 883 563 953 0000
586 885 740 954 alliciunt:
763 904 834 952 cnm
855 893 960 953 autem
975 886 1100 953 uenerit
1121 886 1210 954 XXX

101 1003 157 1068 dies
177 1000 313 1086 reliquos
335 1004 472 1070 babebit.
517 1003 544 1069 si
567 1001 596 1068 D
618 1003 744 1071 milibus
764 1002 911 1085 abfuerit,
932 1003 1062 1072 habebit
1083 1006 1209 1089 quidem
1243 1013 1260 1065 n

101 1123 291 1188 iurationem
313 1122 435 1189 itineris
456 1120 546 1190 XXV
568 1125 636 1192 dies
665 1131 760 1206 atauo
789 1125 878 1192 XXX
905 1130 1070 1210 postquam
1099 1143 1210 1207 perus·

101 1240 178 1308 uerit
220 1241 348 1310 siuero
371 1243 404 1308 ll
426 1241 565 1309 millibus
588 1242 735 1324 abfuerit,
758 1243 784 1309 L
806 1243 874 1310 dies
900 1245 941 1310 ad
963 1243 1024 1312 iter
1046 1243 1208 1312 conficien-

99 1364 161 1430 dum
186 1365 327 1440 habebit,
354 1370 450 1447 atque
477 1363 567 1429 XXX
595 1365 734 1445 integros
762 1369 928 1446 postquam
958 1366 1131 1432 aduenerit.
1177 1372 1209 1433 et

98 1481 157 1548 ideo
175 1481 338 1548 interdum
360 1483 467 1565 pluras
495 1500 588 1566 qnam
619 1479 645 1545 L
675 1481 742 1549 dies
769 1482 912 1562 babebit;
940 1483 1105 1565 pauciores
1133 1503 1209 1552 nero

100 1618 256 1682 nunqnam,
280 1601 373 1668 sicuti
395 1600 576 1684 singillatim
599 1620 680 1685 quae
707 1601 908 1684 exposuimus
937 1601 1080 1686 exempla
1105 1611 1209 1669 osten·
1228 1614 1261 1665 10

61 1719 176 1786 ludunt
221 1721 271 1784 17.
307 1721 407 1786 Datus
429 1719 560 1803 quidam
583 1728 671 1788 tutor
692 1738 762 1788 cum
784 1721 847 1800 sit,
881 1719 923 1786 ad
946 1722 1127 1787 uniuersum
1150 1740 1208 1806 pn·

98 1839 154 1918 pilli
173 1841 397 1924 patrimonium
420 1841 513 1907 datus
536 1858 605 1908 esse
633 1840 833 1923 intellegitur.
885 1860 947 1907 non
975 1842 1057 1908 enim
1088 1848 1136 1908 est
1163 1841 1209 1908 di·

97 1958 215 2024 cendum
237 1960 271 2025 in
294 1960 483 2043 quibusdam
505 1977 576 2024 oum
599 1977 669 2025 esse
689 1962 842 2038 tutorem,
865 1958 990 2026 inullis
1018 1965 1123 2025 antem
1146 1979 1207 2028 non

57 2079 87 2130 18·
96 2096 164 2146 mae.
202 2079 253 2144 18.
277 2078 311 2146 Si
333 2097 404 2146 cum
428 2077 538 2162 pupilli
561 2077 692 2145 tutelam
713 2077 891 2176 gessissem,
914 2079 1005 2160 isque
1025 2079 1125 2161 pubes
1146 2079 1207 2145 lac·

97 2203 140 2260 tus
160 2205 255 2274 esset,
286 2199 315 2264 ei
344 2203 470 2264 curator
494 2195 672 2264 nominatus
693 2197 822 2276 merim,
851 2215 912 2263 non
943 2197 1112 2280 compellar
1140 2200 1208 2266 cius
1228 2215 1259 2266 15

95 2323 209 2382 curator
230 2316 310 2384 fieri.
355 2317 464 2400 itaque
485 2319 512 2382 si
535 2322 625 2400 pater
647 2321 835 2384 testamemn
858 2337 908 2382 me
929 2315 994 2383 filio
1023 2336 1081 2383 sno
1109 2317 1208 2400 impu·

93 2435 151 2501 beri
178 2443 315 2503 tutorem
342 2437 479 2516 dederit,
508 2435 726 2519 addideritque
748 2454 799 2502 mc
827 2437 856 2502 ei
878 2453 1003 2519 quoquc
1031 2443 1207 2504 curatorem

92 2553 171 2634 lore,
216 2576 282 2622 non
322 2557 489 2638 compellar
529 2557 648 2622 inuitus
689 2557 756 2624 eius
798 2573 905 2622 curam
949 2557 1132 2638 suscipere;
1175 2556 1208 2621 id

51 2683 83 2733 19.
91 2673 163 2737 enim
185 2645 263 2740 diui¹
276 2672 413 2741 Senerm
442 2680 475 2742 et
503 2675 679 2742 Antoninus
706 2673 945 2758 rescripserunt
992 2675 1041 2740 19.
1075 2673 1108 2741 Si
1136 2674 1208 2756 quis

91 2793 171 2859 uxori
193 2812 271 2862 snae
293 2800 420 2862 curator
441 2794 536 2860 datus
556 2793 662 2872 inerit,
689 2811 841 2860 excusam
870 2811 905 2859 sa
930 2795 1055 2877 poterit,
1078 2794 1152 2861 licet
1173 2813 1209 2860 se
1225 2823 1260 2875 ω

48 2903 349 2980 ²⁰·coministracioni
377 2913 592 2980 immiscuerit
643 2914 694 2977 20.
728 2911 762 2978 Si
795 2912 866 2996 quis
899 2931 969 2978 cum
1002 2918 1090 2978 tutor
1122 2915 1208 2980 esset

88 3039 223 3112 uocatus,
245 3034 334 3100 falsis
355 3033 596 3116 allegationibus
618 3051 695 3100 usus
717 3034 947 3100 excusationem
963 3033 1122 3110 meruerit,
1146 3051 1207 3098 non

91 3149 154 3217 ideo
175 3171 274 3220 onere
294 3151 414 3219 tutelae
435 3152 632 3230 liberabitur,
653 3158 703 3219 set
723 3149 751 3218 si
774 3151 850 3232 qnid
865 3151 1055 3217 incommodi
1070 3150 1207 3234 pupillus

91 3287 196 3349 passus
219 3271 327 3352 fuerit,
350 3291 387 3338 eo
408 3291 470 3340 non
493 3270 746 3350 administrante,
769 3269 802 3335 id
823 3277 987 3353 praestare
1008 3275 1147 3351 cogetur.
