2870 4716
509 431 544 442 -
590 397 736 460 322-

272 685 320 750 De
340 681 508 748 uerborum
531 681 727 763 obligatione.
773 679 896 745 Titulus
921 682 968 744 15.
1102 637 1108 648 ’

146 837 227 902 Cum
255 837 294 903 de
319 838 509 920 obligatione
536 837 704 902 dixerimus
731 855 812 920 quae
838 855 872 900 re
900 835 1110 915 contrahitur,
1140 835 1180 901 de

61 956 114 1021 illa
142 975 270 1039 quoque
298 957 462 1049 uideamus
488 976 570 1040 quae
596 956 702 1024 uerbis
730 955 935 1022 contrahitur.
985 954 1181 1022 contrabitur

62 1083 169 1141 autem
197 1076 274 1142 baec
302 1095 339 1142 ex
371 1077 616 1159 interrogatione
643 1083 675 1142 et
703 1076 886 1158 congruenti
912 1093 1078 1158 responsu,
1110 1095 1180 1141 cum

63 1195 139 1278 quid
162 1195 229 1260 lieri
244 1195 312 1260 dari
327 1196 524 1278 stipulamur.
559 1196 646 1260 dari
668 1196 803 1279 quidem,
827 1196 940 1262 ueluti:
964 1195 1182 1277 spondesna

63 1315 156 1380 dare
178 1314 270 1379 mibi
293 1333 431 1380 aureos
453 1315 634 1381 centum?
660 1313 752 1379 fieri
774 1319 896 1392 autem,
919 1313 1032 1379 ueluti:
1063 1319 1214 1396 spon-5

64 1433 179 1499 dasne
202 1434 425 1501 aedificare
446 1434 544 1499 mibi
566 1434 738 1499 domum?
760 1453 797 1498 ex
819 1433 971 1499 eiusmodi
994 1433 1181 1516 obligatione

65 1553 144 1619 duae
171 1554 412 1636 proficiscuntur
438 1557 592 1635 actiones,
627 1555 822 1621 condictio
849 1560 945 1637 atque
977 1574 1021 1619 ex
1049 1555 1182 1638 stipu-

67 1674 161 1738 latu
207 1695 279 1740 nam
307 1676 336 1742 si
363 1679 483 1742 certum
505 1681 553 1742 est
582 1675 668 1759 quod
689 1676 722 1740 in
743 1675 975 1757 stipulationem
998 1679 1047 1740 est
1068 1673 1182 1740 deduc·

69 1799 148 1870 tum,
182 1793 386 1860 condictio
420 1795 582 1876 competit:
616 1794 679 1859 dixi
708 1795 805 1860 enim:
838 1792 1060 1875 spondesne
1092 1792 1183 1858 darc

67 1912 152 1976 mibi
173 1912 271 1977 bunc
292 1912 453 1978 fundum
482 1914 532 1979 uel
559 1914 657 1980 bunc
684 1913 849 1978 librum?
877 1911 910 1977 Si
933 1931 1009 1978 uero
1030 1913 1183 1978 incertum
1203 1915 1235 1965 1⁰

69 2031 107 2095 sit
132 2031 209 2114 (dixi
232 2033 329 2097 enim:
358 2033 574 2130 spondesne
601 2033 696 2098 dare
723 2032 818 2098 mibi
840 2051 937 2114 quae
962 2033 999 2096 in
1022 2051 1111 2097 area
1132 2031 1184 2096 uel

69 2151 217 2231 quaein
238 2151 381 2218 borreo
397 2153 528 2234 santi)
544 2158 619 2218 tunc
634 2152 741 2218 actio
756 2171 800 2216 ex
815 2150 1019 2233 stipulatu
1034 2152 1183 2217 nascitur.

70 2270 277 2352 stipulatio
300 2277 406 2338 autem
427 2272 473 2337 ita
494 2277 642 2350 uocatur,
671 2272 745 2354 quia
772 2270 857 2354 apud
879 2275 1003 2337 ueteres
1034 2271 1184 2353 »stipu-

37 2393 54 2442 1·
70 2391 168 2455 lum«
193 2391 356 2458 dicebatur
369 2391 502 2470 firmum,
526 2411 545 2456 a
567 2392 675 2473 stipe
696 2393 843 2456 nimirum
865 2390 1064 2458 descendens.
1102 2395 1128 2454 1.
1144 2390 1181 2456 In

70 2507 127 2574 bac
149 2510 335 2608 obligatione
357 2511 519 2594 complura
534 2511 612 2576 talia
626 2511 725 2576 uerba
746 2511 865 2576 tradita
886 2516 969 2589 sunt,
990 2508 1107 2592 quibus
1129 2509 1185 2574 sti·
1205 2514 1236 2566 ¹⁶

72 2629 240 2710 palationes
269 2630 394 2697 fierent:
431 2631 652 2714 »spondesi
681 2630 898 2712 spondeo«,
935 2629 1186 2712 »promittia‘l

72 2750 290 2830 promitto«,
329 2751 680 2834 »fideipromittisi
712 2748 1049 2832 fideipromitto«,
1082 2747 1186 2813 »lide

73 2866 287 2936 iubesllide
302 2871 462 2948 iubeo«,
479 2867 798 2946 »dabisldabo«,
819 2866 1176 2934 »facics‘ifaciam«

75 2991 106 3049 at
127 2986 176 3051 illa
196 2991 356 3072 stipulatio
389 2990 609 3072 »spondesi
640 2988 835 3071 spondeo«
868 2988 1028 3070 nequibat
1049 2988 1082 3050 in
1104 3004 1179 3068 grae
