2864 4736
543 374 786 438 -424-

104 547 189 612 enim
211 547 309 612 tilium
332 568 402 613 esse
427 549 657 632 emanoipatum
682 551 769 632 (nam
793 549 912 630 alioqui
934 549 1021 613 nulla
1042 549 1124 614 aotio
1150 569 1221 615 oon-

104 673 209 757 sistit).
256 673 283 738 si
306 673 401 756 igitur
423 673 505 738 filius
528 681 652 757 patrem
682 673 735 738 uel
759 673 890 738 libertus
918 679 1098 756 patronum,
1127 675 1222 738 uenia

103 818 167 862 uon
197 794 374 881 impetrata,
408 797 440 862 in
467 797 616 864 iudicium
648 797 823 880 monuerit,
856 798 893 862 in
924 797 1063 862 fastum
1097 799 1221 863 notione

29 927 230 986 lustenam
253 929 284 986 et
307 922 338 986 in
362 928 480 1004 certam
503 923 658 1006 pecuniae
687 942 841 986 summam
870 922 1047 986 damnatur.
1096 921 1163 988 121³.
1188 922 1222 986 Si

103 1065 198 1127 quem
220 1066 308 1112 reum
331 1047 363 1111 in
386 1047 436 1112 ius
463 1047 645 1112 noeanerim
674 1046 745 1128 quis
768 1047 801 1111 ui
829 1046 979 1110 exemerit
1003 1046 1119 1116 ¹dolone
1147 1046 1223 1110 feeit
1259 1061 1274 1111 5

102 1171 271 1252 quominus
293 1171 426 1252 ueniret,
450 1171 482 1236 in
505 1172 623 1236 laetum
652 1171 777 1236 aetione
793 1171 1064 1236 condemnabitur:
1089 1177 1121 1235 et
1143 1171 1222 1235 tanti

101 1296 135 1361 in
161 1315 231 1360 eum
254 1296 446 1376 intendetur,
475 1297 584 1376 quanti
611 1315 671 1379 ego
696 1315 841 1376 cuneo,
870 1315 963 1377 quem
991 1296 1024 1358 in
1051 1295 1100 1360 ius
1128 1315 1222 1360 noua·

101 1440 229 1502 ueram,
260 1427 387 1485 aeturus
415 1441 510 1485 eram.
557 1427 628 1485 sunt
651 1427 683 1485 et
706 1420 790 1485 aliae
813 1419 1056 1485 innumerabiles
1081 1420 1221 1485 notiones

50 1545 141 1608 lein
161 1545 302 1610 fastum
320 1545 512 1629 poenales.
540 1548 588 1612 13.
606 1545 685 1610 Sunt
700 1551 732 1610 et
749 1544 1054 1629 praeiudiciales
1070 1544 1220 1626 actiones,

101 1669 243 1750 quaein
264 1669 362 1734 uariis
387 1669 513 1734 nasibus
537 1669 678 1734 exerceri
701 1676 841 1753 possunt.
873 1667 1150 1752 praeiudicium
1174 1676 1222 1734 est
1242 1682 1275 1733 10

99 1793 254 1875 formula,
290 1813 371 1875 quae
403 1793 577 1858 intentione
611 1800 732 1858 tantum
768 1798 905 1875 sonatan
940 1814 1042 1875 neque
1078 1793 1222 1858 condem-

98 1918 263 1983 nationem
287 1919 433 1983 oontiuet.
478 1918 516 1983 in
538 1938 614 1982 rem
641 1925 747 1982 autem
774 1918 834 1982 hoo
862 1918 1011 1984 iudicium
1034 1924 1095 1999 ost,
1124 1919 1222 1982 ueluti

98 2044 133 2106 in
150 2043 212 2107 hae
228 2043 343 2126 speeie.
374 2042 619 2108 controuersiam
636 2042 764 2124 quidam
780 2042 906 2108 domino
922 2042 1071 2123 seniebat,
1096 2050 1222 2107 eonten-

99 2168 182 2232 dens
206 2186 277 2232 sese
301 2168 368 2232 eius
393 2187 517 2232 sernum
540 2188 604 2232 non
621 2187 702 2250 esse,
726 2168 778 2232 uel
801 2167 932 2232 libertus
949 2186 1036 2231 meus
1052 2169 1222 2249 ingenuum

98 2313 174 2358 sese
199 2291 412 2376 profitebatur.
457 2292 490 2356 iu
514 2293 626 2374 quibus
650 2292 782 2375 singulis
806 2291 932 2357 casibus
955 2291 1223 2376 praeiudioialiter
1244 2302 1276 2354 15

97 2418 134 2481 in
162 2437 231 2481 rem
258 2415 378 2481 intendi
406 2423 522 2500 potest:
557 2422 661 2500 potest
695 2417 778 2480 enim
812 2416 850 2498 is,
887 2416 941 2497 qui
969 2416 1010 2479 ad
1043 2415 1222 2480 libertatern

97 2542 295 2626 proclamat,
319 2542 364 2606 ita
393 2541 570 2606 intendere:
600 2561 665 2605 »an
687 2547 823 2625 pareat
845 2561 900 2606 me
923 2540 1083 2606 liberum
1108 2560 1221 2622 esse«,

96 2686 207 2747 neque
236 2666 345 2731 adicit:
371 2666 502 2731 »iudex
530 2665 762 2731 condemnas
809 2664 962 2730 eiusmodi
990 2671 1039 2730 est
1064 2665 1222 2749 praeiudi-

58 2774 62 2789 '
94 2791 196 2856 aialis
218 2790 251 2854 iu
278 2811 345 2855 rem
374 2791 456 2855 nobo
480 2791 519 2856 de
547 2796 642 2874 partu
669 2791 878 2872 agnosaendo.
924 2796 958 2854 ut
988 2808 1062 2854 ease
1092 2808 1222 2854 uxorem

96 2916 291 2996 habueram,
321 2935 402 2997 quae
430 2935 588 2999 praegnas
617 2934 655 2979 ex
678 2934 728 2979 me
755 2915 842 2980 faeta
865 2919 927 2997 est;
956 2914 1128 2980 dissolutae
1152 2920 1223 2978 sunt
1241 2923 1277 2974 20

95 3040 234 3124 nuptiae
258 3039 391 3105 diuortio
411 3046 442 3106 et
465 3046 537 3105 tuno
560 3047 653 3105 uatus
677 3046 726 3104 est
741 3059 827 3124 puer.
862 3060 933 3105 eum
957 3041 1043 3105 alere
1059 3038 1221 3118 nolebam;

95 3171 209 3248 potest
233 3183 272 3228 ea
295 3185 416 3229 meeum
440 3184 546 3248 agere,
570 3171 605 3229 ut
628 3185 678 3229 me
702 3171 797 3248 nogat
820 3184 891 3229 eum
911 3184 1041 3248 puerum
1066 3165 1167 3228 alere:
1192 3169 1224 3228 et

94 3310 152 3356 me
179 3308 293 3372 eogere
321 3289 450 3372 poterit,
479 3309 548 3354 oum
577 3289 748 3355 ostenderit
776 3309 846 3354 sese
871 3309 911 3354 ex
933 3309 983 3354 me
1010 3289 1127 3353 saetam
1151 3307 1221 3353 esse

157 4236 254 4287 Thespia
271 4235 541 4278 ussermannus.
