2870 4716
516 386 757 451 -352—

79 564 111 622 et
133 558 315 624 uenditioue
331 559 416 624 dicta
435 560 655 644 intellegimus,
681 581 762 642 quae
779 562 846 626 siue
863 563 1017 646 scriptura
1034 565 1189 646 consistit,

77 682 156 747 nihil
180 683 263 748 euim
287 683 318 748 iu
341 683 518 750 huiusmodi
545 685 778 750 uenditiouibus
806 687 952 772 princeps
976 695 1081 753 noster
1104 687 1189 754 inno·

76 807 173 871 uauit.
206 809 301 873 inea
324 828 414 890 uero,
439 828 520 889 quae
544 809 699 894 scriptura
722 810 897 892 conficitur,
921 832 983 876 uon
1005 812 1099 876 aliter
1121 831 1190 895 per-

75 931 192 996 fectam
217 952 286 998 esse
310 933 499 1016 emptionem
522 933 796 1015 uenditionemque
820 935 1045 1018 intellegimus,
1073 936 1135 1001 uisi
1158 945 1189 1000 et

74 1056 283 1122 instrumenta
312 1057 478 1141 emptionis
508 1058 688 1141 conscripta
716 1059 831 1124 luerint
858 1059 910 1124 uel
938 1080 1032 1124 manu
1061 1060 1188 1144 propria
1226 1075 1241 1126 5

72 1305 207 1389 scripta:
237 1305 321 1388 quod
344 1305 372 1370 si
394 1325 452 1389 per
473 1307 677 1372 tabellionem
699 1306 789 1388 fiant,
814 1307 875 1372 nisi
897 1313 929 1372 et
951 1309 1186 1390 completiones,

72 1429 286 1511 praecedente
310 1431 548 1515 subscriptione,
572 1433 803 1514 subsequantur
826 1439 857 1497 et
885 1431 1090 1497 absoluantur
1117 1455 1187 1517 par-

69 1553 156 1618 tibus
173 1553 391 1620 instrumenta.
427 1556 527 1622 donec
551 1557 632 1622 enim
650 1557 770 1638 aliquid
786 1578 826 1622 ex
850 1557 897 1622 his
914 1557 1012 1640 deest,
1034 1565 1065 1623 et
1081 1559 1187 1642 poeni-

70 1679 193 1744 tentiae
216 1680 304 1744 locus
328 1687 376 1746 est
399 1688 430 1745 et
453 1687 558 1765 potest
586 1688 707 1766 emptor
734 1702 790 1747 seu
817 1682 962 1747 uenditor
989 1683 1056 1747 sine
1084 1697 1240 1767 poenulo

70 1803 438 1886 recedereacoutractu,
462 1805 508 1870 ita
529 1811 644 1888 tamen,
668 1805 730 1872 nisi
752 1807 815 1871 iam
831 1807 943 1872 arrhae
959 1807 1083 1872 nomine
1106 1808 1186 1872 iorte

70 1927 196 2008 aliquid
226 1928 332 1992 datum
359 1929 466 1993 fuerit:
496 1929 610 1995 etenim
633 1930 692 1995 hoc
717 1931 896 2012 subsecuto,
920 1931 987 1996 siue
1011 1931 1186 2015 inscriptis

70 2052 139 2117 siue
164 2052 235 2117 sine
251 2053 375 2136 scriptis
390 2053 529 2119 uenditio
544 2054 631 2119 facta
646 2061 703 2136 cst,
727 2055 754 2119 is
771 2055 825 2136 qui
840 2077 860 2120 a
876 2061 1038 2121 contractu
1056 2056 1184 2137 recedit,

73 1181 249 1246 uenditoris
272 1181 324 1246 uel
347 1183 387 1246 ab
404 1181 467 1246 alio
484 1182 609 1262 quidem
625 1183 752 1267 scripte,
777 1183 974 1248 aueuditore
991 1189 1094 1248 numm
1118 1185 1189 1248 sub·

1426 2305 1427 2358 l

68 2176 97 2240 si
114 2176 243 2257 quidem
261 2185 383 2261 emptor
398 2184 455 2260 est,
480 2179 606 2243 arrham
621 2179 733 2263 perdit,
751 2178 779 2275 si
793 2198 869 2244 uero
886 2180 1039 2261 uenditor,
1057 2179 1183 2263 duplum

69 2301 240 2366 restituere
270 2301 482 2386 compellitur,
511 2302 539 2367 h.
564 2303 646 2368 eid
674 2303 757 2384 quod
785 2303 891 2369 datum
919 2310 966 2370 est
993 2311 1024 2368 et
1052 2303 1183 2368 altemm
1206 2317 1237 2370 15

69 2433 205 2508 tantum,
221 2425 296 2490 licet
310 2425 387 2490 nihil
402 2426 580 2492 huiusmodi
594 2427 627 2492 in
643 2427 869 2493 constituendis
886 2427 985 2493 arrhis
1002 2448 1184 2511 expressum

37 2551 119 2616 l-sit
172 2554 200 2618 1.
222 2551 361 2616 Pretium
389 2558 493 2616 cutem
517 2553 641 2619 omuino
666 2553 811 2618 constitui
836 2559 973 2637 oportet,
1001 2572 1074 2618 uam
1097 2553 1184 2617 nulla
1427 2523 1428 2610 i

69 2675 200 2740 omnino
224 2675 340 2758 emptio
365 2693 435 2740 esse
459 2682 564 2759 potest
585 2676 686 2760 pretio
709 2696 772 2740 non
792 2677 968 2742 constituto.
992 2683 1040 2742 set
1063 2682 1095 2742 et
1117 2696 1183 2742 cer-

66 2807 135 2864 tum
159 2800 294 2883 pretium
317 2819 388 2866 esse
412 2800 514 2866 debet.
560 2801 698 2881 alioquin
726 2801 754 2866 si
780 2800 862 2866 inter
888 2801 1011 2884 aliquos
1038 2801 1084 2866 ita
1111 2821 1183 2866 con·
1266 2784 1271 2796 ⁶

67 2923 203 3006 uenerit,
225 2931 260 2988 ut
282 2924 391 3006 quanti
409 2925 512 2990 Titius
528 2924 609 2989 hunc
632 2924 761 2989 fundum
784 2925 1011 3006 aestimauerit,
1036 2925 1115 2990 tanti
1143 2926 1183 2991 sit
1202 2939 1236 2990 20

66 3056 209 3132 emptus,
234 3048 316 3113 inter
338 3056 462 3116 ueteres
485 3069 602 3132 magna
629 3056 698 3114 erat
725 3049 951 3130 controuersia,
980 3057 1082 3114 utrum
1111 3070 1182 3115 con-

66 3179 170 3238 staret
194 3172 349 3238 eiusmodi
371 3173 509 3238 uenditio
533 3193 574 3238 au
597 3173 715 3238 inutilis
744 3181 837 3238 esset.
875 3180 924 3238 set
950 3173 1105 3260 processit
1127 3174 1182 3238 im·

66 3297 228 3379 peratoris
250 3298 349 3364 nostri
373 3298 501 3380 decisio,
526 3318 607 3380 quae
631 3299 676 3363 ita
697 3298 757 3364 hoc
780 3298 953 3380 coustituit,
981 3305 1015 3364 ut
1038 3299 1182 3382 quotiens

67 3421 115 3486 sic
144 3421 319 3506 composita
347 3422 387 3489 sit
415 3421 567 3487 uenditio:
597 3422 661 3488 »sit
687 3422 757 3488 tihi
785 3423 843 3488 hic
863 3403 1009 3487 ‘fundus
1037 3429 1181 3505 emptus

69 3547 205 3626 quanti
243 3544 311 3610 ille
349 3565 429 3610 eum
467 3545 763 3628 cestimauerite,
802 3547 860 3610 sub
898 3545 958 3610 hac
997 3545 1233 3610 condicionem

68 3677 168 3736 staret
190 3675 383 3751 contractus,
406 3677 452 3754 ut,
476 3671 503 3736 si
526 3669 651 3753 quidem
674 3671 742 3754 ipse
765 3670 819 3752 qui
841 3669 1018 3735 nominatus
1042 3678 1104 3752 est,
1128 3689 1180 3734 ue·

67 3794 127 3859 luti
148 3795 259 3876 Titius,
282 3794 415 3878 pretium
436 3795 600 3876 definierit,
625 3794 802 3860 omnimodo
818 3793 987 3859 secundum
1004 3793 1071 3859 eius
1088 3795 1180 3860 aesti-
