<?xml version="1.0" encoding="UTF-8"?>
<!DOCTYPE html PUBLIC "-//W3C//DTD XHTML 1.0 Transitional//EN"
    "http://www.w3.org/TR/xhtml1/DTD/xhtml1-transitional.dtd">
<html xmlns="http://www.w3.org/1999/xhtml" xml:lang="en" lang="en">
 <head>
  <title>
</title>
<meta http-equiv="Content-Type" content="text/html;charset=utf-8" />
  <meta name='ocr-system' content='tesseract 3.04.00' />
  <meta name='ocr-capabilities' content='ocr_page ocr_carea ocr_par ocr_line ocrx_word'/>
</head>
<body>
  <div class='ocr_page' id='page_1' title='image "./institutionumgr02linggoog_0817.png"; bbox 0 0 2884 4728; ppageno 0'>
   <div class='ocr_carea' id='block_1_1' title="bbox 637 329 877 394">
    <p class='ocr_par' dir='ltr' id='par_1_1' title="bbox 637 329 877 394">
     <span class='ocr_line' id='line_1_1' title="bbox 637 329 877 394; baseline 0 -1"><span class='ocrx_word' id='word_1_1' title='bbox 637 329 877 394; x_wconf 83' lang='lat'><strong>-392-</strong></span> 
     </span>
    </p>
   </div>
   <div class='ocr_carea' id='block_1_2' title="bbox 146 497 1441 3575">
    <p class='ocr_par' dir='ltr' id='par_1_2' title="bbox 146 497 1441 3575">
     <span class='ocr_line' id='line_1_2' title="bbox 199 497 1321 590; baseline 0.001 -24"><span class='ocrx_word' id='word_1_2' title='bbox 199 501 339 586; x_wconf 71' lang='grc' dir='ltr'><strong><em>λέγομεν</em></strong></span> <span class='ocrx_word' id='word_1_3' title='bbox 361 505 422 567; x_wconf 80' lang='grc' dir='ltr'><strong><em>εἴτε</em></strong></span> <span class='ocrx_word' id='word_1_4' title='bbox 444 505 489 577; x_wconf 86' lang='grc' dir='ltr'><strong><em>είς</em></strong></span> <span class='ocrx_word' id='word_1_5' title='bbox 511 502 606 590; x_wconf 85' lang='grc' dir='ltr'><strong><em>μέρος</em></strong></span> <span class='ocrx_word' id='word_1_6' title='bbox 628 506 691 568; x_wconf 81' lang='grc' dir='ltr'><strong><em>εἴτε</em></strong></span> <span class='ocrx_word' id='word_1_7' title='bbox 713 506 758 579; x_wconf 86' lang='grc' dir='ltr'><strong><em>είς</em></strong></span> <span class='ocrx_word' id='word_1_8' title='bbox 784 501 962 590; x_wconf 83' lang='grc' dir='ltr'><strong><em>ὁλόκληρον</em></strong></span> <span class='ocrx_word' id='word_1_9' title='bbox 988 500 1116 588; x_wconf 80' lang='grc' dir='ltr'><strong><em>ἄπορος</em></strong></span> <span class='ocrx_word' id='word_1_10' title='bbox 1138 501 1158 568; x_wconf 92' lang='lat'><strong><em>6</em></strong></span> <span class='ocrx_word' id='word_1_11' title='bbox 1180 497 1321 588; x_wconf 83' lang='grc' dir='ltr'><strong><em>κναφεύς</em></strong></span> 
     </span>
     <span class='ocr_line' id='line_1_3' title="bbox 204 605 1369 697; baseline -0.001 -22"><span class='ocrx_word' id='word_1_12' title='bbox 204 608 224 695; x_wconf 88' lang='grc' dir='ltr'><strong><em>ή</em></strong></span> <span class='ocrx_word' id='word_1_13' title='bbox 247 607 266 675; x_wconf 91' lang='lat'><strong><em>6</em></strong></span> <span class='ocrx_word' id='word_1_14' title='bbox 290 606 416 696; x_wconf 85' lang='grc' dir='ltr'><strong><em>ῥάπτης</em></strong></span> <span class='ocrx_word' id='word_1_15' title='bbox 439 605 593 697; x_wconf 87' lang='grc' dir='ltr'><strong><em>ύπάρχοι.</em></strong></span> <span class='ocrx_word' id='word_1_16' title='bbox 635 615 684 678; x_wconf 89' lang='grc'><strong><em>16.</em></strong></span> <span class='ocrx_word' id='word_1_17' title='bbox 710 607 760 674; x_wconf 83' lang='grc' dir='ltr'><strong><em>Τά</em></strong></span> <span class='ocrx_word' id='word_1_18' title='bbox 785 610 841 675; x_wconf 83' lang='grc' dir='ltr'><strong><em>έπί</em></strong></span> <span class='ocrx_word' id='word_1_19' title='bbox 862 605 921 676; x_wconf 82' lang='grc' dir='ltr'><strong><em>τού</em></strong></span> <span class='ocrx_word' id='word_1_20' title='bbox 944 609 1093 697; x_wconf 78' lang='grc' dir='ltr'><strong><em>κναφέως</em></strong></span> <span class='ocrx_word' id='word_1_21' title='bbox 1115 609 1170 672; x_wconf 79' lang='grc' dir='ltr'><strong><em>καλ</em></strong></span> <span class='ocrx_word' id='word_1_22' title='bbox 1193 607 1322 694; x_wconf 82' lang='grc' dir='ltr'><strong><em>ῥάπτου</em></strong></span> <span class='ocrx_word' id='word_1_23' title='bbox 1332 625 1369 676; x_wconf 74' lang='grc'><strong><em>16.</em></strong></span> 
     </span>
     <span class='ocr_line' id='line_1_4' title="bbox 203 713 1322 804; baseline 0.002 -24"><span class='ocrx_word' id='word_1_24' title='bbox 203 716 354 802; x_wconf 74' lang='grc' dir='ltr'><strong><em>εἰρημένα</em></strong></span> <span class='ocrx_word' id='word_1_25' title='bbox 376 713 513 781; x_wconf 82' lang='grc' dir='ltr'><strong><em>ἅπαντα</em></strong></span> <span class='ocrx_word' id='word_1_26' title='bbox 540 725 645 782; x_wconf 80' lang='grc' dir='ltr'><strong><em>ταῦτα</em></strong></span> <span class='ocrx_word' id='word_1_27' title='bbox 673 717 849 804; x_wconf 77' lang='grc' dir='ltr'><strong><em>μετέφερον</em></strong></span> <span class='ocrx_word' id='word_1_28' title='bbox 876 715 908 782; x_wconf 75' lang='grc' dir='ltr'><strong><em>οἱ</em></strong></span> <span class='ocrx_word' id='word_1_29' title='bbox 930 718 1067 781; x_wconf 78' lang='grc' dir='ltr'><strong><em>παλαιοί</em></strong></span> <span class='ocrx_word' id='word_1_30' title='bbox 1094 717 1149 780; x_wconf 77' lang='grc' dir='ltr'><strong><em>καί</em></strong></span> <span class='ocrx_word' id='word_1_31' title='bbox 1178 716 1235 780; x_wconf 80' lang='grc' dir='ltr'><strong><em>ἐπί</em></strong></span> <span class='ocrx_word' id='word_1_32' title='bbox 1261 723 1322 782; x_wconf 77' lang='grc' dir='ltr'><strong><em>τοῦ</em></strong></span> 
     </span>
     <span class='ocr_line' id='line_1_5' title="bbox 208 819 1318 909; baseline 0 -22"><span class='ocrx_word' id='word_1_33' title='bbox 208 822 456 909; x_wconf 63' lang='grc' dir='ltr'><strong><em>χρησαμένουῦ).</em></strong></span> <span class='ocrx_word' id='word_1_34' title='bbox 495 825 524 886; x_wconf 86' lang='grc' dir='ltr'><strong><em>εί</em></strong></span> <span class='ocrx_word' id='word_1_35' title='bbox 546 820 609 908; x_wconf 86' lang='grc' dir='ltr'><strong><em>χάρ</em></strong></span> <span class='ocrx_word' id='word_1_36' title='bbox 631 847 696 888; x_wconf 88' lang='grc' dir='ltr'><strong><em>τινι</em></strong></span> <span class='ocrx_word' id='word_1_37' title='bbox 719 821 837 909; x_wconf 80' lang='grc' dir='ltr'><strong><em>ἔχρησα</em></strong></span> <span class='ocrx_word' id='word_1_38' title='bbox 858 819 895 890; x_wconf 86' lang='grc' dir='ltr'><strong><em>τό</em></strong></span> <span class='ocrx_word' id='word_1_39' title='bbox 917 821 995 907; x_wconf 80' lang='grc' dir='ltr'><strong><em>ἐμόν</em></strong></span> <span class='ocrx_word' id='word_1_40' title='bbox 1009 819 1138 907; x_wconf 58' lang='grc' dir='ltr'><strong><em>τυχόνλ)</em></strong></span> <span class='ocrx_word' id='word_1_41' title='bbox 1162 822 1318 906; x_wconf 74' lang='grc' dir='ltr'><strong><em>βιβλίον’)</em></strong></span> 
     </span>
     <span class='ocr_line' id='line_1_6' title="bbox 166 926 1322 1016; baseline -0.003 -20"><span class='ocrx_word' id='word_1_42' title='bbox 166 929 329 1014; x_wconf 69' lang='grc' dir='ltr'><strong><em>δέκλάπη</em></strong></span> <span class='ocrx_word' id='word_1_43' title='bbox 352 928 390 992; x_wconf 80' lang='grc' dir='ltr'><strong><em>δὲ</em></strong></span> <span class='ocrx_word' id='word_1_44' title='bbox 412 937 521 1005; x_wconf 70' lang='grc' dir='ltr'><strong><em>τοῦτο,</em></strong></span> <span class='ocrx_word' id='word_1_45' title='bbox 544 926 657 1007; x_wconf 79' lang='grc' dir='ltr'><strong><em>ἐπειδή</em></strong></span> <span class='ocrx_word' id='word_1_46' title='bbox 681 930 869 995; x_wconf 77' lang='lat' dir='ltr'><strong>commodati</strong></span> <span class='ocrx_word' id='word_1_47' title='bbox 893 933 981 1011; x_wconf 75' lang='grc' dir='ltr'><strong><em>εἶχον</em></strong></span> <span class='ocrx_word' id='word_1_48' title='bbox 1004 927 1134 1016; x_wconf 80' lang='grc' dir='ltr'><strong><em>άχωχήν</em></strong></span> <span class='ocrx_word' id='word_1_49' title='bbox 1156 928 1242 994; x_wconf 86' lang='grc' dir='ltr'><strong><em>κατά</em></strong></span> <span class='ocrx_word' id='word_1_50' title='bbox 1263 939 1322 994; x_wconf 75' lang='grc' dir='ltr'><strong><em>τοῦ</em></strong></span> 
     </span>
     <span class='ocr_line' id='line_1_7' title="bbox 202 1033 1439 1122; baseline 0 -22"><span class='ocrx_word' id='word_1_51' title='bbox 202 1039 420 1120; x_wconf 72' lang='grc' dir='ltr'><strong><em>χρησαμένου,</em></strong></span> <span class='ocrx_word' id='word_1_52' title='bbox 448 1035 493 1099; x_wconf 78' lang='grc' dir='ltr'><strong><em>δι’</em></strong></span> <span class='ocrx_word' id='word_1_53' title='bbox 514 1033 549 1121; x_wconf 88' lang='grc' dir='ltr'><strong><em>ής</em></strong></span> <span class='ocrx_word' id='word_1_54' title='bbox 577 1033 711 1112; x_wconf 79' lang='grc' dir='ltr'><strong><em>έσύζετό</em></strong></span> <span class='ocrx_word' id='word_1_55' title='bbox 733 1059 790 1119; x_wconf 92' lang='grc' dir='ltr'><strong><em>μοι</em></strong></span> <span class='ocrx_word' id='word_1_56' title='bbox 812 1034 848 1101; x_wconf 87' lang='grc' dir='ltr'>τὸ</span> <span class='ocrx_word' id='word_1_57' title='bbox 879 1042 1000 1122; x_wconf 88' lang='grc' dir='ltr'><strong><em>τίμημα</em></strong></span> <span class='ocrx_word' id='word_1_58' title='bbox 1023 1045 1081 1102; x_wconf 78' lang='grc' dir='ltr'><strong><em>τοῦ</em></strong></span> <span class='ocrx_word' id='word_1_59' title='bbox 1108 1036 1321 1122; x_wconf 84' lang='grc' dir='ltr'><strong><em>χρησθέντος,</em></strong></span> <span class='ocrx_word' id='word_1_60' title='bbox 1438 1079 1439 1114; x_wconf 73' lang='lat'>3</span> 
     </span>
     <span class='ocr_line' id='line_1_8' title="bbox 204 1139 1321 1231; baseline -0.002 -23"><span class='ocrx_word' id='word_1_61' title='bbox 204 1140 262 1208; x_wconf 88' lang='grc' dir='ltr'><strong><em>ούκ</em></strong></span> <span class='ocrx_word' id='word_1_62' title='bbox 285 1142 356 1225; x_wconf 80' lang='grc' dir='ltr'><strong><em>ἐμοί</em></strong></span> <span class='ocrx_word' id='word_1_63' title='bbox 378 1139 424 1230; x_wconf 78' lang='grc' dir='ltr'><strong><em>τῷ</em></strong></span> <span class='ocrx_word' id='word_1_64' title='bbox 447 1140 589 1230; x_wconf 89' lang='grc' dir='ltr'><strong><em>δεσπότη</em></strong></span> <span class='ocrx_word' id='word_1_65' title='bbox 612 1139 697 1206; x_wconf 84' lang='grc' dir='ltr'><strong><em>άλλά</em></strong></span> <span class='ocrx_word' id='word_1_66' title='bbox 717 1151 762 1229; x_wconf 79' lang='grc' dir='ltr'><strong><em>τῷ</em></strong></span> <span class='ocrx_word' id='word_1_67' title='bbox 784 1142 973 1230; x_wconf 76' lang='grc' dir='ltr'><strong><em>χρησαμένῳ</em></strong></span> <span class='ocrx_word' id='word_1_68' title='bbox 997 1142 1015 1231; x_wconf 89' lang='grc' dir='ltr'><strong><em>ή</em></strong></span> <span class='ocrx_word' id='word_1_69' title='bbox 1037 1145 1112 1208; x_wconf 83' lang='lat' dir='ltr'><strong>furti</strong></span> <span class='ocrx_word' id='word_1_70' title='bbox 1134 1148 1321 1228; x_wconf 74' lang='grc' dir='ltr'><strong><em>παράχετο,</em></strong></span> 
     </span>
     <span class='ocr_line' id='line_1_9' title="bbox 202 1245 1321 1336; baseline 0.002 -24"><span class='ocrx_word' id='word_1_71' title='bbox 202 1247 314 1335; x_wconf 74' lang='grc' dir='ltr'><strong><em>ἐπειδή</em></strong></span> <span class='ocrx_word' id='word_1_72' title='bbox 349 1245 449 1315; x_wconf 85' lang='grc' dir='ltr'><strong><em>αύτόν</em></strong></span> <span class='ocrx_word' id='word_1_73' title='bbox 484 1246 595 1314; x_wconf 78' lang='grc' dir='ltr'><strong><em>ἐλύπει</em></strong></span> <span class='ocrx_word' id='word_1_74' title='bbox 623 1248 643 1335; x_wconf 91' lang='grc' dir='ltr'><strong><em>ή</em></strong></span> <span class='ocrx_word' id='word_1_75' title='bbox 671 1247 776 1335; x_wconf 90' lang='grc' dir='ltr'><strong><em>κλοπή</em></strong></span> <span class='ocrx_word' id='word_1_76' title='bbox 784 1251 809 1334; x_wconf 84' lang='lat'><strong><em>³)</em></strong></span> <span class='ocrx_word' id='word_1_77' title='bbox 846 1251 1042 1332; x_wconf 57' lang='grc' dir='ltr'><strong><em>συμβᾶσαλί·</em></strong></span> <span class='ocrx_word' id='word_1_78' title='bbox 1072 1249 1224 1335; x_wconf 78' lang='grc' dir='ltr'><strong><em>ἐκέρδανε</em></strong></span> <span class='ocrx_word' id='word_1_79' title='bbox 1257 1245 1321 1336; x_wconf 82' lang='grc' dir='ltr'><strong><em>γάρ</em></strong></span> 
     </span>
     <span class='ocr_line' id='line_1_10' title="bbox 204 1353 1321 1443; baseline -0.001 -22"><span class='ocrx_word' id='word_1_80' title='bbox 204 1355 388 1439; x_wconf 84' lang='grc' dir='ltr'><strong><em>σωζομένου</em></strong></span> <span class='ocrx_word' id='word_1_81' title='bbox 410 1363 469 1421; x_wconf 80' lang='grc' dir='ltr'><strong><em>τοῦ</em></strong></span> <span class='ocrx_word' id='word_1_82' title='bbox 496 1353 700 1441; x_wconf 71' lang='grc' dir='ltr'><strong><em>πράγματος.</em></strong></span> <span class='ocrx_word' id='word_1_83' title='bbox 747 1353 785 1433; x_wconf 79' lang='grc' dir='ltr'><strong><em>τό</em></strong></span> <span class='ocrx_word' id='word_1_84' title='bbox 808 1355 846 1421; x_wconf 78' lang='grc' dir='ltr'><strong><em>δέ</em></strong></span> <span class='ocrx_word' id='word_1_85' title='bbox 874 1355 986 1443; x_wconf 84' lang='grc' dir='ltr'><strong><em>κέρδος</em></strong></span> <span class='ocrx_word' id='word_1_86' title='bbox 1014 1355 1054 1441; x_wconf 88' lang='grc' dir='ltr'><strong><em>ήν</em></strong></span> <span class='ocrx_word' id='word_1_87' title='bbox 1081 1353 1139 1420; x_wconf 88' lang='grc' dir='ltr'><strong><em>ούκ</em></strong></span> <span class='ocrx_word' id='word_1_88' title='bbox 1166 1355 1202 1420; x_wconf 78' lang='grc' dir='ltr'><strong><em>ἐν</em></strong></span> <span class='ocrx_word' id='word_1_89' title='bbox 1225 1354 1321 1442; x_wconf 72' lang='grc' dir='ltr'><strong><em>λήψα</em></strong></span> 
     </span>
     <span class='ocr_line' id='line_1_11' title="bbox 157 1445 1440 1548; baseline 0 -20"><span class='ocrx_word' id='word_1_90' title='bbox 157 1477 190 1528; x_wconf 87' lang='grc'><strong><em>10</em></strong></span> <span class='ocrx_word' id='word_1_91' title='bbox 208 1459 391 1548; x_wconf 86' lang='grc' dir='ltr'><strong><em>χρημάτων,</em></strong></span> <span class='ocrx_word' id='word_1_92' title='bbox 415 1460 485 1526; x_wconf 77' lang='grc' dir='ltr'><strong><em>ἄλλ’</em></strong></span> <span class='ocrx_word' id='word_1_93' title='bbox 502 1463 537 1526; x_wconf 84' lang='grc' dir='ltr'><strong><em>έν</em></strong></span> <span class='ocrx_word' id='word_1_94' title='bbox 557 1459 790 1548; x_wconf 80' lang='grc' dir='ltr'><strong><em>α’ποπληρύσει</em></strong></span> <span class='ocrx_word' id='word_1_95' title='bbox 810 1459 945 1538; x_wconf 83' lang='grc' dir='ltr'><strong><em>σκοπού,</em></strong></span> <span class='ocrx_word' id='word_1_96' title='bbox 964 1463 1144 1548; x_wconf 74' lang='grc' dir='ltr'><strong><em>ἐπληροῦτο</em></strong></span> <span class='ocrx_word' id='word_1_97' title='bbox 1161 1461 1199 1525; x_wconf 80' lang='grc' dir='ltr'><strong><em>δέ</em></strong></span> <span class='ocrx_word' id='word_1_98' title='bbox 1220 1457 1322 1528; x_wconf 62' lang='lat' dir='ltr'><strong><em>aim&amp;</em></strong></span> <span class='ocrx_word' id='word_1_99' title='bbox 1439 1445 1440 1504; x_wconf 36' lang='grc' dir='ltr'><strong><em>λ</em></strong></span> 
     </span>
     <span class='ocr_line' id='line_1_12' title="bbox 202 1565 1321 1655; baseline 0 -21"><span class='ocrx_word' id='word_1_100' title='bbox 202 1566 220 1634; x_wconf 98' lang='lat'><strong><em>6</em></strong></span> <span class='ocrx_word' id='word_1_101' title='bbox 245 1566 365 1643; x_wconf 84' lang='grc' dir='ltr'><strong><em>σκοπός</em></strong></span> <span class='ocrx_word' id='word_1_102' title='bbox 393 1565 449 1632; x_wconf 86' lang='grc' dir='ltr'><strong><em>διά</em></strong></span> <span class='ocrx_word' id='word_1_103' title='bbox 472 1565 509 1635; x_wconf 84' lang='grc' dir='ltr'><strong><em>τό</em></strong></span> <span class='ocrx_word' id='word_1_104' title='bbox 536 1578 591 1655; x_wconf 85' lang='grc' dir='ltr'><strong><em>τής</em></strong></span> <span class='ocrx_word' id='word_1_105' title='bbox 618 1567 760 1654; x_wconf 89' lang='grc' dir='ltr'><strong><em>χρήσεως</em></strong></span> <span class='ocrx_word' id='word_1_106' title='bbox 787 1565 968 1635; x_wconf 70' lang='grc' dir='ltr'><strong><em>ἀπολαύειν</em></strong></span> <span class='ocrx_word' id='word_1_107' title='bbox 995 1571 1049 1634; x_wconf 78' lang='grc' dir='ltr'><strong><em>καὶ</em></strong></span> <span class='ocrx_word' id='word_1_108' title='bbox 1077 1566 1196 1634; x_wconf 83' lang='grc' dir='ltr'><strong><em>τούτου</em></strong></span> <span class='ocrx_word' id='word_1_109' title='bbox 1224 1568 1321 1654; x_wconf 85' lang='grc' dir='ltr'><strong><em>χάριν</em></strong></span> 
     </span>
     <span class='ocr_line' id='line_1_13' title="bbox 204 1673 1321 1763; baseline 0.001 -24"><span class='ocrx_word' id='word_1_110' title='bbox 204 1675 389 1758; x_wconf 77' lang='lat' dir='ltr'><strong>diligentian</strong></span> <span class='ocrx_word' id='word_1_111' title='bbox 412 1673 576 1761; x_wconf 81' lang='grc' dir='ltr'><strong><em>έχρειύστει</em></strong></span> <span class='ocrx_word' id='word_1_112' title='bbox 600 1675 655 1740; x_wconf 76' lang='grc' dir='ltr'><strong><em>ἐπὶ</em></strong></span> <span class='ocrx_word' id='word_1_113' title='bbox 678 1673 724 1762; x_wconf 80' lang='grc' dir='ltr'><strong><em>τῷ</em></strong></span> <span class='ocrx_word' id='word_1_114' title='bbox 746 1674 927 1763; x_wconf 75' lang='grc' dir='ltr'><strong><em>πράγματι,</em></strong></span> <span class='ocrx_word' id='word_1_115' title='bbox 951 1674 1055 1761; x_wconf 82' lang='grc' dir='ltr'><strong><em>ὥςπερ</em></strong></span> <span class='ocrx_word' id='word_1_116' title='bbox 1075 1679 1129 1740; x_wconf 82' lang='grc' dir='ltr'><strong><em>καί</em></strong></span> <span class='ocrx_word' id='word_1_117' title='bbox 1145 1675 1163 1741; x_wconf 91' lang='lat'><strong><em>6</em></strong></span> <span class='ocrx_word' id='word_1_118' title='bbox 1178 1673 1321 1762; x_wconf 78' lang='grc' dir='ltr'><strong><em>κναφεύς</em></strong></span> 
     </span>
     <span class='ocr_line' id='line_1_14' title="bbox 202 1780 1321 1870; baseline 0.001 -24"><span class='ocrx_word' id='word_1_119' title='bbox 202 1790 248 1868; x_wconf 83' lang='grc' dir='ltr'><strong><em>τῷ</em></strong></span> <span class='ocrx_word' id='word_1_120' title='bbox 270 1781 447 1864; x_wconf 77' lang='grc' dir='ltr'><strong><em>λαμβάνειν</em></strong></span> <span class='ocrx_word' id='word_1_121' title='bbox 473 1781 531 1847; x_wconf 83' lang='grc' dir='ltr'><strong><em>τόν</em></strong></span> <span class='ocrx_word' id='word_1_122' title='bbox 557 1780 691 1865; x_wconf 85' lang='grc' dir='ltr'><strong><em>μισθόν.</em></strong></span> <span class='ocrx_word' id='word_1_123' title='bbox 743 1785 771 1847; x_wconf 86' lang='grc' dir='ltr'><strong><em>εί</em></strong></span> <span class='ocrx_word' id='word_1_124' title='bbox 798 1782 835 1846; x_wconf 78' lang='grc' dir='ltr'><strong><em>δὲ</em></strong></span> <span class='ocrx_word' id='word_1_125' title='bbox 862 1781 991 1870; x_wconf 84' lang='grc' dir='ltr'><strong><em>ἄπορος</em></strong></span> <span class='ocrx_word' id='word_1_126' title='bbox 1018 1782 1057 1868; x_wconf 87' lang='grc' dir='ltr'><strong><em>ήν</em></strong></span> <span class='ocrx_word' id='word_1_127' title='bbox 1078 1781 1097 1848; x_wconf 92' lang='lat'><strong><em>6</em></strong></span> <span class='ocrx_word' id='word_1_128' title='bbox 1120 1781 1321 1868; x_wconf 83' lang='grc' dir='ltr'><strong><em>χρησόμενος</em></strong></span> 
     </span>
     <span class='ocr_line' id='line_1_15' title="bbox 202 1882 1320 1974; baseline -0.001 -21"><span class='ocrx_word' id='word_1_129' title='bbox 202 1891 247 1963; x_wconf 84' lang='grc' dir='ltr'><strong><em>είς</em></strong></span> <span class='ocrx_word' id='word_1_130' title='bbox 270 1882 445 1973; x_wconf 80' lang='grc' dir='ltr'><strong><em>ὁλόκληρον</em></strong></span> <span class='ocrx_word' id='word_1_131' title='bbox 466 1886 486 1974; x_wconf 91' lang='grc' dir='ltr'><strong><em>ή</em></strong></span> <span class='ocrx_word' id='word_1_132' title='bbox 509 1889 543 1953; x_wconf 82' lang='grc' dir='ltr'><strong><em>έν</em></strong></span> <span class='ocrx_word' id='word_1_133' title='bbox 565 1889 663 1974; x_wconf 82' lang='grc' dir='ltr'><strong><em>μέρει,</em></strong></span> <span class='ocrx_word' id='word_1_134' title='bbox 688 1887 705 1954; x_wconf 93' lang='lat'><strong><em>6</em></strong></span> <span class='ocrx_word' id='word_1_135' title='bbox 722 1886 820 1972; x_wconf 89' lang='grc' dir='ltr'><strong><em>νόμος</em></strong></span> <span class='ocrx_word' id='word_1_136' title='bbox 835 1889 890 1953; x_wconf 78' lang='grc' dir='ltr'><strong><em>ἐπ’</em></strong></span> <span class='ocrx_word' id='word_1_137' title='bbox 905 1889 959 1971; x_wconf 78' lang='grc' dir='ltr'><strong><em>ἐμὲ</em></strong></span> <span class='ocrx_word' id='word_1_138' title='bbox 974 1887 1033 1974; x_wconf 86' lang='grc' dir='ltr'><strong><em>τήν</em></strong></span> <span class='ocrx_word' id='word_1_139' title='bbox 1047 1891 1121 1954; x_wconf 64' lang='lat' dir='ltr'><strong>funi</strong></span> <span class='ocrx_word' id='word_1_140' title='bbox 1136 1893 1320 1974; x_wconf 79' lang='grc' dir='ltr'><strong><em>μετέφερεν.</em></strong></span> 
     </span>
     <span class='ocr_line' id='line_1_16' title="bbox 149 1992 1441 2082; baseline -0.001 -22"><span class='ocrx_word' id='word_1_141' title='bbox 149 2009 183 2060; x_wconf 79' lang='grc'><strong><em>15</em></strong></span> <span class='ocrx_word' id='word_1_142' title='bbox 204 1992 288 2060; x_wconf 76' lang='grc' dir='ltr'><strong><em>α’λλά</em></strong></span> <span class='ocrx_word' id='word_1_143' title='bbox 312 1993 498 2077; x_wconf 70' lang='grc' dir='ltr'><strong><em>ταῦταμὲν</em></strong></span> <span class='ocrx_word' id='word_1_144' title='bbox 521 1992 973 2081; x_wconf 80' lang='grc' dir='ltr'><strong><em>κατάμίμησιντούρύπτου</em></strong></span> <span class='ocrx_word' id='word_1_145' title='bbox 991 1999 1045 2059; x_wconf 80' lang='grc' dir='ltr'><strong><em>καί</em></strong></span> <span class='ocrx_word' id='word_1_146' title='bbox 1060 1999 1209 2082; x_wconf 67' lang='grc' dir='ltr'><strong><em>κναφέως</em></strong></span> <span class='ocrx_word' id='word_1_147' title='bbox 1224 1993 1320 2081; x_wconf 88' lang='grc' dir='ltr'><strong><em>παρά</em></strong></span> <span class='ocrx_word' id='word_1_148' title='bbox 1440 2007 1441 2068; x_wconf 77' lang='lat' dir='ltr'>j</span> 
     </span>
     <span class='ocr_line' id='line_1_17' title="bbox 201 2099 1321 2189; baseline -0.001 -23"><span class='ocrx_word' id='word_1_149' title='bbox 201 2115 269 2176; x_wconf 74' lang='grc' dir='ltr'><strong><em>τοῖς</em></strong></span> <span class='ocrx_word' id='word_1_150' title='bbox 292 2104 447 2176; x_wconf 71' lang='grc' dir='ltr'><strong><em>παλαιοῖς</em></strong></span> <span class='ocrx_word' id='word_1_151' title='bbox 474 2102 530 2166; x_wconf 60' lang='lat' dir='ltr'><strong><em>§nl</em></strong></span> <span class='ocrx_word' id='word_1_152' title='bbox 553 2109 611 2166; x_wconf 83' lang='grc' dir='ltr'><strong><em>τοῦ</em></strong></span> <span class='ocrx_word' id='word_1_153' title='bbox 639 2106 840 2188; x_wconf 81' lang='grc' dir='ltr'><strong><em>χρησαμένου</em></strong></span> <span class='ocrx_word' id='word_1_154' title='bbox 868 2101 1142 2189; x_wconf 72' lang='grc' dir='ltr'><strong><em>έτραπαίζαο5)·</em></strong></span> <span class='ocrx_word' id='word_1_155' title='bbox 1171 2099 1321 2177; x_wconf 74' lang='grc' dir='ltr'><strong><em>διάταξις</em></strong></span> 
     </span>
     <span class='ocr_line' id='line_1_18' title="bbox 202 2207 1318 2296; baseline -0.001 -23"><span class='ocrx_word' id='word_1_156' title='bbox 202 2209 239 2273; x_wconf 85' lang='grc' dir='ltr'><strong><em>δέ</em></strong></span> <span class='ocrx_word' id='word_1_157' title='bbox 269 2216 328 2275; x_wconf 78' lang='grc' dir='ltr'><strong><em>τοῦ</em></strong></span> <span class='ocrx_word' id='word_1_158' title='bbox 359 2207 510 2296; x_wconf 83' lang='grc' dir='ltr'><strong><em>ήμετέρου</em></strong></span> <span class='ocrx_word' id='word_1_159' title='bbox 541 2209 687 2292; x_wconf 62' lang='grc' dir='ltr'><strong><em>χέχονεῧ)</em></strong></span> <span class='ocrx_word' id='word_1_160' title='bbox 721 2209 876 2291; x_wconf 75' lang='grc' dir='ltr'><strong><em>βασιλέως</em></strong></span> <span class='ocrx_word' id='word_1_161' title='bbox 904 2209 1057 2295; x_wconf 82' lang='grc' dir='ltr'><strong><em>ζητήσεως</em></strong></span> <span class='ocrx_word' id='word_1_162' title='bbox 1084 2207 1235 2294; x_wconf 78' lang='grc' dir='ltr'><strong><em>τοιαύτης</em></strong></span> <span class='ocrx_word' id='word_1_163' title='bbox 1262 2208 1318 2272; x_wconf 78' lang='grc' dir='ltr'><strong><em>ἐπ’</em></strong></span> 
     </span>
     <span class='ocr_line' id='line_1_19' title="bbox 202 2313 1321 2402; baseline -0.002 -21"><span class='ocrx_word' id='word_1_164' title='bbox 202 2313 303 2381; x_wconf 76' lang='grc' dir='ltr'><strong><em>αὐτόν</em></strong></span> <span class='ocrx_word' id='word_1_165' title='bbox 312 2313 538 2400; x_wconf 76' lang='grc' dir='ltr'><strong><em>α’νενεχθείσης</em></strong></span> <span class='ocrx_word' id='word_1_166' title='bbox 545 2317 583 2398; x_wconf 86' lang='lat'><strong><em>⁷),</em></strong></span> <span class='ocrx_word' id='word_1_167' title='bbox 600 2314 676 2391; x_wconf 80' lang='grc' dir='ltr'><strong><em>ύςτε</em></strong></span> <span class='ocrx_word' id='word_1_168' title='bbox 688 2313 814 2398; x_wconf 90' lang='grc' dir='ltr'><strong><em>κλοπήν</em></strong></span> <span class='ocrx_word' id='word_1_169' title='bbox 829 2313 1035 2391; x_wconf 78' lang='grc' dir='ltr'><strong><em>ὑποστάντος</em></strong></span> <span class='ocrx_word' id='word_1_170' title='bbox 1047 2324 1106 2381; x_wconf 80' lang='grc' dir='ltr'><strong><em>τοῦ</em></strong></span> <span class='ocrx_word' id='word_1_171' title='bbox 1117 2319 1321 2402; x_wconf 83' lang='grc' dir='ltr'><strong><em>χρησαμένου</em></strong></span> 
     </span>
     <span class='ocr_line' id='line_1_20' title="bbox 201 2419 1321 2511; baseline 0 -25"><span class='ocrx_word' id='word_1_172' title='bbox 201 2423 350 2499; x_wconf 79' lang='grc' dir='ltr'><strong><em>ἐξουσίαν</em></strong></span> <span class='ocrx_word' id='word_1_173' title='bbox 372 2425 454 2487; x_wconf 79' lang='grc' dir='ltr'><strong><em>εἶναι</em></strong></span> <span class='ocrx_word' id='word_1_174' title='bbox 477 2420 523 2508; x_wconf 72' lang='grc' dir='ltr'><strong><em>τῷ</em></strong></span> <span class='ocrx_word' id='word_1_175' title='bbox 538 2419 681 2511; x_wconf 86' lang='grc' dir='ltr'><strong><em>δεσπότη</em></strong></span> <span class='ocrx_word' id='word_1_176' title='bbox 702 2431 762 2487; x_wconf 79' lang='grc' dir='ltr'><strong><em>τού</em></strong></span> <span class='ocrx_word' id='word_1_177' title='bbox 783 2421 963 2497; x_wconf 78' lang='grc' dir='ltr'><strong><em>κλαπέντος</em></strong></span> <span class='ocrx_word' id='word_1_178' title='bbox 978 2426 1040 2486; x_wconf 86' lang='grc' dir='ltr'><strong><em>εἴτε</em></strong></span> <span class='ocrx_word' id='word_1_179' title='bbox 1055 2421 1115 2508; x_wconf 86' lang='grc' dir='ltr'><strong><em>τήν</em></strong></span> <span class='ocrx_word' id='word_1_180' title='bbox 1129 2422 1321 2488; x_wconf 56' lang='lat' dir='ltr'><strong>commodati</strong></span> 
     </span>
     <span class='ocr_line' id='line_1_21' title="bbox 146 2525 1318 2615; baseline 0 -23"><span class='ocrx_word' id='word_1_181' title='bbox 146 2541 184 2593; x_wconf 80' lang='lat'><strong><em>20</em></strong></span> <span class='ocrx_word' id='word_1_182' title='bbox 201 2529 351 2608; x_wconf 82' lang='grc' dir='ltr'><strong><em>βούλεται</em></strong></span> <span class='ocrx_word' id='word_1_183' title='bbox 374 2525 457 2593; x_wconf 88' lang='grc' dir='ltr'><strong><em>κατά</em></strong></span> <span class='ocrx_word' id='word_1_184' title='bbox 484 2525 544 2593; x_wconf 78' lang='grc' dir='ltr'><strong><em>τοῦ</em></strong></span> <span class='ocrx_word' id='word_1_185' title='bbox 571 2532 773 2615; x_wconf 77' lang='grc' dir='ltr'><strong><em>χρησαμένου</em></strong></span> <span class='ocrx_word' id='word_1_186' title='bbox 796 2537 935 2613; x_wconf 84' lang='grc' dir='ltr'><strong><em>κινήσαι,</em></strong></span> <span class='ocrx_word' id='word_1_187' title='bbox 961 2533 1024 2594; x_wconf 78' lang='grc' dir='ltr'><strong><em>εἴτε</em></strong></span> <span class='ocrx_word' id='word_1_188' title='bbox 1045 2526 1104 2613; x_wconf 70' lang='grc' dir='ltr'><strong><em>τήν</em></strong></span> <span class='ocrx_word' id='word_1_189' title='bbox 1133 2529 1206 2593; x_wconf 79' lang='lat' dir='ltr'>furti</span> <span class='ocrx_word' id='word_1_190' title='bbox 1234 2525 1318 2592; x_wconf 85' lang='grc' dir='ltr'><strong><em>κατά</em></strong></span> 
     </span>
     <span class='ocr_line' id='line_1_22' title="bbox 202 2632 1321 2722; baseline 0.001 -23"><span class='ocrx_word' id='word_1_191' title='bbox 202 2632 261 2700; x_wconf 76' lang='grc' dir='ltr'><strong><em>τοῦ</em></strong></span> <span class='ocrx_word' id='word_1_192' title='bbox 283 2635 424 2699; x_wconf 85' lang='grc' dir='ltr'><strong><em>κλέπτου</em></strong></span> <span class='ocrx_word' id='word_1_193' title='bbox 446 2637 500 2699; x_wconf 83' lang='grc' dir='ltr'><strong><em>καί</em></strong></span> <span class='ocrx_word' id='word_1_194' title='bbox 522 2633 577 2720; x_wconf 85' lang='grc' dir='ltr'><strong><em>τής</em></strong></span> <span class='ocrx_word' id='word_1_195' title='bbox 605 2633 718 2722; x_wconf 80' lang='grc' dir='ltr'><strong><em>ἑτέρας</em></strong></span> <span class='ocrx_word' id='word_1_196' title='bbox 745 2635 968 2720; x_wconf 78' lang='grc' dir='ltr'><strong><em>ἐπιλεχθείσης</em></strong></span> <span class='ocrx_word' id='word_1_197' title='bbox 994 2633 1037 2722; x_wconf 89' lang='grc' dir='ltr'><strong><em>μή</em></strong></span> <span class='ocrx_word' id='word_1_198' title='bbox 1065 2633 1233 2702; x_wconf 88' lang='grc' dir='ltr'><strong><em>δύνασθαι</em></strong></span> <span class='ocrx_word' id='word_1_199' title='bbox 1259 2632 1321 2700; x_wconf 82' lang='grc' dir='ltr'><strong><em>τόν</em></strong></span> 
     </span>
     <span class='ocr_line' id='line_1_23' title="bbox 202 2739 1319 2829; baseline 0 -23"><span class='ocrx_word' id='word_1_200' title='bbox 202 2739 365 2828; x_wconf 87' lang='grc' dir='ltr'><strong><em>δεσπότην</em></strong></span> <span class='ocrx_word' id='word_1_201' title='bbox 381 2742 414 2805; x_wconf 77' lang='grc' dir='ltr'><strong><em>ἐκ</em></strong></span> <span class='ocrx_word' id='word_1_202' title='bbox 429 2743 636 2825; x_wconf 80' lang='grc' dir='ltr'><strong><em>μεταμελείας</em></strong></span> <span class='ocrx_word' id='word_1_203' title='bbox 653 2743 709 2806; x_wconf 76' lang='grc' dir='ltr'><strong><em>ἐπὶ</em></strong></span> <span class='ocrx_word' id='word_1_204' title='bbox 725 2739 905 2829; x_wconf 80' lang='grc' dir='ltr'><strong><em>τήνέτέραν</em></strong></span> <span class='ocrx_word' id='word_1_205' title='bbox 915 2747 1161 2828; x_wconf 72' lang='grc' dir='ltr'><strong><em>παραγίνεσθαι</em></strong></span> <span class='ocrx_word' id='word_1_206' title='bbox 1175 2739 1319 2826; x_wconf 74' lang='grc' dir='ltr'><strong><em>α’χωχήν,</em></strong></span> 
     </span>
     <span class='ocr_line' id='line_1_24' title="bbox 202 2844 1320 2934; baseline -0.001 -21"><span class='ocrx_word' id='word_1_207' title='bbox 202 2846 277 2913; x_wconf 73' lang='grc' dir='ltr'><strong><em>ἄλλ’</em></strong></span> <span class='ocrx_word' id='word_1_208' title='bbox 289 2851 317 2912; x_wconf 85' lang='grc' dir='ltr'><strong><em>εί</em></strong></span> <span class='ocrx_word' id='word_1_209' title='bbox 332 2848 392 2931; x_wconf 79' lang='grc' dir='ltr'><strong><em>μέν</em></strong></span> <span class='ocrx_word' id='word_1_210' title='bbox 406 2848 590 2933; x_wconf 80' lang='grc' dir='ltr'><strong><em>ἐπιλέξηται</em></strong></span> <span class='ocrx_word' id='word_1_211' title='bbox 606 2846 665 2914; x_wconf 85' lang='grc' dir='ltr'><strong><em>τόν</em></strong></span> <span class='ocrx_word' id='word_1_212' title='bbox 680 2849 832 2934; x_wconf 83' lang='grc' dir='ltr'><strong><em>κλέπτην,</em></strong></span> <span class='ocrx_word' id='word_1_213' title='bbox 855 2848 1110 2934; x_wconf 73' lang='grc' dir='ltr'><strong><em>ἐλευθερούσθω</em></strong></span> <span class='ocrx_word' id='word_1_214' title='bbox 1125 2845 1182 2914; x_wconf 86' lang='grc' dir='ltr'><strong><em>τόν</em></strong></span> <span class='ocrx_word' id='word_1_215' title='bbox 1200 2844 1320 2933; x_wconf 78' lang='grc' dir='ltr'><strong><em>χρησά·</em></strong></span> 
     </span>
     <span class='ocr_line' id='line_1_25' title="bbox 201 2950 1320 3043; baseline 0.002 -25"><span class='ocrx_word' id='word_1_216' title='bbox 201 2977 311 3038; x_wconf 90' lang='grc' dir='ltr'><strong><em>μενον,</em></strong></span> <span class='ocrx_word' id='word_1_217' title='bbox 333 2956 362 3017; x_wconf 85' lang='grc' dir='ltr'><strong><em>εί</em></strong></span> <span class='ocrx_word' id='word_1_218' title='bbox 384 2954 422 3018; x_wconf 74' lang='grc' dir='ltr'><strong><em>δὲ</em></strong></span> <span class='ocrx_word' id='word_1_219' title='bbox 444 2953 461 3020; x_wconf 93' lang='lat'><strong><em>6</em></strong></span> <span class='ocrx_word' id='word_1_220' title='bbox 485 2954 604 3042; x_wconf 88' lang='grc' dir='ltr'><strong><em>χρήσας</em></strong></span> <span class='ocrx_word' id='word_1_221' title='bbox 628 2953 710 3043; x_wconf 75' lang='grc' dir='ltr'><strong><em>ἔλθη</em></strong></span> <span class='ocrx_word' id='word_1_222' title='bbox 734 2951 818 3018; x_wconf 86' lang='grc' dir='ltr'><strong><em>κατά</em></strong></span> <span class='ocrx_word' id='word_1_223' title='bbox 840 2952 899 3020; x_wconf 82' lang='grc' dir='ltr'><strong><em>τού</em></strong></span> <span class='ocrx_word' id='word_1_224' title='bbox 921 2954 1135 3042; x_wconf 87' lang='grc' dir='ltr'><strong><em>χρησαμένου,</em></strong></span> <span class='ocrx_word' id='word_1_225' title='bbox 1157 2950 1320 3043; x_wconf 76' lang='grc' dir='ltr'><strong><em>αύτῷμὲν</em></strong></span> 
     </span>
     <span class='ocr_line' id='line_1_26' title="bbox 150 3057 1320 3150; baseline -0.002 -24"><span class='ocrx_word' id='word_1_226' title='bbox 150 3075 189 3126; x_wconf 70' lang='lat'><strong><em>25</em></strong></span> <span class='ocrx_word' id='word_1_227' title='bbox 207 3070 253 3148; x_wconf 83' lang='grc' dir='ltr'><strong><em>τῷ</em></strong></span> <span class='ocrx_word' id='word_1_228' title='bbox 275 3059 438 3148; x_wconf 91' lang='grc' dir='ltr'><strong><em>χρήσαντι,</em></strong></span> <span class='ocrx_word' id='word_1_229' title='bbox 462 3060 567 3127; x_wconf 72' lang='grc' dir='ltr'><strong><em>οἰκέτι</em></strong></span> <span class='ocrx_word' id='word_1_230' title='bbox 589 3059 670 3126; x_wconf 85' lang='grc' dir='ltr'><strong><em>κατά</em></strong></span> <span class='ocrx_word' id='word_1_231' title='bbox 695 3068 754 3126; x_wconf 80' lang='grc' dir='ltr'><strong><em>τοῦ</em></strong></span> <span class='ocrx_word' id='word_1_232' title='bbox 776 3061 916 3126; x_wconf 88' lang='grc' dir='ltr'><strong><em>κλέπτου</em></strong></span> <span class='ocrx_word' id='word_1_233' title='bbox 930 3059 949 3145; x_wconf 87' lang='grc' dir='ltr'><strong><em>ή</em></strong></span> <span class='ocrx_word' id='word_1_234' title='bbox 964 3063 1038 3126; x_wconf 85' lang='lat' dir='ltr'>furti</span> <span class='ocrx_word' id='word_1_235' title='bbox 1061 3057 1320 3150; x_wconf 83' lang='grc' dir='ltr'><strong><em>δοθήσεται,τῷ</em></strong></span> 
     </span>
     <span class='ocr_line' id='line_1_27' title="bbox 203 3165 1317 3256; baseline -0.002 -24"><span class='ocrx_word' id='word_1_236' title='bbox 203 3167 239 3232; x_wconf 74' lang='grc' dir='ltr'><strong><em>δὲ</em></strong></span> <span class='ocrx_word' id='word_1_237' title='bbox 263 3168 452 3256; x_wconf 82' lang='grc' dir='ltr'><strong><em>χρησαμένῳ</em></strong></span> <span class='ocrx_word' id='word_1_238' title='bbox 475 3167 597 3253; x_wconf 90' lang='grc' dir='ltr'><strong><em>ταύτην</em></strong></span> <span class='ocrx_word' id='word_1_239' title='bbox 616 3165 636 3252; x_wconf 87' lang='grc' dir='ltr'><strong><em>ή</em></strong></span> <span class='ocrx_word' id='word_1_240' title='bbox 656 3165 805 3244; x_wconf 84' lang='grc' dir='ltr'><strong><em>διάταξις</em></strong></span> <span class='ocrx_word' id='word_1_241' title='bbox 824 3171 958 3252; x_wconf 87' lang='grc' dir='ltr'><strong><em>παρέχει</em></strong></span> <span class='ocrx_word' id='word_1_242' title='bbox 980 3165 1063 3232; x_wconf 87' lang='grc' dir='ltr'><strong><em>κατά</em></strong></span> <span class='ocrx_word' id='word_1_243' title='bbox 1086 3177 1146 3232; x_wconf 82' lang='grc' dir='ltr'><strong><em>τοῦ</em></strong></span> <span class='ocrx_word' id='word_1_244' title='bbox 1167 3167 1317 3232; x_wconf 78' lang='grc' dir='ltr'><strong><em>κλέπτου.</em></strong></span> 
     </span>
     <span class='ocr_line' id='line_1_28' title="bbox 201 3271 1317 3364; baseline 0.002 -27"><span class='ocrx_word' id='word_1_245' title='bbox 201 3271 272 3339; x_wconf 85' lang='grc' dir='ltr'><strong><em>τότε</em></strong></span> <span class='ocrx_word' id='word_1_246' title='bbox 298 3273 335 3338; x_wconf 77' lang='grc' dir='ltr'><strong><em>δὲ</em></strong></span> <span class='ocrx_word' id='word_1_247' title='bbox 357 3273 376 3339; x_wconf 92' lang='lat'><strong><em>6</em></strong></span> <span class='ocrx_word' id='word_1_248' title='bbox 400 3273 559 3360; x_wconf 87' lang='grc' dir='ltr'><strong><em>δεσπότης</em></strong></span> <span class='ocrx_word' id='word_1_249' title='bbox 581 3271 641 3338; x_wconf 80' lang='grc' dir='ltr'><strong><em>τοῦ</em></strong></span> <span class='ocrx_word' id='word_1_250' title='bbox 665 3272 859 3358; x_wconf 78' lang='grc' dir='ltr'><strong><em>πράγματος</em></strong></span> <span class='ocrx_word' id='word_1_251' title='bbox 886 3271 1015 3364; x_wconf 89' lang='grc' dir='ltr'><strong><em>κινήσας</em></strong></span> <span class='ocrx_word' id='word_1_252' title='bbox 1037 3271 1096 3352; x_wconf 88' lang='grc' dir='ltr'><strong><em>τήν</em></strong></span> <span class='ocrx_word' id='word_1_253' title='bbox 1119 3274 1317 3348; x_wconf 65' lang='lat' dir='ltr'>commodasti,</span> 
     </span>
     <span class='ocr_line' id='line_1_29' title="bbox 202 3376 1317 3468; baseline -0.002 -23"><span class='ocrx_word' id='word_1_254' title='bbox 202 3379 364 3464; x_wconf 83' lang='grc' dir='ltr'><strong><em>άπύλλυσι</em></strong></span> <span class='ocrx_word' id='word_1_255' title='bbox 390 3379 448 3466; x_wconf 88' lang='grc' dir='ltr'><strong><em>τήν</em></strong></span> <span class='ocrx_word' id='word_1_256' title='bbox 474 3381 564 3456; x_wconf 79' lang='lat' dir='ltr'>furti,</span> <span class='ocrx_word' id='word_1_257' title='bbox 591 3379 684 3464; x_wconf 87' lang='grc' dir='ltr'><strong><em>ήνίκα</em></strong></span> <span class='ocrx_word' id='word_1_258' title='bbox 712 3378 806 3456; x_wconf 80' lang='grc' dir='ltr'><strong><em>είδως</em></strong></span> <span class='ocrx_word' id='word_1_259' title='bbox 834 3378 876 3454; x_wconf 75' lang='grc' dir='ltr'><strong><em>ὥς</em></strong></span> <span class='ocrx_word' id='word_1_260' title='bbox 903 3380 1027 3466; x_wconf 70' lang='grc' dir='ltr'><strong><em>ἐκλάπη</em></strong></span> <span class='ocrx_word' id='word_1_261' title='bbox 1053 3377 1091 3446; x_wconf 87' lang='grc' dir='ltr'><strong><em>τύ</em></strong></span> <span class='ocrx_word' id='word_1_262' title='bbox 1120 3378 1256 3468; x_wconf 77' lang='grc' dir='ltr'><strong><em>πρᾶγμα</em></strong></span> <span class='ocrx_word' id='word_1_263' title='bbox 1276 3376 1317 3444; x_wconf 83' lang='grc' dir='ltr'><strong><em>τό</em></strong></span> 
     </span>
     <span class='ocr_line' id='line_1_30' title="bbox 202 3483 1314 3575; baseline -0.003 -22"><span class='ocrx_word' id='word_1_264' title='bbox 202 3491 357 3575; x_wconf 79' lang='grc' dir='ltr'><strong><em>χρησθὲν,</em></strong></span> <span class='ocrx_word' id='word_1_265' title='bbox 373 3487 545 3564; x_wconf 77' lang='grc' dir='ltr'><strong><em>ἐπελέξατο</em></strong></span> <span class='ocrx_word' id='word_1_266' title='bbox 561 3483 620 3572; x_wconf 87' lang='grc' dir='ltr'><strong><em>τήν</em></strong></span> <span class='ocrx_word' id='word_1_267' title='bbox 638 3488 838 3564; x_wconf 79' lang='lat' dir='ltr'><strong>commodati,</strong></span> <span class='ocrx_word' id='word_1_268' title='bbox 854 3484 976 3572; x_wconf 71' lang='lat' dir='ltr'><strong><em>rvo6;⁸)</em></strong></span> <span class='ocrx_word' id='word_1_269' title='bbox 995 3487 1032 3551; x_wconf 76' lang='grc' dir='ltr'><strong><em>δέ</em></strong></span> <span class='ocrx_word' id='word_1_270' title='bbox 1043 3485 1124 3569; x_wconf 84' lang='grc' dir='ltr'><strong><em>μετά</em></strong></span> <span class='ocrx_word' id='word_1_271' title='bbox 1137 3483 1194 3573; x_wconf 83' lang='grc' dir='ltr'><strong><em>τήν</em></strong></span> <span class='ocrx_word' id='word_1_272' title='bbox 1203 3483 1314 3568; x_wconf 64' lang='grc' dir='ltr'><strong><em>κακά’)</em></strong></span> 
     </span>
    </p>
   </div>
   <div class='ocr_carea' id='block_1_3' title="bbox 198 3715 1314 4158">
    <p class='ocr_par' dir='ltr' id='par_1_3' title="bbox 198 3715 1314 4039">
     <span class='ocr_line' id='line_1_31' title="bbox 290 3715 1314 3790; baseline -0.003 -18"><span class='ocrx_word' id='word_1_273' title='bbox 290 3720 310 3786; x_wconf 85' lang='lat'><strong><em>1)</em></strong></span> <span class='ocrx_word' id='word_1_274' title='bbox 330 3717 355 3772; x_wconf 89' lang='lat' dir='ltr'><strong><em>d.</em></strong></span> <span class='ocrx_word' id='word_1_275' title='bbox 376 3719 419 3772; x_wconf 89' lang='lat' dir='ltr'><strong><em>Vi.</em></strong></span> <span class='ocrx_word' id='word_1_276' title='bbox 437 3719 471 3772; x_wconf 88' lang='lat' dir='ltr'><strong><em>R.</em></strong></span> <span class='ocrx_word' id='word_1_277' title='bbox 545 3718 567 3786; x_wconf 63' lang='grc' dir='ltr'><strong><em>λ)</em></strong></span> <span class='ocrx_word' id='word_1_278' title='bbox 584 3728 610 3790; x_wconf 71' lang='grc' dir='ltr'><strong><em>β.</em></strong></span> <span class='ocrx_word' id='word_1_279' title='bbox 630 3740 652 3772; x_wconf 85' lang='grc' dir='ltr'><strong><em>τ.</em></strong></span> <span class='ocrx_word' id='word_1_280' title='bbox 672 3719 715 3772; x_wconf 83' lang='lat' dir='ltr'><strong><em>L⁶.</em></strong></span> <span class='ocrx_word' id='word_1_281' title='bbox 788 3716 1094 3786; x_wconf 53' lang='lat' dir='ltr'>³)212d.L¹.12.1,⁶.</span> <span class='ocrx_word' id='word_1_282' title='bbox 1165 3715 1314 3786; x_wconf 72' lang='grc' dir='ltr'><strong><em>4)ήσομ,9.</em></strong></span> 
     </span>
     <span class='ocr_line' id='line_1_32' title="bbox 200 3803 1314 3878; baseline -0.003 -16"><span class='ocrx_word' id='word_1_283' title='bbox 200 3812 239 3862; x_wconf 83' lang='grc' dir='ltr'><strong><em>κλ.</em></strong></span> <span class='ocrx_word' id='word_1_284' title='bbox 259 3808 303 3860; x_wconf 85' lang='lat' dir='ltr'><strong><em>Vi.</em></strong></span> <span class='ocrx_word' id='word_1_285' title='bbox 322 3808 351 3861; x_wconf 84' lang='lat' dir='ltr'><strong><em>F.</em></strong></span> <span class='ocrx_word' id='word_1_286' title='bbox 371 3809 404 3862; x_wconf 86' lang='lat' dir='ltr'><strong><em>R.</em></strong></span> <span class='ocrx_word' id='word_1_287' title='bbox 523 3807 545 3878; x_wconf 83' lang='lat'><strong><em>⁵)</em></strong></span> <span class='ocrx_word' id='word_1_288' title='bbox 566 3807 744 3872; x_wconf 67' lang='grc' dir='ltr'><strong><em>Θίτίιυίίᾶῒετο</em></strong></span> <span class='ocrx_word' id='word_1_289' title='bbox 763 3805 796 3860; x_wconf 80' lang='grc' dir='ltr'><strong><em>Μ.</em></strong></span> <span class='ocrx_word' id='word_1_290' title='bbox 916 3805 939 3874; x_wconf 75' lang='lat'><strong><em>⁸)</em></strong></span> <span class='ocrx_word' id='word_1_291' title='bbox 958 3805 984 3859; x_wconf 85' lang='lat' dir='ltr'><strong><em>d.</em></strong></span> <span class='ocrx_word' id='word_1_292' title='bbox 1001 3805 1046 3860; x_wconf 66' lang='lat' dir='ltr'><strong><em>L0.</em></strong></span> <span class='ocrx_word' id='word_1_293' title='bbox 1166 3807 1186 3873; x_wconf 71' lang='lat'><strong><em>⁷)</em></strong></span> <span class='ocrx_word' id='word_1_294' title='bbox 1206 3803 1248 3860; x_wconf 83' lang='grc' dir='ltr'><strong><em>άν.</em></strong></span> <span class='ocrx_word' id='word_1_295' title='bbox 1267 3803 1314 3860; x_wconf 71' lang='grc' dir='ltr'><strong><em>ἔπ’</em></strong></span> 
     </span>
     <span class='ocr_line' id='line_1_33' title="bbox 198 3891 1313 3968; baseline -0.005 -16"><span class='ocrx_word' id='word_1_296' title='bbox 198 3893 260 3952; x_wconf 87' lang='grc' dir='ltr'><strong><em>αύτ.</em></strong></span> <span class='ocrx_word' id='word_1_297' title='bbox 279 3897 321 3950; x_wconf 73' lang='lat' dir='ltr'><strong><em>R:</em></strong></span> <span class='ocrx_word' id='word_1_298' title='bbox 342 3897 381 3958; x_wconf 80' lang='grc' dir='ltr'><strong><em>εἰς</em></strong></span> <span class='ocrx_word' id='word_1_299' title='bbox 400 3895 458 3952; x_wconf 88' lang='grc' dir='ltr'><strong><em>αύτ.</em></strong></span> <span class='ocrx_word' id='word_1_300' title='bbox 478 3897 521 3952; x_wconf 89' lang='lat' dir='ltr'><strong><em>Vi.</em></strong></span> <span class='ocrx_word' id='word_1_301' title='bbox 540 3896 574 3951; x_wconf 89' lang='lat' dir='ltr'><strong><em>R.</em></strong></span> <span class='ocrx_word' id='word_1_302' title='bbox 682 3896 705 3964; x_wconf 77' lang='lat'><strong><em>⁸)</em></strong></span> <span class='ocrx_word' id='word_1_303' title='bbox 726 3893 829 3968; x_wconf 76' lang='grc' dir='ltr'><strong><em>ἀμνούς</em></strong></span> <span class='ocrx_word' id='word_1_304' title='bbox 847 3895 886 3950; x_wconf 86' lang='lat' dir='ltr'><strong><em>Pi.</em></strong></span> <span class='ocrx_word' id='word_1_305' title='bbox 906 3893 1073 3968; x_wconf 63' lang='lat' dir='ltr'><strong><em>dyvovivLss.</em></strong></span> <span class='ocrx_word' id='word_1_306' title='bbox 1180 3893 1200 3962; x_wconf 67' lang='grc' dir='ltr'><strong><em>λ)</em></strong></span> <span class='ocrx_word' id='word_1_307' title='bbox 1221 3891 1262 3947; x_wconf 70' lang='lat' dir='ltr'><strong><em>ad.</em></strong></span> <span class='ocrx_word' id='word_1_308' title='bbox 1275 3907 1313 3947; x_wconf 63' lang='grc' dir='ltr'><strong><em>οἱ</em></strong></span> 
     </span>
     <span class='ocr_line' id='line_1_34' title="bbox 198 3983 409 4039; baseline -0.005 -1"><span class='ocrx_word' id='word_1_309' title='bbox 198 3983 355 4039; x_wconf 74' lang='lat' dir='ltr'><strong>M.P1.L⁶.</strong></span> <span class='ocrx_word' id='word_1_310' title='bbox 376 3985 409 4038; x_wconf 79' lang='lat' dir='ltr'><strong><em>R.</em></strong></span> 
     </span>
    </p>

    <p class='ocr_par' dir='ltr' id='par_1_4' title="bbox 289 4089 667 4158">
     <span class='ocr_line' id='line_1_35' title="bbox 289 4089 667 4158; baseline 0 -14"><span class='ocrx_word' id='word_1_311' title='bbox 289 4093 313 4158; x_wconf 83' lang='grc' dir='ltr'><strong><em>ε)</em></strong></span> <span class='ocrx_word' id='word_1_312' title='bbox 333 4091 374 4145; x_wconf 76' lang='lat' dir='ltr'><strong><em>Of.</em></strong></span> <span class='ocrx_word' id='word_1_313' title='bbox 392 4091 456 4144; x_wconf 79' lang='lat' dir='ltr'><strong>Bas.</strong></span> <span class='ocrx_word' id='word_1_314' title='bbox 476 4089 560 4144; x_wconf 77' lang='lat' dir='ltr'><strong>schol.</strong></span> <span class='ocrx_word' id='word_1_315' title='bbox 579 4091 607 4144; x_wconf 88' lang='lat'><strong><em>11</em></strong></span> <span class='ocrx_word' id='word_1_316' title='bbox 626 4094 667 4144; x_wconf 82' lang='lat'><strong><em>21.</em></strong></span> 
     </span>
    </p>
   </div>
   <div class='ocr_carea' id='block_1_4' title="bbox 0 0 1446 4728">
    <p class='ocr_par' dir='ltr' id='par_1_5' title="bbox 0 0 1446 4728">
     <span class='ocr_line' id='line_1_36' title="bbox 0 0 1446 4728; baseline 0 1"><span class='ocrx_word' id='word_1_317' title='bbox 0 0 1446 4728; x_wconf 95' lang='lat' dir='ltr'><strong><em> </em></strong></span> 
     </span>
    </p>
   </div>
  </div>
 </body>
</html>
