3092 4702
595 308 805 374 ..60-

143 495 266 577 qudam
289 501 323 561 at
343 496 505 562 terminus.
528 497 568 562 ab
591 514 628 562 eo
650 495 873 578 postliminium
896 497 1024 574 dictum,
1054 495 1131 577 qnia
1152 499 1261 565 eodem

143 614 246 682 limine
267 617 497 696 recensebatur,
521 635 583 698 qno
606 618 742 684 amissos
763 625 831 684 erat
853 620 907 701 qui
928 619 969 684 ab
991 618 1136 687 hostibus
1151 625 1261 702 captus

143 733 251 800 inerat
303 753 364 802 non
387 737 488 802 solum
510 756 588 802 uero
615 737 669 817 qui
696 737 803 803 hostes
824 737 942 819 ingerit
963 738 1013 805 uel
1036 741 1077 805 ab
1099 740 1146 805 eis
1167 737 1263 804 fuerit

143 851 288 919 dimissus
309 853 500 936 postliminio
523 857 632 933 utitur,
655 862 704 922 eet
725 855 753 922 is
773 874 907 940 quoque,
930 858 984 938 qui
999 857 1093 926 uictis
1108 857 1260 936 hostibus,

109 972 272 1039 danobis
294 974 498 1056 reciperetur.
532 977 562 1038 6.
585 975 724 1040 Patriam
746 980 934 1057 potestatem
957 975 1163 1058 emancipatio
1185 994 1261 1057 qno·
1295 971 1312 1023 ⁶

140 1110 195 1174 qua
222 1093 330 1160 soluit
375 1101 408 1160 et
440 1094 516 1177 quid
549 1101 599 1161 est
630 1094 858 1176 emancipatio?
890 1095 1066 1176 negotium,
1099 1113 1163 1176 qno
1195 1100 1261 1160 tres

141 1213 381 1294 mancipationes
402 1221 436 1278 et
456 1219 522 1278 tres
544 1212 811 1286 manumissiones,
833 1211 885 1278 nel
907 1231 971 1278 una
984 1211 1172 1294 mancipatio
1189 1229 1263 1278 nna·

140 1348 196 1412 qne
230 1331 435 1396 manumissio
466 1330 678 1397 continentur:
715 1329 811 1396 debat
837 1335 942 1396 antem
971 1331 1044 1396 olim
1072 1328 1261 1412 mancipatio

140 1447 193 1514 hoc
215 1449 320 1514 modo.
362 1448 502 1532 quinque
523 1448 656 1514 aderant
685 1455 782 1514 testes
810 1455 842 1515 et
870 1447 1038 1532 libripens,
1067 1448 1122 1532 qui
1149 1449 1261 1515 libram

141 1573 170 1631 et
197 1584 362 1633 nummum
384 1566 466 1632 aeris
499 1564 633 1645 terebat,
666 1573 700 1632 et
730 1567 793 1632 alia
825 1583 950 1650 quoque
982 1567 1085 1632 media
1117 1585 1261 1650 persona.
1281 1575 1313 1628 ιο

140 1687 251 1752 deinde
279 1703 385 1751 coram
407 1685 482 1767 ipsis
505 1685 608 1751 media
627 1684 873 1768 personafflium
888 1693 1012 1768 epatre
1027 1686 1159 1764 emebat,
1183 1686 1260 1752 dans

140 1804 168 1870 ei
188 1804 259 1871 loco
280 1802 377 1886 pretii
398 1804 575 1887 imaginarii
596 1823 756 1870 nummum
779 1823 885 1883 unum,
908 1812 941 1871 et
962 1805 1008 1871 sie
1030 1806 1060 1870 in
1083 1804 1153 1871 eius
1174 1812 1259 1888 pote·

140 1929 252 1990 statem
274 1942 355 2006 puer
375 1923 466 2006 qnasi
488 1925 520 1988 in
543 1923 645 1990 locum
667 1925 751 1989 serui
772 1924 913 1990 cadebat
941 1923 1171 1990 medicantem
1193 1942 1260 2006 per·

139 2059 215 2108 sona
237 2061 372 2124 puerum
394 2041 535 2109 uindicta
561 2043 816 2118 manumittebat‚
846 2043 901 2124 qui
930 2041 1027 2109 tacita
1055 2044 1190 2122 quadam
1212 2063 1262 2109 ra·

140 2161 224 2227 tione
246 2161 280 2226 in
303 2161 400 2242 patuis
423 2167 611 2244 potestatem
634 2161 767 2228 redibat
813 2181 923 2228 rursus
945 2181 1015 2230 eum
1039 2162 1147 2230 eodem
1170 2161 1312 2227 modom

140 2281 298 2348 uendebat
319 2289 351 2348 et
377 2282 420 2360 is,
450 2283 503 2364 qui
532 2283 671 2361 emebat,
699 2281 839 2346 uindicta
865 2299 936 2346 eum
963 2280 1202 2346 manumittebat
1229 2287 1261 2346 et

138 2401 253 2466 iterum
274 2401 385 2482 ignota
406 2401 541 2482 quadan
562 2401 684 2467 ratione
705 2401 737 2466 in
758 2401 858 2482 patris
881 2399 1101 2468 reuertebotnr
1122 2404 1259 2481 potesta·

138 2526 212 2586 tem.
255 2519 351 2584 tertio
378 2525 484 2586 autem
513 2518 778 2596 commodabat,
806 2525 839 2584 et
867 2518 914 2585 sie
935 2519 984 2584 ius
1007 2517 1174 2598 potestatis
1197 2517 1259 2583 dis·

137 2635 332 2716 solnebatur,
353 2638 633 2704 manumittsbstur
656 2647 761 2705 autem
788 2637 870 2703 filius
898 2639 1037 2705 uindicta
1057 2644 1090 2704 et
1111 2637 1161 2702 sui
1182 2637 1260 2702 iuris

136 2753 242 2822 fiebat
293 2757 400 2837 itaque
433 2757 561 2822 solnunt
588 2757 638 2822 ins
664 2757 830 2837 potestatis
858 2763 925 2822 tres
953 2755 1199 2839 mancipationes
1228 2763 1261 2822 et
1278 2769 1312 2820 ao

135 2883 204 2940 tras
231 2873 507 2941 manumissiones:
535 2875 723 2956 mancipatio
752 2881 857 2940 autem
886 2873 1003 2958 emptio
1031 2874 1173 2941 uenditio
1200 2883 1259 2954 cst,

133 3011 221 3074 quae
239 2994 327 3060 iuxta
348 2994 544 3076 praedictum
567 2996 692 3060 modum
708 2992 753 3060 fit.
774 2993 874 3060 filium
895 2999 1000 3060 autern
1022 2994 1074 3060 sni
1095 2993 1173 3060 iuris
1195 2994 1258 3060 effi·

134 3117 227 3182 ciunt
247 3123 312 3183 mes
334 3116 579 3199 mancipationcs
601 3135 638 3183 ac
660 3125 725 3184 tres
748 3117 1016 3184 manumissiones.
1059 3116 1131 3183 ideo
1154 3123 1259 3181 autem

134 3235 267 3301 uenibat
287 3233 380 3314 filius,
402 3242 440 3301 ut
460 3237 492 3300 in
507 3235 692 3302 seruitutem
707 3235 844 3302 incidere
858 3235 1031 3312 uideretur,
1053 3233 1162 3315 sieque
1176 3239 1261 3300 recte

132 3351 166 3418 iu
178 3371 254 3419 enm
266 3355 467 3421 manumissio
478 3353 869 3436 compateret31iberenim
881 3352 1058 3420 manumitti
1070 3371 1132 3419 non
1144 3351 1261 3433 potuis·
1277 3367 1312 3418 ao

134 3481 195 3536 set.
242 3470 305 3536 filia
335 3478 441 3537 autem
472 3479 504 3538 et
529 3489 626 3554 nepos
655 3472 800 3554 neptisue
832 3479 864 3537 et
896 3469 1043 3553 deinceps
1075 3489 1132 3552 per
1164 3487 1259 3535 unam

134 3591 399 3673 mancipationem
423 3610 579 3674 unamque
600 3592 875 3658 manumissionem
898 3591 948 3655 sui
977 3589 1055 3655 iuris
1083 3587 1260 3656 efficieban-

135 3717 200 3774 tur.
245 3725 324 3789 quae
346 3717 379 3776 et
400 3709 468 3776 sine
488 3709 652 3792 principali
673 3707 827 3792 rescripto
847 3707 973 3774 fiebant
1018 3714 1068 3773 aet
1093 3706 1172 3772 baec
1193 3705 1260 3787 qui·

135 3829 211 3894 dem
239 3829 321 3894 olim:
352 3835 462 3911 postea
483 3847 560 3896 uero
582 3828 649 3894 iata
669 3835 718 3896 est
739 3827 872 3910 piissimi
894 3826 1042 3910 principia
1065 3825 1165 3891 nostri
1187 3842 1261 3891 con-

133 3945 472 4029 commonacum
494 3951 525 4012 in
548 3947 658 4014 melius
680 3945 873 4024 reformauit,
895 3950 932 4010 ut
954 3951 1062 4010 uetere
1080 3941 1206 4010 fictione
1227 3948 1261 4010 et
1276 3950 1312 4003 so
