2898 4712
562 355 793 418 -261-

113 542 266 608 bonorum
288 543 515 623 possessionem
540 542 665 608 nunde
687 541 853 622 liberi«,
876 561 937 609 eos·
953 544 992 608 ad
1009 543 1236 609 successionem

115 659 255 728 defuncti
270 681 385 728 uocans
400 662 528 745 perinde
543 680 580 728 ac
595 663 620 726 si
638 663 746 728 mortis
762 670 902 743 tempore
918 663 1066 728 habuerit
1078 671 1169 745 pater
1183 681 1236 729 eos

113 781 143 844 in
153 789 322 864 potestate,
338 784 404 848 sine
420 782 478 848 soli
494 782 567 862 sint,
584 783 651 848 siue
666 781 743 848 alios
758 783 838 849 filios
853 783 884 848 in
901 791 1056 866 potestate
1071 782 1236 848 defunctus

112 901 275 968 habuerit:
300 901 394 968 simul
408 904 490 968 enim
506 921 575 968 cnm
598 903 676 984 ipsis
692 910 886 970 concurrent.
902 905 1008 986 itaque
1024 903 1144 984 siquis,
1162 903 1235 968 duo·

112 1021 169 1084 bns
188 1019 299 1086 liberis
316 1023 493 1090 extantibus
512 1023 611 1088 altero
630 1024 825 1106 emancipato
851 1031 883 1089 et
903 1021 1003 1090 altero
1023 1021 1056 1088 in
1081 1029 1236 1105 potestate
1269 1013 1286 1064 ⁵

112 1151 255 1208 mortuns
267 1142 318 1222 sit,
331 1162 405 1210 sane
417 1147 484 1211 iure
495 1145 579 1212 ciuili
591 1147 675 1212 solus
687 1147 740 1227 qni
752 1147 783 1212 in
797 1151 952 1226 potestate
963 1145 1067 1219 fuerit,
1079 1163 1148 1210 cnm
1160 1161 1237 1209 suus

111 1263 203 1328 heres
227 1264 283 1344 sit,
305 1265 486 1341 uocabitur;
516 1275 563 1336 set
591 1285 660 1332 cnm
674 1269 887 1349 emancipatus
903 1264 1054 1332 beneficio
1081 1263 1236 1345 praetoris

111 1383 282 1449 adiuuetur
303 1389 336 1450 et
357 1388 388 1450 in
411 1385 570 1450 dimidiam
587 1395 706 1467 partem
722 1388 917 1463 admittatur,
933 1385 1057 1450 eueniet
1072 1384 1129 1448 hoc
1145 1381 1236 1447 modo

72 1499 104 1548 ¹⁰·
114 1515 147 1568 nt
169 1522 248 1569 suus
270 1504 362 1569 heres
385 1524 445 1569 non
467 1505 499 1569 in
522 1505 703 1570 uniuersum
727 1507 828 1571 setin
851 1511 970 1586 partem
997 1511 1139 1569 uocetur.
1186 1500 1234 1564 10.

113 1625 198 1690 Duos
221 1623 302 1690 filios
324 1626 419 1690 habui
441 1626 473 1689 in
495 1632 651 1708 potestate
666 1625 805 1691 Primum
829 1632 861 1691 et
883 1623 1073 1692 Secundum:
1096 1623 1235 1688 Primum
1256 1641 1288 1692 ιο

114 1743 318 1828 emancipani
342 1743 519 1810 Secundum
542 1746 574 1810 in
598 1753 754 1827 potestate
781 1744 906 1810 retinui.
949 1743 1073 1810 Primus
1101 1742 1235 1808 emanci-

114 1872 203 1945 patus
227 1865 429 1944 semetipsum
451 1865 482 1929 in
506 1865 739 1946 adrogationem
763 1862 844 1928 Titio
868 1863 964 1929 dedit
1000 1861 1032 1928 Si
1054 1864 1180 1928 eueniat
1200 1867 1236 1927 ut

114 2001 169 2064 ego
196 1985 366 2049 intestatus
397 1983 559 2056 decedam,
590 1982 751 2049 Secundus
779 1985 864 2049 solus
890 1984 964 2047 mihi
991 1983 1150 2059 succedet,
1175 1999 1234 2046 non

115 2121 187 2166 uero
211 2111 245 2167 et
259 2102 394 2183 Primus,
417 2105 471 2185 qui
492 2102 524 2166 in
548 2104 698 2185 adoption
720 2101 795 2166 Titii
818 2102 935 2166 familia
956 2101 1060 2178 suerit,
1084 2101 1235 2165 eiusmodi

115 2224 192 2287 enim
215 2223 300 2289 filins
323 2225 362 2290 ad
386 2244 453 2290 mea
476 2245 536 2291 non
559 2225 723 2309 perueniet
745 2229 836 2292 bona.
861 2227 935 2291 haec
957 2234 1060 2290 tamen
1084 2227 1129 2289 ita
1144 2225 1234 2291 modo
1255 2228 1286 2280 15

115 2344 293 2424 accipienda
314 2353 403 2423 sunt,
425 2347 452 2410 si
474 2348 584 2410 mortis
614 2365 701 2412 meae
730 2352 870 2427 tempore
901 2345 932 2410 in
962 2345 1112 2426 adoptiua
1141 2344 1236 2409 fuerit

115 2463 245 2544 iamiiia3
274 2483 344 2528 nam
367 2467 393 2530 si
418 2483 467 2530 me
494 2466 568 2530 uiuo
590 2465 690 2530 Titius
718 2486 787 2530 eum
818 2466 1076 2547 emancipanerit,
1107 2463 1235 2545 perinde

116 2583 193 2646 bona
215 2602 286 2648 mea
308 2585 459 2650 naturalis
482 2585 549 2650 eius
572 2585 671 2666 patris
694 2586 893 2666 adipiscetur,
917 2584 1061 2666 amnesi
1084 2601 1141 2664 ago
1164 2601 1234 2650 eum

116 2706 356 2786 emancipasaem
401 2725 457 2770 nec
501 2723 637 2786 unquam
681 2708 712 2770 in
757 2707 908 2787 adoption
952 2703 1064 2769 fuisset
1107 2702 1233 2768 familia.

117 2831 146 2887 et
187 2829 409 2892 conuenienter
453 2829 567 2893 dicitnr
608 2827 689 2908 quod
733 2828 773 2891 ad
822 2845 892 2891 eum
937 2827 990 2906 qui
1035 2827 1102 2890 eius
1144 2833 1286 2908 paterio

116 2943 280 3027 adoptiuus
313 2947 423 3027 fuerit,
451 2955 617 3014 extranens
651 2951 717 3031 ipse
750 2967 941 3029 permanere.
994 2946 1026 3011 Si
1054 2965 1130 3011 nero
1163 2951 1233 3027 post

117 3073 244 3130 mortem
268 3085 367 3132 meam
390 3088 461 3134 eum
483 3069 583 3133 Titius
611 3071 870 3150 emancipauerit,
900 3070 992 3134 etiam
1021 3075 1171 3154 qnantum
1194 3068 1234 3131 ad

117 3182 194 3250 hunc
216 3187 356 3252 extranei
379 3187 445 3253 loco
469 3187 531 3254 fiet.
576 3188 658 3271 qnod
681 3189 750 3254 ideo
778 3191 823 3254 sic
851 3189 969 3270 placuit
994 3191 1067 3271 quia
1094 3187 1233 3268 iniquum

119 3303 215 3368 uisum
238 3305 340 3371 estin
362 3313 517 3388 potestate
540 3327 609 3375 esse
631 3309 731 3391 patris
753 3309 892 3390 adoptiui
919 3308 959 3373 ud
982 3325 1061 3387 quos
1084 3307 1234 3371 naturalis
