2920 4750
559 358 798 422 -484-

124 529 326 595 introductae.
373 539 461 595 actor
484 532 566 597 enim
593 533 682 599 initio
706 533 770 598 litis
798 553 837 599 ex
864 533 1015 617 principis
1042 534 1141 598 nostri
1164 553 1236 598 con·

124 655 280 720 stitutione
304 656 408 720 iurare
432 657 567 740 cogitur,
596 679 667 723 sese
691 660 775 724 bona
798 659 948 723 instantia
970 659 1012 722 ad
1038 664 1236 742 praesentem

123 779 207 843 litem
230 781 421 863 peruenisse.
468 788 500 846 et
524 783 588 846 alia
616 790 665 847 est
691 784 890 848 sanctissima
918 783 1058 849 eiusdem
1085 784 1236 868 principis

123 904 308 986 constitutio,
327 926 408 986 quae
423 907 583 988 utriusque
600 910 699 992 partis
716 909 887 995 aduocatos
904 908 1118 974 iusiurandum
1132 909 1237 974 subire

122 1030 214 1112 cogit.
259 1030 327 1095 Hoc
351 1037 454 1096 antem
479 1032 695 1098 iusiurandum
718 1035 864 1118 princeps
887 1042 996 1099 noster
1018 1034 1190 1099 introduxit
1205 1035 1236 1098 in
1274 1045 1289 1096 5

120 1155 223 1219 locum
247 1156 363 1221 ueteris
386 1157 563 1222 calumniae
588 1159 730 1240 actioniS,
756 1179 837 1240 qnae
853 1159 1059 1224 desuetudine
1084 1161 1237 1241 abrogata

121 1287 176 1343 est.
223 1301 295 1344 nam
320 1281 346 1345 si
370 1301 431 1365 ego
448 1281 601 1348 aduersus
617 1283 774 1363 quendam
792 1283 934 1364 qnalibet
950 1285 1073 1349 actione
1090 1291 1237 1369 expertus

119 1402 233 1469 deinde
262 1406 363 1471 uictus
391 1407 521 1472 fuissem
552 1415 583 1471 et
613 1407 821 1473 calumniator
851 1409 1084 1492 apparuissem,
1114 1416 1238 1493 poterat

118 1549 191 1594 rens
215 1551 322 1595 rursus
345 1531 500 1596 aduersus
523 1553 572 1596 me
597 1534 772 1598 calumniae
790 1533 912 1598 actione
929 1535 1075 1617 experiri,
1101 1556 1182 1617 qnae
1205 1537 1238 1600 in

119 1654 274 1719 decimam
307 1677 428 1739 eorum,
465 1677 547 1738 qnae
578 1657 755 1741 petiissem,
791 1666 912 1742 partem
946 1659 1236 1724 condemnationem
1259 1669 1292 1719 ιο

118 1778 266 1845 habebat.
320 1789 355 1846 ut
387 1802 461 1847 ecoe
492 1783 707 1864 condixeram,
743 1784 832 1847 uerbi
862 1784 980 1866 gratia,
1015 1784 1178 1850 Gaureos
1206 1791 1237 1848 et

117 1905 361 1970 succubueram:
391 1907 424 1970 in
447 1908 477 1971 X
501 1928 615 1972 aureos
638 1927 759 1972 meeum
784 1908 822 1972 de
847 1908 1004 1974 calumnia
1027 1909 1080 1991 agi
1104 1915 1236 1992 poterat.

116 2052 189 2096 oum
212 2033 309 2116 igitur
329 2035 505 2100 calumniae
523 2036 604 2100 aetio
621 2057 684 2101 non
698 2037 961 2118 frequentaretur,
986 2036 1019 2099 in
1042 2035 1110 2099 eius
1134 2036 1235 2099 locum

116 2167 263 2242 coeptum
285 2168 333 2224 est
355 2160 580 2241 iusiurandum,
612 2161 657 2226 nti
678 2161 794 2225 dictum
818 2167 874 2241 est,
897 2159 983 2244 exigi
1006 2168 1038 2225 et
1060 2160 1235 2244 improbum
1260 2139 1262 2146 ⁵

115 2283 320 2365 llitigatorem
344 2285 415 2368 cogi
439 2286 598 2369 impensas
629 2285 812 2350 aduersario
836 2286 976 2366 soluere,
1001 2285 1033 2349 in
1057 2305 1135 2367 quas
1165 2305 1234 2349 eum
1257 2298 1289 2348 lu

80 2415 237 2472 atemere
265 2409 416 2492 litigando
445 2411 584 2476 deduxit.
627 2414 655 2478 2.
679 2411 810 2476 Praeter
833 2430 952 2495 poenas
975 2412 1129 2476 aduersus
1152 2430 1234 2492 reos,

114 2552 199 2614 quas
214 2533 247 2597 in
262 2535 474 2618 superioribus
492 2536 753 2618 enumerauimuS,
775 2542 847 2600 sunt
862 2536 947 2600 aliae
963 2555 1087 2619 qnoque
1103 2556 1235 2620 poenae.

113 2665 191 2722 sunt
214 2659 295 2722 enim
320 2659 476 2740 quaedam
500 2662 650 2742 actiones,
676 2681 715 2726 ex
740 2661 852 2741 quibus
873 2661 1014 2726 damnati
1034 2661 1236 2742 ignominiosi

112 2782 209 2846 finnt:
241 2803 280 2847 ex
308 2783 476 2866 delictis,
507 2786 606 2850 ueluti
633 2787 666 2850 in
695 2786 811 2850 indicio
840 2786 913 2849 furti
942 2792 996 2849 aut
1024 2785 1056 2848 ui
1084 2786 1236 2850 bonorum

112 2913 277 2992 raptorum
313 2915 367 2974 aut
401 2909 584 2975 iniuriarum
615 2919 669 2974 ant
697 2911 735 2975 de
764 2911 852 2976 dolo:
889 2930 929 2974 ex
961 2910 1234 2992 contractibus,
1255 2919 1290 2971 20

114 3035 167 3099 nel
185 3034 297 3114 qnasi
319 3055 364 3100 ex
387 3036 664 3118 contractibus,
688 3036 786 3100 ueluti
802 3036 834 3100 in
850 3034 1026 3100 actionibus
1042 3035 1161 3099 tutelae
1182 3042 1236 3099 ant

112 3159 259 3223 mandati
282 3167 336 3224 aut
359 3159 508 3242 depositi,
533 3160 660 3224 directis
684 3161 828 3225 nimirum
852 3181 914 3227 non
941 3160 1037 3225 etiam
1061 3159 1235 3224 contrariis.

113 3283 296 3348 contrariae
320 3283 402 3351 anun
426 3283 569 3348 famosae
592 3304 655 3348 non
678 3289 764 3348 sunt:
794 3284 891 3349 ueluti
915 3284 998 3349 actio
1022 3284 1139 3348 tutelae
1163 3302 1235 3347 con·

111 3408 225 3490 traria,
251 3429 343 3490 quam
361 3415 443 3474 tutor
458 3408 554 3473 habet
570 3409 722 3473 aduersus
742 3409 895 3493 pupillum
918 3429 975 3492 pro
999 3409 1047 3491 iis,
1071 3428 1153 3489 quae
1177 3429 1234 3491 pro

113 3552 152 3596 eo
184 3532 345 3616 impendit.
407 3533 491 3597 aetio
524 3533 666 3600 mandati
697 3533 856 3597 contraria
888 3533 990 3598 locum
1022 3533 1132 3615 hahet,
1164 3553 1234 3598 cnm
1255 3543 1288 3596 25

112 3657 301 3722 mandatum
336 3657 527 3742 acceperim,
562 3663 597 3721 nt
627 3677 684 3741 pro
713 3665 744 3721 te
779 3678 886 3739 agam
923 3665 954 3721 et
987 3677 1044 3741 per
1072 3677 1141 3722 eam
1170 3656 1235 3722 litis

113 3782 278 3865 impensas
302 3803 321 3846 a
344 3788 375 3845 te
398 3787 481 3866 peto.
525 3781 683 3846 connatis
707 3781 842 3865 depositi
866 3781 948 3846 actio
973 3781 1122 3864 competit
1145 3781 1235 3846 uerbi
