2926 4708
557 359 789 426 -185-

112 551 225 612 rernm
246 545 388 612 Tertium
409 545 527 628 pariter
548 535 696 616 heredem
719 565 788 614 essa
810 565 913 632 posse,
936 549 1004 616 siue
1025 547 1150 618 Primus
1171 556 1241 618 tan·

77 664 275 730 ttnmmodo
296 664 367 732 sine
388 667 484 732 etiarn
507 665 670 734 Secundus
690 667 824 735 heredes
852 666 932 735 facti
951 685 1013 735 non
1037 667 1164 738 inerint
1208 673 1239 766 d.

111 781 248 850 Seruum
270 789 360 851 tunm
382 783 515 853 liberum
537 805 607 854 esse
628 787 810 854 existimans
831 787 983 856 heredem
1001 788 1135 870 institui,
1157 791 1242 859 adie-

110 905 215 988 ciqne:
237 905 271 971 si
293 905 408 974 heres
428 906 528 972 mihi
554 927 631 974 non
660 907 758 988 erit,
789 908 968 976 Maeuius
995 908 1114 976 heres
1143 915 1239 977 esto.
1268 959 1273 964 -

111 1030 183 1106 post
205 1030 339 1092 mortem
361 1043 461 1092 meam
483 1025 604 1092 inssisti
625 1026 772 1094 heredem
796 1032 885 1093 tunm
908 1044 1000 1111 quem
1026 1027 1173 1095 heredem
1195 1029 1240 1096 in·
1273 1027 1293 1080 ὅ

113 1142 291 1224 stitueram
312 1143 520 1212 hereditatem
541 1143 641 1211 adire.
664 1144 830 1229 quaeritur
852 1165 892 1212 an
913 1145 1003 1213 iocus
1023 1145 1241 1214 substitutioni

112 1260 177 1328 ist.
223 1267 257 1328 et
276 1263 377 1344 magis
399 1269 448 1329 est
470 1269 507 1330 ut
533 1263 727 1330 substitutus
755 1263 917 1330 dimidiam
945 1270 1067 1347 partem
1094 1265 1239 1347 accipiat

114 1385 162 1446 eet
192 1379 256 1446 en‘t
284 1381 338 1463 qui
366 1381 450 1448 dicat
475 1381 682 1449 substitutum
714 1387 815 1448 totum
844 1383 908 1450 eibi
940 1401 1052 1466 capere
1083 1391 1239 1466 oportere,

113 1517 182 1564 cnm
204 1505 341 1567 testator
361 1499 486 1567 dixerit:
513 1501 585 1568 ille
606 1501 704 1568 mihi
726 1502 845 1569 heres
867 1507 971 1582 esto,
1000 1503 1034 1568 si
1056 1503 1239 1572 Maeuius

113 1637 180 1687 non
203 1621 293 1686 erit
338 1640 440 1689 nonne
462 1622 560 1706 igitur
582 1640 653 1688 curo
674 1622 848 1703 institutus,
871 1626 981 1704 utpote
1003 1641 1124 1702 seruus,
1147 1624 1239 1690 heres
1259 1629 1293 1682 10

115 1735 264 1806 horinon
286 1739 436 1821 potuerit,
458 1739 665 1807 substitutum
686 1741 727 1805 ad
752 1741 932 1808 uniuersam
955 1741 1162 1808 hereditatem
1184 1763 1240 1810 uo-

115 1875 182 1924 care
202 1857 387 1942 oportebit?
408 1864 457 1926 set
478 1860 519 1926 ad
540 1860 619 1927 haec
640 1861 893 1942 respondendum
915 1867 965 1927 est
986 1861 1084 1928 nerim
1106 1861 1160 1926 ilia
1183 1861 1239 1928 »si

115 1977 227 2043 heres
249 1997 324 2045 non
347 1979 458 2058 erit«,
481 1978 584 2062 siqui
607 1978 772 2046 institutus
794 1985 844 2046 est
871 1979 965 2046 alieni
993 1984 1042 2046 est
1070 1980 1164 2059 iuris,
1193 1981 1238 2046 id·

116 2112 173 2176 que
193 2101 330 2163 testator
351 2096 485 2178 nouerit,
507 2096 554 2162 ita
575 2115 646 2164 esse
667 2096 850 2180 accipienda
875 2099 902 2162 si
928 2115 1030 2180 neque
1057 2097 1125 2179 ipse
1151 2098 1239 2164 insti·

116 2219 200 2280 tntus
219 2213 314 2281 heres
337 2214 408 2296 erit,
430 2234 533 2298 neque
554 2215 650 2282 adum
670 2216 817 2283 heredem
833 2215 980 2293 effecerit,
1002 2215 1086 2281 idest
1100 2217 1128 2282 ei
1143 2232 1238 2296 quae
1258 2229 1290 2282 lt

118 2338 166 2398 rat
184 2333 407 2414 hereditatem,
434 2341 471 2400 ut
491 2334 594 2402 locum
615 2336 733 2403 habeat
754 2335 945 2402 substitutio.
990 2336 1030 2401 de
1056 2335 1110 2400 ilio
1132 2341 1237 2403 autem

117 2453 278 2533 instituto,
317 2473 411 2536 quem
450 2461 585 2522 testator
623 2455 877 2538 patremfamilias
910 2473 979 2522 esse
1011 2455 1236 2537 arbitrabatur,

118 2575 210 2641 uerba
234 2575 287 2640 »si
309 2575 422 2641 heres
443 2594 517 2642 non
540 2576 647 2642 erit«
671 2574 749 2641 illud
772 2573 959 2660 significant,
981 2576 1008 2641 si
1030 2575 1237 2642 hereditatem

118 2693 175 2760 sibi
195 2697 265 2760 ciue
287 2695 377 2762 cuius
398 2696 461 2762 iuri
483 2696 644 2763 subiectus
665 2701 776 2780 postea
797 2715 867 2763 esse
889 2697 1028 2781 coeperit
1048 2714 1110 2763 non
1125 2695 1236 2778 adqui·

119 2809 213 2892 sierit,
235 2820 272 2880 ut
293 2815 382 2882 iocus
404 2816 620 2882 substitutioni
641 2815 674 2883 in
696 2835 800 2882 assem
820 2815 887 2882 fiat
937 2815 988 2883 hic
1011 2822 1135 2895 autem,
1166 2832 1236 2882 oum
1254 2830 1290 2884 ao

117 2930 176 2996 iam
201 2931 294 2999 alieni
322 2934 402 3000 iuris
423 2941 508 3002 esset
528 2935 583 3018 qui
604 2934 656 3001 sui
676 2934 756 3001 iuris
783 2953 853 3002 esse
875 2935 1069 3013 crederetur,
1099 2935 1170 3000 ideo
1191 2951 1236 3000 se

117 3053 238 3118 missam
259 3056 455 3121 substitutus
478 3056 621 3138 accipiet,
644 3055 740 3139 idque
761 3055 855 3122 diuus
878 3053 1055 3122 Antoninus
1077 3053 1238 3134 rescripsit

118 3171 147 3236 iu
175 3191 308 3256 persona
334 3171 497 3241 Parthenii
526 3175 612 3242 serui
639 3175 698 3241 sui.
750 3172 952 3242 Parthenium
981 3174 1063 3240 enim
1093 3171 1237 3239 Caesaris

118 3309 240 3358 seruum
255 3299 369 3376 putans
384 3292 456 3375 quis
469 3293 603 3360 liberum
620 3311 690 3360 esse
705 3292 851 3361 heredem
872 3293 1063 3374 instituerat,
1084 3289 1238 3358 substitu-
