2898 4712
522 395 756 461 ..259-

74 601 134 665 one
153 582 190 648 in
211 583 384 665 patrissui
407 583 508 650 iocum
537 584 713 650 succedere.
761 585 829 666 pari
858 581 981 648 ratione
1010 582 1097 647 etsi
1124 580 1198 664 quis

74 707 216 768 mortuus
238 701 333 768 inerit
354 711 498 786 nepotem
520 710 686 784 neptemue
714 723 753 768 ex
775 702 879 768 Primo
906 701 969 767 filio
995 705 1196 784 praemortuo

74 821 253 902 relinquens
283 827 378 904 atque
412 841 449 888 ex
478 829 591 904 nepote
618 822 738 904 pariter
767 827 966 902 praemortuo
994 826 1195 903 pronepotem

74 949 316 1024 proneptemue,
340 961 436 1024 nepos
459 961 497 1008 ex
518 939 625 1007 Primo
652 950 684 1007 et
715 959 869 1022 pronepos
899 961 937 1008 ex
966 946 1077 1020 nepote
1106 938 1197 1005 simul

75 1069 238 1138 uocantur,
260 1061 446 1128 sicutenim
469 1071 598 1143 nepotes
620 1062 652 1128 in
676 1063 731 1128 filii
754 1064 799 1128 ita
822 1069 854 1127 et
867 1067 1057 1144 pronepotes
1072 1061 1103 1126 in
1127 1078 1198 1126 sno-
1231 1075 1248 1126 5

75 1200 141 1246 rnm
167 1163 345 1262 parentium
368 1183 469 1250 locum
492 1183 673 1248 succedunt
719 1183 831 1264 quibus
859 1197 1051 1260 consequens
1079 1185 1127 1244 est
1155 1179 1198 1244 di-

77 1321 145 1367 cere
168 1320 231 1367 non
254 1303 285 1367 in
308 1302 412 1384 capita
434 1309 483 1368 set
505 1303 535 1366 in
559 1300 675 1383 stirpes
698 1299 837 1366 defuncti
859 1299 957 1366 diuidi
980 1299 1197 1377 hereditatem,

77 1430 110 1487 nt
129 1421 217 1488 fidus
237 1419 399 1488 dimidiam
428 1421 614 1490 hereditatis
644 1427 763 1503 partem
797 1421 925 1498 habeat,
958 1439 996 1485 ex
1028 1418 1092 1485 filio
1124 1437 1200 1484 uero

78 1549 275 1624 praemortuo
308 1551 437 1626 nepotes
471 1543 532 1609 duo
559 1542 708 1625 pluresue
736 1541 867 1608 alteram
902 1539 1071 1606 dimidiam.
1120 1537 1198 1604 Cum

80 1663 157 1728 enim
181 1669 272 1744 pater
294 1682 402 1729 eorum
424 1664 535 1728 uiuens
557 1663 716 1727 dimidiam
739 1662 910 1744 accepisset
931 1665 1063 1742 partem,
1086 1659 1145 1739 ipsi
1167 1656 1198 1722 in
1220 1669 1253 1722 lo

80 1785 143 1848 eius
187 1782 291 1848 locum
338 1784 540 1848 succedentes
583 1784 693 1848 merito
736 1801 790 1848 sex
834 1782 941 1848 uncias
983 1781 1199 1857 consecuntur,

81 1919 157 1981 qnae
180 1911 214 1968 et
235 1901 280 1966 illi
302 1902 376 1967 uino
398 1903 492 1968 datae
514 1908 627 1968 essent.
677 1901 703 1966 si
730 1903 800 1984 quis
830 1919 906 1966 uero
930 1904 1077 1984 ¹mortuus
1107 1896 1202 1962 inerit

82 2019 174 2086 filium
198 2040 259 2087 non
282 2020 461 2100 relinquens
483 2027 533 2086 set
560 2039 598 2086 er
627 2020 748 2086 duobus
778 2019 850 2086 filiis
879 2020 1085 2100 praemortuis
1108 2035 1201 2099 nepo-

83 2149 136 2218 tes,
159 2159 197 2205 ex
220 2141 319 2206 attero
341 2159 437 2205 unum
460 2139 541 2206 forte
564 2147 708 2222 nepotem
732 2140 782 2204 uel
811 2140 906 2218 duos,
937 2157 975 2202 ex
1003 2139 1103 2203 altero
1125 2155 1201 2202 uero

85 2267 145 2326 tres
167 2263 218 2327 nel
242 2267 401 2344 quattuor,
425 2279 506 2326 unns
529 2260 581 2326 uel
603 2261 665 2326 duo
688 2261 846 2326 dimidiam
870 2265 1002 2342 partem,
1026 2264 1090 2323 tres
1112 2261 1252 2337 quat-15

50 2393 70 2446 t.
85 2387 192 2444 tuorue
215 2381 345 2445 alteram
368 2379 527 2445 dimidiam
558 2379 719 2462 accipient.
774 2381 803 2442 7.
838 2378 916 2444 Cum
946 2383 1050 2444 autem
1081 2375 1203 2458 qnaeri-

86 2493 149 2564 mus
171 2521 211 2566 an
233 2501 305 2584 quis
327 2520 403 2566 snus
426 2502 517 2567 heres
540 2499 686 2566 defuncto
708 2502 839 2578 existet,
863 2519 900 2564 eo
922 2507 1062 2580 tempore
1084 2497 1142 2560 hoc
1165 2495 1203 2559 de

89 2638 122 2684 eo
151 2623 331 2702 quaerimus
360 2639 429 2686 cnm
463 2628 583 2686 certum
617 2621 659 2685 sit
692 2619 874 2684 intestatum
905 2617 993 2682 illum
1023 2615 1202 2681 decessisse.

89 2740 142 2806 hoc
162 2761 237 2808 uero
259 2743 375 2808 accidit
403 2761 464 2808 non
492 2740 591 2807 solum
620 2760 690 2808 cum
718 2739 835 2805 nullnm
866 2756 995 2822 prorsus
1025 2737 1141 2801 iactum
1162 2733 1205 2800 sit

90 2867 314 2938 testamentum,
337 2866 387 2926 set
408 2861 501 2925 etiam
525 2879 594 2925 cum
611 2858 726 2924 factum
750 2857 875 2941 quidem
898 2859 948 2937 sit,
973 2857 1076 2922 nulius
1099 2860 1203 2920 antem
1222 2881 1256 2932 20

91 2979 159 3043 inde
179 2980 266 3045 heres
290 2979 354 3046 fiat.
400 2998 496 3060 quare
519 2981 546 3044 si
568 2980 637 3062 quis
659 2979 755 3044 filium
779 2979 897 3044 habens
920 2979 949 3042 in
973 2982 1130 3060 potestate
1153 2993 1205 3039 ne·

93 3109 249 3183 potemqne
271 3123 309 3170 ex
332 3123 369 3169 eo
391 3102 487 3168 filium
511 3102 765 3179 exheredauerit,
794 3109 1037 3181 extraneumque
1059 3097 1204 3162 heredem

94 3222 245 3304 scripserit
277 3229 372 3303 atque
400 3230 471 3304 post
500 3221 661 3288 testatoris
691 3228 832 3296 mortem,
862 3228 1009 3285 extraneo
1042 3217 1145 3282 adhuc
1167 3215 1206 3280 de

96 3341 230 3407 adeunda
250 3341 424 3408 hereditate
447 3340 649 3418 deliberante,
672 3339 755 3408 filius
777 3347 919 3406 mortuns
941 3339 997 3412 sit,
1021 3335 1134 3402 deinde
1155 3353 1207 3398 er·

97 3465 216 3525 traneus
247 3462 297 3526 nel
332 3459 548 3543 repudiauerit
580 3461 631 3525 uel
664 3466 749 3526 certe
783 3459 870 3524 adire
903 3457 1079 3538 nequiuerit
1112 3453 1205 3536 (sorte
1224 3479 1258 3532 25
