<?xml version="1.0" encoding="UTF-8"?>
<!DOCTYPE html PUBLIC "-//W3C//DTD XHTML 1.0 Transitional//EN"
    "http://www.w3.org/TR/xhtml1/DTD/xhtml1-transitional.dtd">
<html xmlns="http://www.w3.org/1999/xhtml" xml:lang="en" lang="en">
 <head>
  <title>
</title>
<meta http-equiv="Content-Type" content="text/html;charset=utf-8" />
  <meta name='ocr-system' content='tesseract 3.04.00' />
  <meta name='ocr-capabilities' content='ocr_page ocr_carea ocr_par ocr_line ocrx_word'/>
</head>
<body>
  <div class='ocr_page' id='page_1' title='image "./institutionumgr02linggoog_0410.png"; bbox 0 0 2926 4708; ppageno 0'>
   <div class='ocr_carea' id='block_1_1' title="bbox 534 336 766 403">
    <p class='ocr_par' dir='ltr' id='par_1_1' title="bbox 534 336 766 403">
     <span class='ocr_line' id='line_1_1' title="bbox 534 336 766 403; baseline 0.013 -3"><span class='ocrx_word' id='word_1_1' title='bbox 534 336 766 403; x_wconf 83' lang='lat'>-188-</span> 
     </span>
    </p>
   </div>
   <div class='ocr_carea' id='block_1_2' title="bbox 67 521 1267 3715">
    <p class='ocr_par' dir='ltr' id='par_1_2' title="bbox 67 521 1267 3715">
     <span class='ocr_line' id='line_1_2' title="bbox 100 521 1214 604; baseline 0.003 -17"><span class='ocrx_word' id='word_1_2' title='bbox 100 521 157 588; x_wconf 87' lang='lat' dir='ltr'>dom</span> <span class='ocrx_word' id='word_1_3' title='bbox 178 528 280 590; x_wconf 82' lang='lat' dir='ltr'>eertrs</span> <span class='ocrx_word' id='word_1_4' title='bbox 302 541 454 603; x_wconf 75' lang='lat' dir='ltr'><strong>personas</strong></span> <span class='ocrx_word' id='word_1_5' title='bbox 475 523 677 604; x_wconf 86' lang='lat' dir='ltr'>substituere,</span> <span class='ocrx_word' id='word_1_6' title='bbox 700 525 728 590; x_wconf 91' lang='lat' dir='ltr'>si</span> <span class='ocrx_word' id='word_1_7' title='bbox 749 523 904 593; x_wconf 89' lang='lat' dir='ltr'>eiusmodi</span> <span class='ocrx_word' id='word_1_8' title='bbox 926 523 1018 591; x_wconf 91' lang='lat' dir='ltr'>liberi</span> <span class='ocrx_word' id='word_1_9' title='bbox 1037 521 1214 591; x_wconf 80' lang='lat' dir='ltr'>dementire</span> 
     </span>
     <span class='ocr_line' id='line_1_3' title="bbox 100 640 1213 726; baseline 0.002 -18"><span class='ocrx_word' id='word_1_10' title='bbox 100 642 194 708; x_wconf 88' lang='lat' dir='ltr'>morbo</span> <span class='ocrx_word' id='word_1_11' title='bbox 216 643 353 708; x_wconf 93' lang='lat' dir='ltr'>nondum</span> <span class='ocrx_word' id='word_1_12' title='bbox 376 643 501 709; x_wconf 76' lang='lat' dir='ltr'>liberati</span> <span class='ocrx_word' id='word_1_13' title='bbox 523 642 725 710; x_wconf 78' lang='lat' dir='ltr'>decesserint.</span> <span class='ocrx_word' id='word_1_14' title='bbox 767 645 795 710; x_wconf 89' lang='lat' dir='ltr'>si</span> <span class='ocrx_word' id='word_1_15' title='bbox 817 650 922 711; x_wconf 84' lang='lat' dir='ltr'>autem</span> <span class='ocrx_word' id='word_1_16' title='bbox 945 640 1146 726; x_wconf 77' lang='lat' dir='ltr'>resipuerint</span> <span class='ocrx_word' id='word_1_17' title='bbox 1168 643 1213 710; x_wconf 91' lang='lat' dir='ltr'>iu·</span> 
     </span>
     <span class='ocr_line' id='line_1_4' title="bbox 99 762 1213 849; baseline 0.002 -21"><span class='ocrx_word' id='word_1_18' title='bbox 99 762 203 829; x_wconf 77' lang='lat' dir='ltr'>firmari</span> <span class='ocrx_word' id='word_1_19' title='bbox 225 763 319 830; x_wconf 86' lang='lat' dir='ltr'>iussit</span> <span class='ocrx_word' id='word_1_20' title='bbox 349 764 431 831; x_wconf 84' lang='lat' dir='ltr'>hunc</span> <span class='ocrx_word' id='word_1_21' title='bbox 459 765 724 832; x_wconf 82' lang='lat' dir='ltr'>substitutionem.</span> <span class='ocrx_word' id='word_1_22' title='bbox 776 766 835 833; x_wconf 89' lang='lat' dir='ltr'>hoo</span> <span class='ocrx_word' id='word_1_23' title='bbox 864 783 941 832; x_wconf 91' lang='lat' dir='ltr'>uero</span> <span class='ocrx_word' id='word_1_24' title='bbox 968 765 1010 832; x_wconf 84' lang='lat' dir='ltr'>ud</span> <span class='ocrx_word' id='word_1_25' title='bbox 1039 763 1213 849; x_wconf 82' lang='lat' dir='ltr'>exemplum</span> 
     </span>
     <span class='ocr_line' id='line_1_5' title="bbox 100 881 1212 970; baseline 0.001 -23"><span class='ocrx_word' id='word_1_26' title='bbox 100 881 249 964; x_wconf 76' lang='lat' dir='ltr'>pupillaris</span> <span class='ocrx_word' id='word_1_27' title='bbox 271 883 505 950; x_wconf 88' lang='lat' dir='ltr'>substitutionis</span> <span class='ocrx_word' id='word_1_28' title='bbox 527 883 658 964; x_wconf 84' lang='lat' dir='ltr'>inuenit,</span> <span class='ocrx_word' id='word_1_29' title='bbox 680 902 761 968; x_wconf 86' lang='lat' dir='ltr'>quse</span> <span class='ocrx_word' id='word_1_30' title='bbox 783 891 948 970; x_wconf 83' lang='lat' dir='ltr'>postquem</span> <span class='ocrx_word' id='word_1_31' title='bbox 961 931 964 937; x_wconf 88' lang='lat'><em>-</em></span> <span class='ocrx_word' id='word_1_32' title='bbox 979 881 1117 968; x_wconf 88' lang='lat' dir='ltr'>pupillus</span> <span class='ocrx_word' id='word_1_33' title='bbox 1138 881 1212 949; x_wconf 83' lang='lat' dir='ltr'>udo·</span> 
     </span>
     <span class='ocr_line' id='line_1_6' title="bbox 68 998 1265 1087; baseline 0 -21"><span class='ocrx_word' id='word_1_34' title='bbox 68 998 200 1068; x_wconf 65' lang='lat' dir='ltr'>2leuerit</span> <span class='ocrx_word' id='word_1_35' title='bbox 224 1000 411 1068; x_wconf 82' lang='lat' dir='ltr'>infirmetur.</span> <span class='ocrx_word' id='word_1_36' title='bbox 457 1003 487 1066; x_wconf 80' lang='lat'>2.</span> <span class='ocrx_word' id='word_1_37' title='bbox 521 1001 600 1068; x_wconf 85' lang='lat' dir='ltr'>Com</span> <span class='ocrx_word' id='word_1_38' title='bbox 628 1009 734 1070; x_wconf 81' lang='lat' dir='ltr'>sutem</span> <span class='ocrx_word' id='word_1_39' title='bbox 764 1003 927 1087; x_wconf 85' lang='lat' dir='ltr'>pupillum&#39;s</span> <span class='ocrx_word' id='word_1_40' title='bbox 954 1001 1140 1072; x_wconf 86' lang='lat' dir='ltr'>substitutio</span> <span class='ocrx_word' id='word_1_41' title='bbox 1165 1019 1213 1072; x_wconf 85' lang='lat' dir='ltr'>se·</span> <span class='ocrx_word' id='word_1_42' title='bbox 1247 1015 1265 1066; x_wconf 84' lang='lat' dir='ltr'>t</span> 
     </span>
     <span class='ocr_line' id='line_1_7' title="bbox 99 1121 1212 1207; baseline 0.004 -21"><span class='ocrx_word' id='word_1_43' title='bbox 99 1121 224 1188; x_wconf 87' lang='lat' dir='ltr'>cundum</span> <span class='ocrx_word' id='word_1_44' title='bbox 256 1121 431 1204; x_wconf 77' lang='lat' dir='ltr'>praelatum</span> <span class='ocrx_word' id='word_1_45' title='bbox 468 1121 593 1188; x_wconf 89' lang='lat' dir='ltr'>modom</span> <span class='ocrx_word' id='word_1_46' title='bbox 626 1123 668 1188; x_wconf 89' lang='lat' dir='ltr'>sit</span> <span class='ocrx_word' id='word_1_47' title='bbox 699 1123 861 1204; x_wconf 76' lang='lat' dir='ltr'>ordinatu,</span> <span class='ocrx_word' id='word_1_48' title='bbox 892 1123 1121 1207; x_wconf 80' lang='lat' dir='ltr'>quodammodo</span> <span class='ocrx_word' id='word_1_49' title='bbox 1149 1123 1212 1190; x_wconf 89' lang='lat' dir='ltr'>duo</span> 
     </span>
     <span class='ocr_line' id='line_1_8' title="bbox 99 1240 1212 1324; baseline -0.001 -18"><span class='ocrx_word' id='word_1_50' title='bbox 99 1249 162 1308; x_wconf 86' lang='lat' dir='ltr'>sunt</span> <span class='ocrx_word' id='word_1_51' title='bbox 174 1246 375 1318; x_wconf 77' lang='lat' dir='ltr'>testamento,</span> <span class='ocrx_word' id='word_1_52' title='bbox 398 1240 532 1308; x_wconf 85' lang='lat' dir='ltr'>ulternm</span> <span class='ocrx_word' id='word_1_53' title='bbox 546 1242 655 1323; x_wconf 83' lang='lat' dir='ltr'>putris,</span> <span class='ocrx_word' id='word_1_54' title='bbox 676 1244 707 1308; x_wconf 94' lang='lat' dir='ltr'>in</span> <span class='ocrx_word' id='word_1_55' title='bbox 730 1259 793 1324; x_wconf 86' lang='lat' dir='ltr'>quo</span> <span class='ocrx_word' id='word_1_56' title='bbox 808 1241 891 1309; x_wconf 87' lang='lat' dir='ltr'>filius</span> <span class='ocrx_word' id='word_1_57' title='bbox 913 1241 1005 1309; x_wconf 84' lang='lat' dir='ltr'>bores</span> <span class='ocrx_word' id='word_1_58' title='bbox 1026 1242 1212 1320; x_wconf 86' lang='lat' dir='ltr'>instituitur,</span> 
     </span>
     <span class='ocr_line' id='line_1_9' title="bbox 99 1358 1212 1446; baseline 0.003 -22"><span class='ocrx_word' id='word_1_59' title='bbox 99 1359 219 1426; x_wconf 81' lang='lat' dir='ltr'>ultorum</span> <span class='ocrx_word' id='word_1_60' title='bbox 231 1358 297 1438; x_wconf 86' lang='lat' dir='ltr'>filii,</span> <span class='ocrx_word' id='word_1_61' title='bbox 313 1360 420 1440; x_wconf 90' lang='lat' dir='ltr'>inquo</span> <span class='ocrx_word' id='word_1_62' title='bbox 435 1361 463 1426; x_wconf 90' lang='lat' dir='ltr'>ei</span> <span class='ocrx_word' id='word_1_63' title='bbox 479 1361 605 1444; x_wconf 80' lang='lat' dir='ltr'>quidum</span> <span class='ocrx_word' id='word_1_64' title='bbox 620 1361 826 1428; x_wconf 89' lang='lat' dir='ltr'>substituitur</span> <span class='ocrx_word' id='word_1_65' title='bbox 839 1367 990 1446; x_wconf 79' lang='lat' dir='ltr'>tunquam</span> <span class='ocrx_word' id='word_1_66' title='bbox 1005 1361 1032 1428; x_wconf 93' lang='lat' dir='ltr'>si</span> <span class='ocrx_word' id='word_1_67' title='bbox 1046 1363 1113 1444; x_wconf 90' lang='lat' dir='ltr'>ipse</span> <span class='ocrx_word' id='word_1_68' title='bbox 1127 1361 1212 1428; x_wconf 84' lang='lat' dir='ltr'>filius</span> 
     </span>
     <span class='ocr_line' id='line_1_10' title="bbox 100 1479 1213 1564; baseline 0.004 -20"><span class='ocrx_word' id='word_1_69' title='bbox 100 1479 151 1544; x_wconf 88' lang='lat' dir='ltr'>sibi</span> <span class='ocrx_word' id='word_1_70' title='bbox 171 1479 318 1546; x_wconf 87' lang='lat' dir='ltr'>heredem</span> <span class='ocrx_word' id='word_1_71' title='bbox 341 1479 550 1564; x_wconf 78' lang='lat' dir='ltr'>instituisset3</span> <span class='ocrx_word' id='word_1_72' title='bbox 584 1479 636 1548; x_wconf 90' lang='lat' dir='ltr'>uel</span> <span class='ocrx_word' id='word_1_73' title='bbox 657 1484 779 1564; x_wconf 90' lang='lat' dir='ltr'>potins,</span> <span class='ocrx_word' id='word_1_74' title='bbox 810 1483 857 1548; x_wconf 92' lang='lat' dir='ltr'>uti</span> <span class='ocrx_word' id='word_1_75' title='bbox 884 1483 992 1549; x_wconf 89' lang='lat' dir='ltr'>uerius</span> <span class='ocrx_word' id='word_1_76' title='bbox 1020 1487 1085 1560; x_wconf 85' lang='lat' dir='ltr'>est,</span> <span class='ocrx_word' id='word_1_77' title='bbox 1115 1497 1213 1548; x_wconf 90' lang='lat' dir='ltr'>unum</span> 
     </span>
     <span class='ocr_line' id='line_1_11' title="bbox 100 1598 1267 1684; baseline 0.004 -21"><span class='ocrx_word' id='word_1_78' title='bbox 100 1598 211 1679; x_wconf 86' lang='lat' dir='ltr'>quidem</span> <span class='ocrx_word' id='word_1_79' title='bbox 233 1605 284 1665; x_wconf 87' lang='lat' dir='ltr'>est</span> <span class='ocrx_word' id='word_1_80' title='bbox 305 1605 545 1678; x_wconf 78' lang='lat' dir='ltr'>testamentum,</span> <span class='ocrx_word' id='word_1_81' title='bbox 569 1601 631 1667; x_wconf 93' lang='lat' dir='ltr'>duo</span> <span class='ocrx_word' id='word_1_82' title='bbox 653 1609 759 1667; x_wconf 81' lang='lat' dir='ltr'>autem</span> <span class='ocrx_word' id='word_1_83' title='bbox 786 1601 993 1682; x_wconf 76' lang='lat' dir='ltr'>hereditates,</span> <span class='ocrx_word' id='word_1_84' title='bbox 1024 1619 1087 1668; x_wconf 87' lang='lat' dir='ltr'>uns</span> <span class='ocrx_word' id='word_1_85' title='bbox 1113 1599 1214 1684; x_wconf 84' lang='lat' dir='ltr'>putris</span> <span class='ocrx_word' id='word_1_86' title='bbox 1233 1615 1267 1668; x_wconf 88' lang='lat' dir='ltr'>lo</span> 
     </span>
     <span class='ocr_line' id='line_1_12' title="bbox 100 1717 1211 1804; baseline 0.004 -22"><span class='ocrx_word' id='word_1_87' title='bbox 100 1717 239 1784; x_wconf 84' lang='lat' dir='ltr'>initium</span> <span class='ocrx_word' id='word_1_88' title='bbox 266 1719 397 1797; x_wconf 81' lang='lat' dir='ltr'>colluto,</span> <span class='ocrx_word' id='word_1_89' title='bbox 432 1719 534 1787; x_wconf 81' lang='lat' dir='ltr'>ultera</span> <span class='ocrx_word' id='word_1_90' title='bbox 565 1739 585 1786; x_wconf 86' lang='lat' dir='ltr'>o</span> <span class='ocrx_word' id='word_1_91' title='bbox 614 1719 677 1786; x_wconf 87' lang='lat' dir='ltr'>lilio</span> <span class='ocrx_word' id='word_1_92' title='bbox 708 1723 739 1786; x_wconf 94' lang='lat' dir='ltr'>in</span> <span class='ocrx_word' id='word_1_93' title='bbox 773 1720 982 1788; x_wconf 89' lang='lat' dir='ltr'>substitutum</span> <span class='ocrx_word' id='word_1_94' title='bbox 1013 1719 1211 1804; x_wconf 86' lang='lat' dir='ltr'>perusuieus.</span> 
     </span>
     <span class='ocr_line' id='line_1_13' title="bbox 101 1838 1214 1923; baseline 0.002 -19"><span class='ocrx_word' id='word_1_95' title='bbox 101 1856 302 1921; x_wconf 74' lang='lat' dir='ltr'>quoecumque</span> <span class='ocrx_word' id='word_1_96' title='bbox 324 1838 406 1904; x_wconf 90' lang='lat' dir='ltr'>enim</span> <span class='ocrx_word' id='word_1_97' title='bbox 428 1839 566 1922; x_wconf 91' lang='lat' dir='ltr'>pupillus</span> <span class='ocrx_word' id='word_1_98' title='bbox 588 1857 608 1906; x_wconf 84' lang='lat' dir='ltr'>u</span> <span class='ocrx_word' id='word_1_99' title='bbox 630 1847 721 1922; x_wconf 85' lang='lat' dir='ltr'>putre</span> <span class='ocrx_word' id='word_1_100' title='bbox 741 1841 863 1922; x_wconf 82' lang='lat' dir='ltr'>uoeepit</span> <span class='ocrx_word' id='word_1_101' title='bbox 884 1840 936 1906; x_wconf 90' lang='lat' dir='ltr'>uel</span> <span class='ocrx_word' id='word_1_102' title='bbox 957 1839 1026 1922; x_wconf 88' lang='lat' dir='ltr'>ipse</span> <span class='ocrx_word' id='word_1_103' title='bbox 1045 1845 1118 1923; x_wconf 86' lang='lat' dir='ltr'>post</span> <span class='ocrx_word' id='word_1_104' title='bbox 1132 1857 1214 1906; x_wconf 87' lang='lat' dir='ltr'>mor·</span> 
     </span>
     <span class='ocr_line' id='line_1_14' title="bbox 100 1957 1213 2039; baseline 0.004 -17"><span class='ocrx_word' id='word_1_105' title='bbox 100 1964 156 2022; x_wconf 88' lang='lat' dir='ltr'>tem</span> <span class='ocrx_word' id='word_1_106' title='bbox 175 1958 272 2039; x_wconf 86' lang='lat' dir='ltr'>putris</span> <span class='ocrx_word' id='word_1_107' title='bbox 293 1959 453 2038; x_wconf 81' lang='lat' dir='ltr'>quoesinit</span> <span class='ocrx_word' id='word_1_108' title='bbox 473 1958 514 2024; x_wconf 84' lang='lat' dir='ltr'>ud</span> <span class='ocrx_word' id='word_1_109' title='bbox 536 1957 743 2025; x_wconf 89' lang='lat' dir='ltr'>substitutum</span> <span class='ocrx_word' id='word_1_110' title='bbox 767 1964 941 2026; x_wconf 74' lang='lat' dir='ltr'>transeunt</span> <span class='ocrx_word' id='word_1_111' title='bbox 986 1977 1083 2026; x_wconf 90' lang='lat' dir='ltr'>unum</span> <span class='ocrx_word' id='word_1_112' title='bbox 1106 1964 1213 2026; x_wconf 81' lang='lat' dir='ltr'>sutem</span> 
     </span>
     <span class='ocr_line' id='line_1_15' title="bbox 100 2075 1213 2160; baseline 0.002 -18"><span class='ocrx_word' id='word_1_113' title='bbox 100 2093 160 2142; x_wconf 86' lang='lat' dir='ltr'>esse</span> <span class='ocrx_word' id='word_1_114' title='bbox 180 2082 400 2144; x_wconf 78' lang='lat' dir='ltr'>resumentem</span> <span class='ocrx_word' id='word_1_115' title='bbox 422 2077 496 2144; x_wconf 94' lang='lat' dir='ltr'>inde</span> <span class='ocrx_word' id='word_1_116' title='bbox 518 2078 617 2160; x_wconf 89' lang='lat' dir='ltr'>liquet</span> <span class='ocrx_word' id='word_1_117' title='bbox 638 2079 722 2160; x_wconf 88' lang='lat' dir='ltr'>qnod</span> <span class='ocrx_word' id='word_1_118' title='bbox 745 2075 806 2144; x_wconf 93' lang='lat' dir='ltr'>VII</span> <span class='ocrx_word' id='word_1_119' title='bbox 835 2083 957 2144; x_wconf 87' lang='lat' dir='ltr'>tontum</span> <span class='ocrx_word' id='word_1_120' title='bbox 985 2083 1083 2144; x_wconf 84' lang='lat' dir='ltr'>testes</span> <span class='ocrx_word' id='word_1_121' title='bbox 1110 2095 1213 2144; x_wconf 87' lang='lat' dir='ltr'>eroes·</span> 
     </span>
     <span class='ocr_line' id='line_1_16' title="bbox 101 2195 1265 2280; baseline 0.003 -21"><span class='ocrx_word' id='word_1_122' title='bbox 101 2201 214 2270; x_wconf 70' lang='lat' dir='ltr'>orntum</span> <span class='ocrx_word' id='word_1_123' title='bbox 237 2214 320 2276; x_wconf 82' lang='lat' dir='ltr'>num,</span> <span class='ocrx_word' id='word_1_124' title='bbox 343 2197 454 2263; x_wconf 88' lang='lat' dir='ltr'>sidon</span> <span class='ocrx_word' id='word_1_125' title='bbox 477 2205 582 2263; x_wconf 84' lang='lat' dir='ltr'>essem</span> <span class='ocrx_word' id='word_1_126' title='bbox 605 2195 922 2278; x_wconf 80' lang='lat' dir='ltr'>msumenu,xl111</span> <span class='ocrx_word' id='word_1_127' title='bbox 948 2198 1060 2264; x_wconf 78' lang='lat' dir='ltr'>edesse</span> <span class='ocrx_word' id='word_1_128' title='bbox 1089 2203 1265 2280; x_wconf 69' lang='lat' dir='ltr'>oporte-15</span> 
     </span>
     <span class='ocr_line' id='line_1_17' title="bbox 67 2314 1211 2400; baseline 0.002 -21"><span class='ocrx_word' id='word_1_129' title='bbox 67 2320 87 2370; x_wconf 78' lang='lat'>3-</span> <span class='ocrx_word' id='word_1_130' title='bbox 102 2321 153 2379; x_wconf 87' lang='lat' dir='ltr'>ret.</span> <span class='ocrx_word' id='word_1_131' title='bbox 186 2317 214 2380; x_wconf 84' lang='lat'>3.</span> <span class='ocrx_word' id='word_1_132' title='bbox 243 2314 298 2381; x_wconf 87' lang='lat' dir='ltr'>Fit</span> <span class='ocrx_word' id='word_1_133' title='bbox 319 2317 445 2400; x_wconf 85' lang='lat' dir='ltr'>saepius</span> <span class='ocrx_word' id='word_1_134' title='bbox 468 2323 503 2382; x_wconf 91' lang='lat' dir='ltr'>ut</span> <span class='ocrx_word' id='word_1_135' title='bbox 525 2316 580 2400; x_wconf 87' lang='lat' dir='ltr'>qui</span> <span class='ocrx_word' id='word_1_136' title='bbox 602 2316 666 2383; x_wconf 90' lang='lat' dir='ltr'>lilio</span> <span class='ocrx_word' id='word_1_137' title='bbox 689 2335 746 2382; x_wconf 88' lang='lat' dir='ltr'>suo</span> <span class='ocrx_word' id='word_1_138' title='bbox 768 2315 965 2400; x_wconf 84' lang='lat' dir='ltr'>pupilluriter</span> <span class='ocrx_word' id='word_1_139' title='bbox 980 2314 1211 2393; x_wconf 71' lang='lat' dir='ltr'>substituerint,</span> 
     </span>
     <span class='ocr_line' id='line_1_18' title="bbox 103 2435 1212 2521; baseline 0.003 -22"><span class='ocrx_word' id='word_1_140' title='bbox 103 2435 297 2502; x_wconf 89' lang='lat' dir='ltr'>insummum</span> <span class='ocrx_word' id='word_1_141' title='bbox 321 2437 429 2504; x_wconf 84' lang='lat' dir='ltr'>ueniat</span> <span class='ocrx_word' id='word_1_142' title='bbox 458 2439 618 2516; x_wconf 82' lang='lat' dir='ltr'>timorem,</span> <span class='ocrx_word' id='word_1_143' title='bbox 647 2457 687 2504; x_wconf 89' lang='lat' dir='ltr'>ne</span> <span class='ocrx_word' id='word_1_144' title='bbox 715 2437 769 2521; x_wconf 83' lang='lat' dir='ltr'>qui</span> <span class='ocrx_word' id='word_1_145' title='bbox 792 2435 909 2520; x_wconf 90' lang='lat' dir='ltr'>pupillo</span> <span class='ocrx_word' id='word_1_146' title='bbox 932 2436 1124 2502; x_wconf 88' lang='lat' dir='ltr'>substitutus</span> <span class='ocrx_word' id='word_1_147' title='bbox 1153 2438 1212 2512; x_wconf 82' lang='lat' dir='ltr'>est.</span> 
     </span>
     <span class='ocr_line' id='line_1_19' title="bbox 102 2552 1213 2640; baseline 0.005 -22"><span class='ocrx_word' id='word_1_148' title='bbox 102 2552 192 2621; x_wconf 82' lang='lat' dir='ltr'>sicubi</span> <span class='ocrx_word' id='word_1_149' title='bbox 212 2557 313 2640; x_wconf 84' lang='lat' dir='ltr'>patris</span> <span class='ocrx_word' id='word_1_150' title='bbox 336 2566 436 2625; x_wconf 84' lang='lat' dir='ltr'>morte</span> <span class='ocrx_word' id='word_1_151' title='bbox 457 2577 528 2626; x_wconf 88' lang='lat' dir='ltr'>sese</span> <span class='ocrx_word' id='word_1_152' title='bbox 549 2557 667 2640; x_wconf 92' lang='lat' dir='ltr'>pupillo</span> <span class='ocrx_word' id='word_1_153' title='bbox 690 2561 816 2625; x_wconf 88' lang='lat' dir='ltr'>nouerit</span> <span class='ocrx_word' id='word_1_154' title='bbox 829 2559 1049 2636; x_wconf 83' lang='lat' dir='ltr'>substitutum,</span> <span class='ocrx_word' id='word_1_155' title='bbox 1071 2556 1213 2640; x_wconf 87' lang='lat' dir='ltr'>impube·</span> 
     </span>
     <span class='ocr_line' id='line_1_20' title="bbox 102 2673 1213 2760; baseline 0.003 -22"><span class='ocrx_word' id='word_1_156' title='bbox 102 2673 141 2738; x_wconf 82' lang='lat' dir='ltr'>ris</span> <span class='ocrx_word' id='word_1_157' title='bbox 166 2675 248 2742; x_wconf 78' lang='lat' dir='ltr'>uitae</span> <span class='ocrx_word' id='word_1_158' title='bbox 277 2676 453 2743; x_wconf 85' lang='lat' dir='ltr'>insidietur.</span> <span class='ocrx_word' id='word_1_159' title='bbox 498 2676 635 2760; x_wconf 89' lang='lat' dir='ltr'>pupillus</span> <span class='ocrx_word' id='word_1_160' title='bbox 662 2682 767 2742; x_wconf 78' lang='lat' dir='ltr'>sutem</span> <span class='ocrx_word' id='word_1_161' title='bbox 794 2681 844 2743; x_wconf 85' lang='lat' dir='ltr'>est</span> <span class='ocrx_word' id='word_1_162' title='bbox 872 2683 1001 2758; x_wconf 90' lang='lat' dir='ltr'>propter</span> <span class='ocrx_word' id='word_1_163' title='bbox 1029 2677 1100 2742; x_wconf 85' lang='lat' dir='ltr'>lone</span> <span class='ocrx_word' id='word_1_164' title='bbox 1127 2679 1213 2742; x_wconf 77' lang='lat' dir='ltr'>setu-</span> 
     </span>
     <span class='ocr_line' id='line_1_21' title="bbox 102 2793 1267 2878; baseline 0.007 -21"><span class='ocrx_word' id='word_1_165' title='bbox 102 2793 137 2857; x_wconf 89' lang='lat' dir='ltr'>tis</span> <span class='ocrx_word' id='word_1_166' title='bbox 156 2793 272 2860; x_wconf 90' lang='lat' dir='ltr'>insidiis</span> <span class='ocrx_word' id='word_1_167' title='bbox 294 2796 462 2862; x_wconf 85' lang='lat' dir='ltr'>udmodum</span> <span class='ocrx_word' id='word_1_168' title='bbox 490 2798 652 2863; x_wconf 82' lang='lat' dir='ltr'>obnoxius.</span> <span class='ocrx_word' id='word_1_169' title='bbox 696 2795 724 2862; x_wconf 91' lang='lat' dir='ltr'>si</span> <span class='ocrx_word' id='word_1_170' title='bbox 754 2797 852 2877; x_wconf 83' lang='lat' dir='ltr'>igitur</span> <span class='ocrx_word' id='word_1_171' title='bbox 878 2803 971 2878; x_wconf 81' lang='lat' dir='ltr'>puter</span> <span class='ocrx_word' id='word_1_172' title='bbox 996 2795 1042 2860; x_wconf 84' lang='lat' dir='ltr'>itu</span> <span class='ocrx_word' id='word_1_173' title='bbox 1067 2793 1215 2862; x_wconf 81' lang='lat' dir='ltr'>formidu-</span> <span class='ocrx_word' id='word_1_174' title='bbox 1231 2812 1267 2865; x_wconf 79' lang='lat' dir='ltr'>so</span> 
     </span>
     <span class='ocr_line' id='line_1_22' title="bbox 102 2910 1215 2998; baseline 0.004 -23"><span class='ocrx_word' id='word_1_175' title='bbox 102 2910 176 2978; x_wconf 86' lang='lat' dir='ltr'>lusus</span> <span class='ocrx_word' id='word_1_176' title='bbox 196 2915 374 2982; x_wconf 81' lang='lat' dir='ltr'>inuenietur</span> <span class='ocrx_word' id='word_1_177' title='bbox 397 2921 429 2982; x_wconf 91' lang='lat' dir='ltr'>et</span> <span class='ocrx_word' id='word_1_178' title='bbox 450 2915 508 2982; x_wconf 85' lang='lat' dir='ltr'>bon</span> <span class='ocrx_word' id='word_1_179' title='bbox 523 2915 696 2996; x_wconf 84' lang='lat' dir='ltr'>perieulum</span> <span class='ocrx_word' id='word_1_180' title='bbox 712 2915 817 2998; x_wconf 80' lang='lat' dir='ltr'>cupiet</span> <span class='ocrx_word' id='word_1_181' title='bbox 832 2915 944 2992; x_wconf 82' lang='lat' dir='ltr'>uitare,</span> <span class='ocrx_word' id='word_1_182' title='bbox 967 2912 1084 2980; x_wconf 88' lang='lat' dir='ltr'>herede</span> <span class='ocrx_word' id='word_1_183' title='bbox 1097 2913 1215 2996; x_wconf 84' lang='lat' dir='ltr'>scripto</span> 
     </span>
     <span class='ocr_line' id='line_1_23' title="bbox 101 3031 1214 3117; baseline 0.002 -21"><span class='ocrx_word' id='word_1_184' title='bbox 101 3031 216 3114; x_wconf 86' lang='lat' dir='ltr'>pupillo,</span> <span class='ocrx_word' id='word_1_185' title='bbox 238 3033 402 3117; x_wconf 81' lang='lat' dir='ltr'>uolgarem</span> <span class='ocrx_word' id='word_1_186' title='bbox 425 3035 632 3100; x_wconf 89' lang='lat' dir='ltr'>substitutum</span> <span class='ocrx_word' id='word_1_187' title='bbox 654 3034 737 3101; x_wconf 84' lang='lat' dir='ltr'>illico</span> <span class='ocrx_word' id='word_1_188' title='bbox 759 3038 831 3116; x_wconf 89' lang='lat' dir='ltr'>post</span> <span class='ocrx_word' id='word_1_189' title='bbox 852 3032 961 3117; x_wconf 88' lang='lat' dir='ltr'>pupilli</span> <span class='ocrx_word' id='word_1_190' title='bbox 984 3032 1214 3099; x_wconf 88' lang='lat' dir='ltr'>iustitutionem</span> 
     </span>
     <span class='ocr_line' id='line_1_24' title="bbox 101 3150 1215 3235; baseline 0.002 -19"><span class='ocrx_word' id='word_1_191' title='bbox 101 3150 209 3234; x_wconf 81' lang='lat' dir='ltr'>absque</span> <span class='ocrx_word' id='word_1_192' title='bbox 229 3155 342 3220; x_wconf 87' lang='lat' dir='ltr'>timore</span> <span class='ocrx_word' id='word_1_193' title='bbox 363 3153 490 3220; x_wconf 80' lang='lat' dir='ltr'>subdet.</span> <span class='ocrx_word' id='word_1_194' title='bbox 532 3153 583 3219; x_wconf 88' lang='lat' dir='ltr'>hio</span> <span class='ocrx_word' id='word_1_195' title='bbox 604 3155 685 3219; x_wconf 91' lang='lat' dir='ltr'>enim</span> <span class='ocrx_word' id='word_1_196' title='bbox 708 3153 849 3219; x_wconf 77' lang='lat' dir='ltr'>insidiari</span> <span class='ocrx_word' id='word_1_197' title='bbox 871 3151 990 3235; x_wconf 91' lang='lat' dir='ltr'>pupillo</span> <span class='ocrx_word' id='word_1_198' title='bbox 1020 3151 1139 3234; x_wconf 86' lang='lat' dir='ltr'>nequit,</span> <span class='ocrx_word' id='word_1_199' title='bbox 1161 3168 1215 3218; x_wconf 87' lang='lat' dir='ltr'>ue·</span> 
     </span>
     <span class='ocr_line' id='line_1_25' title="bbox 100 3270 1214 3356; baseline -0.003 -18"><span class='ocrx_word' id='word_1_200' title='bbox 100 3290 154 3353; x_wconf 83' lang='lat' dir='ltr'>quo</span> <span class='ocrx_word' id='word_1_201' title='bbox 179 3273 251 3341; x_wconf 89' lang='lat' dir='ltr'>uino</span> <span class='ocrx_word' id='word_1_202' title='bbox 279 3281 388 3356; x_wconf 82' lang='lat' dir='ltr'>putre,</span> <span class='ocrx_word' id='word_1_203' title='bbox 424 3273 610 3354; x_wconf 81' lang='lat' dir='ltr'>ignorentur</span> <span class='ocrx_word' id='word_1_204' title='bbox 639 3273 721 3339; x_wconf 92' lang='lat' dir='ltr'>enim</span> <span class='ocrx_word' id='word_1_205' title='bbox 750 3279 825 3338; x_wconf 84' lang='lat' dir='ltr'>tuno</span> <span class='ocrx_word' id='word_1_206' title='bbox 853 3289 935 3356; x_wconf 79' lang='lat' dir='ltr'>quse</span> <span class='ocrx_word' id='word_1_207' title='bbox 963 3270 996 3336; x_wconf 92' lang='lat' dir='ltr'>in</span> <span class='ocrx_word' id='word_1_208' title='bbox 1023 3273 1214 3336; x_wconf 65' lang='lat' dir='ltr'>testtmorm</span> 
     </span>
     <span class='ocr_line' id='line_1_26' title="bbox 100 3387 1266 3475; baseline -0.001 -21"><span class='ocrx_word' id='word_1_209' title='bbox 100 3398 167 3457; x_wconf 90' lang='lat' dir='ltr'>sunt</span> <span class='ocrx_word' id='word_1_210' title='bbox 190 3394 320 3475; x_wconf 76' lang='lat' dir='ltr'>sumpts,</span> <span class='ocrx_word' id='word_1_211' title='bbox 354 3411 456 3474; x_wconf 85' lang='lat' dir='ltr'>neque</span> <span class='ocrx_word' id='word_1_212' title='bbox 483 3397 607 3460; x_wconf 87' lang='lat' dir='ltr'>mortuo</span> <span class='ocrx_word' id='word_1_213' title='bbox 637 3399 806 3471; x_wconf 69' lang='lat' dir='ltr'>testatore,</span> <span class='ocrx_word' id='word_1_214' title='bbox 840 3409 913 3456; x_wconf 83' lang='lat' dir='ltr'>nem</span> <span class='ocrx_word' id='word_1_215' title='bbox 946 3407 1017 3457; x_wconf 84' lang='lat' dir='ltr'>cum</span> <span class='ocrx_word' id='word_1_216' title='bbox 1043 3387 1127 3454; x_wconf 83' lang='lat' dir='ltr'>lilius</span> <span class='ocrx_word' id='word_1_217' title='bbox 1148 3389 1212 3454; x_wconf 84' lang='lat' dir='ltr'>ium</span> <span class='ocrx_word' id='word_1_218' title='bbox 1231 3417 1266 3469; x_wconf 73' lang='lat'>25</span> 
     </span>
     <span class='ocr_line' id='line_1_27' title="bbox 99 3507 1214 3596; baseline -0.002 -20"><span class='ocrx_word' id='word_1_219' title='bbox 99 3513 173 3588; x_wconf 84' lang='lat' dir='ltr'>putri</span> <span class='ocrx_word' id='word_1_220' title='bbox 205 3512 295 3579; x_wconf 88' lang='lat' dir='ltr'>heres</span> <span class='ocrx_word' id='word_1_221' title='bbox 332 3511 377 3578; x_wconf 90' lang='lat' dir='ltr'>sit</span> <span class='ocrx_word' id='word_1_222' title='bbox 409 3512 526 3590; x_wconf 78' lang='lat' dir='ltr'>luctus,</span> <span class='ocrx_word' id='word_1_223' title='bbox 560 3511 684 3596; x_wconf 76' lang='lat' dir='ltr'>nnlgmi</span> <span class='ocrx_word' id='word_1_224' title='bbox 714 3513 886 3578; x_wconf 86' lang='lat' dir='ltr'>substituto</span> <span class='ocrx_word' id='word_1_225' title='bbox 909 3511 1010 3576; x_wconf 90' lang='lat' dir='ltr'>locum</span> <span class='ocrx_word' id='word_1_226' title='bbox 1044 3525 1106 3574; x_wconf 93' lang='lat' dir='ltr'>non</span> <span class='ocrx_word' id='word_1_227' title='bbox 1140 3507 1214 3574; x_wconf 81' lang='lat' dir='ltr'>dst:</span> 
     </span>
     <span class='ocr_line' id='line_1_28' title="bbox 99 3626 1214 3715; baseline -0.002 -21"><span class='ocrx_word' id='word_1_228' title='bbox 99 3647 181 3698; x_wconf 88' lang='lat' dir='ltr'>nemo</span> <span class='ocrx_word' id='word_1_229' title='bbox 202 3634 283 3698; x_wconf 89' lang='lat' dir='ltr'>enim</span> <span class='ocrx_word' id='word_1_230' title='bbox 305 3633 373 3698; x_wconf 93' lang='lat' dir='ltr'>sine</span> <span class='ocrx_word' id='word_1_231' title='bbox 395 3650 452 3715; x_wconf 85' lang='lat' dir='ltr'>spo</span> <span class='ocrx_word' id='word_1_232' title='bbox 474 3632 553 3699; x_wconf 85' lang='lat' dir='ltr'>lucri</span> <span class='ocrx_word' id='word_1_233' title='bbox 576 3631 694 3715; x_wconf 90' lang='lat' dir='ltr'>pupillo</span> <span class='ocrx_word' id='word_1_234' title='bbox 716 3630 847 3698; x_wconf 77' lang='lat' dir='ltr'>insidias</span> <span class='ocrx_word' id='word_1_235' title='bbox 868 3629 1025 3697; x_wconf 87' lang='lat' dir='ltr'>molietur.</span> <span class='ocrx_word' id='word_1_236' title='bbox 1048 3627 1127 3695; x_wconf 83' lang='lat' dir='ltr'>bueo</span> <span class='ocrx_word' id='word_1_237' title='bbox 1147 3626 1214 3710; x_wconf 83' lang='lat' dir='ltr'>qni·</span> 
     </span>
    </p>
   </div>
   <div class='ocr_carea' id='block_1_3' title="bbox 0 0 1468 4708">
    <p class='ocr_par' dir='ltr' id='par_1_3' title="bbox 0 0 1468 4708">
     <span class='ocr_line' id='line_1_29' title="bbox 0 0 1468 4708; baseline 0 0"><span class='ocrx_word' id='word_1_238' title='bbox 0 0 1468 4708; x_wconf 95' lang='lat' dir='ltr'> </span> 
     </span>
    </p>
   </div>
  </div>
 </body>
</html>
