2932 4704
530 351 754 414 -101-

105 537 201 604 lucere.
244 537 345 620 palam
368 546 417 604 eet
444 544 549 606 autem
577 539 733 605 uetustius
760 557 828 604 eene
856 540 998 606 naturale
1026 539 1089 617 ins,
1117 540 1199 622 qued

105 676 162 723 mm
182 659 246 740 ipso
267 659 403 722 humana
425 676 538 739 genere
564 665 678 724 netum
705 657 857 738 prodidit:
888 657 993 724 ciuilie
1020 657 1104 722 enim
1131 659 1201 725 iura

104 785 166 843 tune
186 777 330 842 constitui
352 785 530 859 coeperunt,
555 796 624 844 eum
647 787 679 845 et
700 779 845 846 ciuitates
872 781 961 845 candi
985 784 1017 844 et
1038 775 1200 863 magistra·

65 902 144 961 mtns
164 897 259 962 creari
282 903 314 963 et
335 897 420 980 legen
442 899 535 964 scribi
557 906 736 980 coeperunt.
777 899 825 962 12.
849 897 947 965 Ferae
963 899 1060 980 igitur
1082 897 1201 965 bestiae

103 1023 129 1080 et
147 1015 282 1082 uolucres
305 1034 423 1082 necnon
446 1025 477 1082 et
503 1017 618 1099 pisces,
649 1018 730 1084 idest
759 1018 863 1084 amnia
890 1017 1036 1084 animalia
1065 1035 1146 1098 quae
1166 1016 1199 1082 in
1234 1013 1251 1064 5

101 1141 174 1200 terra
195 1137 272 1200 meri
294 1137 421 1203 caelone
442 1145 622 1214 nascuntur,
645 1139 833 1221 simulatque
847 1140 887 1204 ab
902 1139 1006 1220 ulique
1021 1145 1114 1220 captu
1136 1137 1200 1204 lue

102 1255 153 1320 rint
171 1256 238 1321 iure
258 1258 399 1338 gentium
421 1258 503 1323 illine
525 1275 594 1324 esse
615 1257 778 1342 incipiunt.
806 1260 888 1338 qnod
916 1257 997 1324 eninr
1020 1265 1113 1324 antea
1133 1255 1201 1322 nnl-

99 1374 150 1440 line
169 1376 199 1442 in
221 1376 312 1442 banis
334 1383 411 1454 erat
434 1377 465 1443 id
488 1377 621 1442 naturali
644 1379 765 1444 ratione
786 1379 966 1460 occupantis
988 1376 1032 1442 fit.
1077 1395 1134 1444 nec
1155 1379 1201 1442 in·

100 1503 184 1560 teresi
204 1501 310 1561 utrum
333 1496 415 1563 ieras
439 1497 556 1564 bestiae
579 1505 611 1563 et
633 1498 774 1565 uolueree
797 1498 867 1581 quis
890 1499 922 1562 in
948 1515 1004 1562 eno
1033 1496 1130 1562 funda
1152 1514 1201 1562 ea·

100 1613 155 1694 pia
173 1634 212 1679 an
226 1616 258 1681 in
275 1615 405 1681 fundum
420 1617 553 1683 alienam
570 1617 704 1684 uenandi
727 1625 760 1683 et
780 1617 956 1700 aucupandi
977 1617 1078 1699 gretia
1099 1615 1202 1698 ingre-
1222 1617 1252 1668 1⁰

99 1733 198 1797 diatm.
224 1733 296 1798 iure
317 1742 421 1801 tamen
436 1753 456 1800 a
470 1735 557 1801 lnndi
573 1736 696 1802 domina
718 1735 876 1819 prohiberi
898 1743 1012 1819 potest,
1034 1734 1061 1801 si
1083 1737 1110 1800 is
1132 1753 1201 1818 pre

99 1854 212 1935 uiderit;
224 1863 332 1937 potest
341 1859 422 1924 enim
433 1857 599 1940 prohibere
612 1877 652 1924 ne
663 1861 733 1940 quis
747 1859 780 1923 in
795 1877 886 1924 enum
901 1857 1032 1924 lundam
1049 1856 1203 1939 ingredia·

98 1980 150 2038 tur.
179 1977 330 2059 quidquid
351 1983 457 2044 autem
479 1978 590 2043 homm
612 1977 791 2045 animalium
806 1976 878 2061 quia
900 1977 1026 2059 ceperit,
1050 1994 1086 2042 eo
1101 1994 1201 2058 usque

97 2094 124 2158 in
143 2113 194 2160 sno
220 2095 318 2162 habet
346 2096 501 2174 dominia,
529 2095 628 2163 donee
654 2117 712 2164 sua
739 2098 881 2164 custodia
910 2101 1081 2164 coercetur.
1131 2113 1201 2162 cunr

98 2232 163 2280 nere
183 2217 365 2298 occupantis
392 2216 565 2282 custodiam
594 2219 731 2284 enaeerit
757 2224 789 2282 et
816 2219 846 2282 in
876 2216 1049 2283 naturalem
1079 2216 1255 2280 libertem

98 2341 203 2400 tense
224 2335 392 2418 receperit,
415 2338 446 2402 in
469 2335 536 2403 eine
559 2337 613 2420 qui
636 2344 761 2420 ceperat
783 2336 920 2403 dominia
941 2354 1010 2403 esee
1038 2334 1152 2401 desinit
1173 2341 1205 2400 et

98 2472 193 2520 rnreue
222 2454 407 2538 occupantis
429 2454 474 2521 fia
522 2458 697 2523 naturalem
725 2463 830 2522 autem
859 2455 1035 2523 libertatern
1066 2457 1203 2536 recipere

97 2571 282 2656 intellegitur
301 2573 416 2640 animal
443 2593 513 2642 eum
540 2577 591 2646 uel
617 2584 742 2642 nostros
768 2575 875 2642 oculos
903 2576 1063 2656 effugerit,
1094 2574 1145 2640 uel
1171 2573 1202 2642 in

95 2698 252 2776 mnepeetu
278 2692 403 2779 quidem
426 2695 477 2773 eit,
499 2696 567 2762 eiua
590 2715 665 2763 uem
685 2697 861 2778 persecutio
876 2673 1031 2762 difficilior
1052 2695 1102 2761 nit
1129 2694 1204 2777 quid

95 2812 165 2878 enirn
192 2815 219 2879 ei
248 2815 283 2880 in
311 2812 498 2880 altissimum
532 2814 583 2882 nel
614 2816 832 2898 confragosum
863 2815 963 2882 laeum
997 2833 1031 2880 ee
1064 2813 1204 2896 recepit?
1221 2831 1256 2882 aa

56 2932 139 2999 ult.
169 2931 251 3000 lllnd
277 2933 451 3015 quaesitum
473 2940 537 3001 est:
561 2951 674 3000 eemue
697 2934 748 3002 uel
769 2952 846 3017 uper
867 2936 912 3000 ita
940 2953 959 3001 a
986 2953 1036 3000 me
1062 2933 1204 3000 uulnem-

93 3057 138 3117 tun
152 3061 209 3132 eet,
232 3061 272 3119 ut
285 3051 376 3120 facile
389 3055 457 3135 capi
472 3055 580 3134 possit.
604 3053 729 3135 quidam
745 3053 852 3122 dieunt
866 3055 973 3120 statim
989 3073 1057 3120 earn
1072 3053 1204 3120 bestiam

94 3188 184 3236 mearn
204 3173 292 3240 fieri:
316 3173 385 3238 aliie
401 3193 477 3239 uem
491 3173 608 3257 placuit
621 3193 723 3242 meum
739 3174 806 3242 fieri
822 3176 905 3258 quod
921 3173 1150 3242 uulnerauerim
1166 3172 1206 3237 ei·

93 3290 149 3356 nnl
162 3299 260 3373 eaque
274 3293 440 3358 maximam
453 3292 609 3360 intulerim
625 3293 757 3376 plagam,
769 3313 806 3362 eo
821 3312 921 3376 unque
931 3313 1007 3362 uera
1018 3299 1140 3360 tanturn
1152 3291 1206 3356 do·

92 3425 142 3477 nee
155 3409 289 3479 bestium
304 3427 489 3494 persequar:
503 3413 616 3496 quodsi
630 3415 774 3498 persequi
790 3411 946 3494 desierim,
962 3430 1063 3479 meam
1074 3430 1143 3480 esne
1154 3414 1205 3480 de
1223 3409 1256 3461 2⁶
