2920 4750
518 351 757 414 —463-

91 523 316 590 constitutiones
339 530 404 588 tam
427 525 459 588 in
482 545 557 606 rem,
581 543 673 606 qnam
697 525 730 588 in
753 544 919 607 personas,
945 523 1084 589 actiones
1107 529 1192 588 certo

90 657 219 732 tempure
247 649 474 714 concluserunt
520 669 601 731 quac
629 669 705 713 nero
731 671 751 713 a
778 655 922 732 praetore
951 648 1093 733 proditae
1122 654 1195 713 sunt

90 773 263 857 plerumque
287 773 418 838 annales
442 782 522 855 sunt,
546 795 619 838 nam
635 781 667 838 et
682 774 781 856 ipsius
796 774 952 858 praetoris
968 773 1104 838 edictum
1120 774 1193 837 olim

90 897 163 962 intra
180 918 294 962 annum
306 899 443 963 ualebat.
467 899 546 963 Sunt
556 905 662 964 tamma
674 899 829 980 quaedam
846 899 1025 981 praetoriae
1042 898 1193 978 actiones,

90 1041 163 1102 quac
198 1023 231 1085 in
264 1030 449 1106 perpetuum
484 1023 708 1104 extenduntur,
742 1023 825 1087 idest
859 1042 958 1103 usque
997 1022 1038 1086 ad
1072 1027 1195 1105 tempus
1234 1041 1251 1088 s

89 1146 353 1210 constitutionibus
392 1147 609 1212 introductum.
665 1149 745 1214 tales
793 1153 865 1213 sunt
914 1147 1066 1228 actiones,
1116 1167 1195 1227 quas

90 1273 235 1335 bonorum
259 1273 434 1355 possessori
458 1274 633 1354 ceterisque
657 1275 710 1354 qui
733 1273 857 1338 heredis
881 1275 951 1338 loco
968 1279 1040 1336 sunt
1055 1291 1196 1336 accomo-

89 1395 146 1460 dat
207 1396 290 1460 nosti
332 1397 414 1460 enim
457 1399 610 1462 bonorum
653 1417 868 1481 possessorem
908 1418 928 1462 a
965 1402 1112 1481 praetore
1154 1396 1196 1460 ad

88 1521 314 1586 successionem
338 1523 460 1602 uocari,
486 1544 556 1587 cum
578 1524 645 1587 inre
670 1523 756 1587 ciuili
778 1524 955 1605 ignoretur3
984 1541 1117 1603 eumque
1140 1521 1197 1585 uti-

88 1645 154 1709 liter
185 1666 281 1728 agere
310 1654 341 1711 et
371 1647 547 1729 conueniri,
576 1648 666 1711 sicuti
696 1649 729 1711 in
753 1649 811 1711 111³
829 1647 1026 1712 Institutione
1054 1646 1196 1711 diximus.
1218 1662 1252 1713 10

87 1771 260 1833 cumcuim
283 1771 433 1852 actiones,
458 1791 539 1852 quae
562 1771 611 1852 iis,
636 1773 688 1852 qui
712 1773 779 1836 iure
803 1773 889 1836 ciuili
912 1771 1092 1852 succedunt,
1117 1746 1198 1836 idest

87 1893 261 1975 heredibus,
278 1903 460 1979 competunt
470 1903 642 1980 perpetuae
655 1897 726 1977 sint,
743 1898 896 1962 bonorum
912 1903 1017 1962 autem
1033 1916 1198 1979 possessor

87 2024 116 2081 et
126 2018 314 2101 quicumque
325 2019 449 2084 heredis
459 2021 561 2086 locum
575 2021 703 2104 optinet,
721 2022 818 2086 ueluti
833 2021 1140 2086 fideicommissarius
1156 2041 1195 2085 ex

86 2145 355 2209 senatusconsulto
379 2145 567 2210 trebelliano
590 2165 646 2228 per
670 2166 740 2210 eam
760 2147 916 2211 fictionem
937 2145 1061 2210 heredis
1085 2165 1197 2210 nomen

86 2269 310 2350 praeseferant,
324 2275 358 2334 ut
369 2290 425 2352 per
436 2271 540 2334 omnia
552 2271 634 2335 fictio
646 2271 809 2334 ueritatem
818 2249 973 2352 redoleat,
985 2270 1197 2334 necessarium
1218 2284 1252 2335 15

85 2393 184 2456 uisum
210 2401 258 2457 est
280 2400 449 2476 perpetuas
473 2414 542 2458 esse
567 2395 717 2476 acdones,
741 2415 822 2475 quae
838 2397 989 2459 bonorum
1010 2394 1197 2477 possessori·

85 2519 141 2582 bns
165 2525 354 2602 competunt,
377 2519 458 2584 sicut
479 2519 565 2601 illae,
590 2541 671 2601 quae
694 2520 862 2585 heredibus
886 2520 981 2584 datae
1005 2527 1084 2584 suut.
1123 2520 1196 2584 furti

84 2663 210 2725 quoque
243 2643 401 2708 manifesti
435 2645 531 2724 actio,
568 2644 712 2726 quamuis
740 2665 780 2709 ex
807 2645 961 2728 praetoris
984 2643 1198 2711 iurisdictione

83 2768 310 2850 proficiscatur,
332 2775 438 2833 tamen
460 2776 614 2852 perpetua
637 2777 693 2834 est.
726 2770 895 2833 absurdum
918 2769 1001 2833 enim
1025 2774 1094 2833 erat
1116 2789 1198 2832 anno

82 2913 152 2956 earn
190 2893 360 2957 taminati.
405 2899 454 2957 set
486 2893 546 2957 erit
580 2894 633 2974 qui
666 2893 763 2958 dicat:
798 2894 886 2975 atqui
920 2893 994 2957 lirrti
1027 2893 1108 2958 actio
1139 2893 1198 2956 Xll
1218 2905 1263 2956 20·

82 3017 201 3081 tabulis
226 3026 301 3081 nota
322 3017 396 3081 fuit:
422 3037 485 3082 our
512 3038 601 3100 ergo
626 3037 696 3082 eam
723 3018 914 3101 praetoriam
942 3018 1107 3101 appellas?
1152 3024 1200 3082 set

82 3142 163 3206 ratio
189 3141 269 3205 haec
293 3147 353 3206 est:
379 3143 431 3206 lex
453 3141 512 3204 Xll
535 3143 714 3206 tabularum
738 3163 807 3208 cum
830 3143 905 3207 furti
925 3143 1080 3208 actionem
1105 3143 1199 3206 intro-

81 3267 237 3348 duxisset,
262 3267 430 3349 capitalem
453 3287 587 3351 poenam
611 3267 643 3332 in
657 3268 758 3332 furem
775 3268 948 3333 constituit:
973 3274 1100 3350 praetor
1124 3286 1198 3331 uero

81 3391 310 3474 pecuniariam.
356 3392 430 3472 quia
453 3398 557 3456 autem
580 3399 709 3475 propter
732 3393 934 3475 asperitatem
958 3391 1004 3469 id,
1033 3391 1116 3472 quod
1140 3391 1200 3453 Xll

80 3516 204 3581 tabulis
228 3518 427 3582 constitutum
451 3517 554 3583 fuerat
577 3519 739 3601 explosum
756 3525 812 3600 est,
836 3525 868 3582 et
886 3517 1041 3600 praetoris
1065 3517 1130 3580 iure
1154 3517 1199 3581 uti
1218 3527 1262 3580 251

80 3648 233 3725 coeptum
257 3649 304 3706 est
328 3647 474 3723 (aequum
490 3643 572 3706 enim
589 3649 658 3706 erat
681 3663 761 3720 eum,
786 3643 839 3724 qui
855 3642 887 3706 in
902 3642 1037 3725 pecunia
1053 3641 1199 3706 damnum

81 3765 242 3847 dedisset,
276 3767 410 3850 pecunia
437 3767 584 3852 multari),
619 3766 690 3832 ideo
724 3768 917 3850 praetoriam
945 3786 1016 3830 eam
1044 3767 1200 3830 actionem

80 3911 246 3956 necamus.
296 3899 450 3975 perpetua
480 3899 585 3956 autem
612 3891 684 3956 ideo
712 3892 797 3957 facta
825 3899 889 3972 est,
925 3890 999 3972 quia
1031 3889 1200 3955 absurdum
