2920 4750
521 419 561 426 --
610 383 674 448 469
721 419 761 428 -

89 557 211 640 possim,
235 558 297 621 iarn
321 558 487 640 pecuniam
511 579 696 642 percoquam
721 560 890 624 sinautem
910 551 1092 643 temporalis
1116 559 1200 643 pacti

89 683 228 764 exceptio
241 683 315 745 mihi
329 690 516 766 opponatur,
530 691 658 748 coactus
670 690 741 768 post
753 685 996 765 quinquennium
1008 687 1200 768 persequar?

88 808 138 886 qui
167 806 244 870 talia
272 808 404 890 cogitet,
441 809 522 872 nrale
558 809 619 873 sibi
653 810 795 874 consulit.
845 830 918 874 nam
947 816 977 873 et
1011 809 1105 875 modo
1137 830 1199 874 non

86 931 242 1014 audietur,
267 938 298 996 et
322 933 443 1016 sipost
466 935 710 1016 quinquennium
734 953 829 1016 agero
854 940 996 1014 conetur,
1020 935 1077 998 rei
1100 935 1197 999 iudi-

87 1065 193 1121 catae
218 1059 402 1141 exceptione
427 1060 605 1142 repelletur,
631 1079 713 1142 qnae
738 1059 994 1143 peremptoria
1018 1065 1075 1124 est.
1122 1058 1198 1123 iuris
1236 1075 1251 1124 5

86 1183 165 1246 enim
178 1182 320 1264 regulam
334 1185 514 1264 generalem
528 1186 608 1248 scire
622 1183 733 1248 debes:
748 1184 966 1248 dilatoriam
983 1185 1198 1268 exceptionem

84 1307 181 1371 semel
205 1308 397 1391 oppositam,
426 1329 507 1390 quae
538 1309 652 1374 efficax
675 1311 768 1374 fuerit
792 1311 821 1376 h.
848 1329 873 1374 e.
898 1318 1035 1374 actorem
1063 1309 1199 1392 potuerit

84 1433 252 1514 repellere,
281 1435 570 1518 peremptoriam
600 1455 711 1517 parere
736 1434 962 1516 exceptionem.
1015 1435 1072 1498 hoo
1103 1434 1200 1516 igitur

83 1557 174 1621 modo
201 1566 288 1622 actor
310 1580 376 1623 rem
401 1561 522 1624 amittit.
569 1567 618 1623 set
641 1561 718 1624 haec
743 1560 868 1640 quidem
898 1558 971 1623 olim
1000 1559 1197 1642 optinebant3

82 1682 175 1746 hodie
201 1689 303 1748 autom
328 1685 543 1749 sanctissimus
571 1685 717 1768 princeps
742 1691 849 1748 noster
876 1704 937 1748 non
965 1684 1032 1747 uult
1059 1684 1198 1765 iniquam
1219 1698 1252 1749 10

81 1808 237 1873 eiusmodi
265 1810 470 1892 suptilitatem
501 1810 651 1894 optinere.
698 1810 785 1874 iubet
809 1810 889 1873 enim
915 1810 942 1872 si
966 1809 1036 1890 quis
1060 1829 1129 1872 cunr
1159 1810 1198 1874 sit

80 1933 250 2016 stipulatus
286 1941 388 2018 »post
423 1935 720 2016 quinquennium
755 1934 844 1998 mihi
878 1934 967 1997 dare
1002 1934 1196 2017 spondes«,

80 2067 132 2122 aut
162 2079 234 2122 cum
259 2060 353 2124 alicui
384 2060 579 2141 credidisset,
611 2067 736 2143 pactum
761 2059 874 2122 deinde
905 2059 1015 2123 lecerit
1045 2078 1115 2123 cum
1145 2079 1196 2124 eo:

80 2183 235 2248 »debitum
260 2205 280 2248 a
307 2191 339 2248 te
367 2185 450 2248 intra
478 2185 722 2266 quinquennium
752 2203 812 2247 non
840 2189 971 2267 potam«,
999 2184 1082 2248 intra
1111 2184 1196 2266 quin·

78 2309 249 2390 quennium
266 2309 461 2392 stipulationi
477 2310 626 2372 insertum
643 2309 693 2372 uel
710 2309 881 2391 inpactum
899 2309 1073 2392 deductum,
1094 2310 1196 2373 locum
1219 2321 1249 2372 15

77 2433 144 2496 fieri
161 2433 358 2497 zenonianac
374 2434 596 2514 constitutioni,
621 2453 702 2516 quae
720 2434 758 2498 de
778 2433 816 2497 iis
833 2434 957 2516 prolata
973 2440 1029 2516 est,
1052 2433 1105 2514 qui
1122 2440 1196 2498 tem-

77 2577 154 2640 pore
172 2559 245 2642 plus
261 2559 423 2642 petierint:
449 2577 531 2639 quae
548 2559 668 2622 scilicet
687 2559 773 2622 iubet
789 2578 858 2622 eum
876 2558 930 2638 qui
953 2557 1106 2623 eiusmodi
1122 2558 1196 2640 quid

76 2683 251 2765 admiserit,
275 2693 306 2748 et
327 2689 401 2748 ante
417 2683 583 2748 triennium
599 2683 678 2748 forte
703 2703 797 2763 quam
813 2683 1058 2764 quinquennium
1075 2683 1195 2763 exierit,

75 2807 162 2888 quod
192 2808 243 2872 uel
272 2808 303 2872 in
331 2815 457 2891 pactum
486 2809 652 2872 deductum
677 2814 731 2870 aut
758 2807 790 2870 in
818 2807 1020 2890 stipulatione
1044 2808 1195 2871 insertum

75 2941 137 3014 est,
164 2933 280 3014 egerit,
310 2932 387 2996 nihil
415 2933 506 2996 modo
536 2931 686 3014 consequi
716 2939 747 2996 et
770 2931 914 2996 inducias
942 2929 1095 2996 aduersus
1124 2951 1194 2996 eum
1214 2944 1249 2996 20

74 3057 247 3140 duplicari,
290 3065 324 3122 ut
362 3065 495 3141 cogatur
538 3079 593 3122 sex
644 3079 744 3123 annos
789 3065 966 3143 expectare.
1023 3064 1095 3140 post
1139 3077 1194 3122 sex

74 3203 177 3248 annos
207 3204 320 3266 agens,
356 3191 429 3248 tunc
458 3185 580 3248 demum
609 3185 748 3249 debitum
777 3191 998 3265 consequetur,
1032 3183 1059 3247 si
1087 3203 1194 3248 omnes

72 3309 237 3392 impensas
273 3317 361 3374 actor
398 3309 603 3392 praestiterit,
641 3331 719 3390 quas
754 3330 826 3374 reus
859 3316 932 3374 ante
964 3314 1086 3392 tempus
1122 3327 1193 3372 con-

71 3440 189 3498 uentus
218 3435 320 3498 soluit.
367 3435 425 3498 hoc
460 3436 542 3498 enim
575 3434 667 3500 modo
703 3435 811 3499 moniti
846 3435 1016 3499 creditores
1051 3440 1194 3515 tempora

26 3558 135 3622 inlitis
171 3580 234 3623 non
267 3565 473 3624 contemnent.
524 3545 571 3626 ll.
594 3559 820 3624 Dilatoriarum
855 3558 1073 3642 exceptionum
1109 3557 1192 3620 aliae
1213 3575 1246 3624 ιι

71 3703 113 3746 ex
139 3704 196 3764 re,
223 3683 305 3748 aliae
329 3705 373 3747 ex
397 3703 560 3767 persona
583 3691 760 3748 nascuntur.
807 3704 850 3746 ex
878 3682 1065 3762 tequidem
1095 3681 1192 3747 ueluti
