2926 4708
549 353 779 418 ..206-

436 643 484 710 Do
504 643 628 728 legatis.
671 643 796 710 Titulus
818 642 869 707 20.

177 829 260 896 Cum
283 830 322 896 de
349 829 544 896 testamentis
573 828 831 906 nactauerimus,
859 828 1071 896 necessarium
1102 835 1151 896 est
1178 831 1218 896 dc

94 947 205 1029 legatis
227 947 390 1030 dispicere.
436 953 486 1012 set
511 946 573 1013 erit
600 949 655 1031 qui
685 948 769 1013 dicat
798 966 870 1013 eum
902 950 956 1030 qui
989 949 1036 1014 ite
1067 949 1218 1031 procedat

94 1066 252 1133 doctrinae
267 1065 532 1132 continuationem
547 1064 744 1148 abrumpere.
772 1067 966 1149 propositum
983 1076 1053 1134 erat
1071 1069 1153 1135 enim
1169 1087 1218 1135 or·
1297 1047 1305 1062 ’

96 1187 161 1251 dine
185 1190 327 1253 tractare
349 1185 388 1250 de
414 1185 676 1265 adquisitiouibus
705 1203 786 1266 quae
813 1204 870 1267 por
897 1187 1135 1253 uniuersitatem
1165 1186 1218 1252 tie

95 1312 176 1386 rcot;
199 1312 233 1372 et
247 1306 318 1371 idco
332 1305 498 1387 oportebat
512 1322 584 1370 eum
598 1306 652 1388 qui
667 1305 707 1371 de
722 1304 897 1371 hereditate
912 1311 1097 1372 &taurento
1113 1306 1218 1372 delato
1251 1309 1269 1359 ⁶

96 1425 296 1492 tractauisaet
317 1424 423 1490 stetim
445 1423 487 1489 ad
508 1440 576 1490 eam
599 1440 681 1503 quae
702 1423 743 1490 ab
765 1424 914 1489 intestato
930 1423 1070 1491 defertur
1084 1423 1218 1490 mansue

96 1550 125 1611 et
144 1544 192 1610 sic
214 1563 273 1626 per
295 1543 415 1623 reliquo
436 1543 477 1608 ad
499 1543 604 1624 legata
625 1542 800 1624 peruenire,
823 1558 879 1623 per
900 1561 981 1624 quae
1003 1542 1146 1626 singulae
1168 1561 1218 1610 res

98 1665 183 1731 nobis
205 1662 429 1743 adquiruntur.
473 1669 522 1728 set
544 1663 576 1726 iu
598 1668 744 1745 promptu
767 1662 850 1727 ratio
872 1669 930 1727 est.
979 1661 1156 1728 cumcuim
1179 1662 1218 1728 de

97 1783 324 1849 hereditatibus
353 1803 390 1848 en
418 1789 605 1849 testamento
634 1783 745 1849 delatis
774 1782 1033 1859 tractauerimus,
1061 1785 1093 1846 in
1123 1785 1218 1848 oeso-

98 1913 197 1970 meuto
227 1909 334 1969 autern
364 1911 396 1968 et
421 1904 526 1984 legata
553 1903 685 1985 relinqui
713 1901 850 1980 soleant,
884 1922 945 1970 nou
973 1920 1102 1984 prorsus
1130 1907 1219 1967 extra
1238 1916 1270 1967 10

98 2027 288 2108 propositam
310 2025 471 2091 materiam
493 2032 556 2106 est,
579 2026 605 2089 si
627 2025 734 2091 statim
756 2025 796 2091 de
822 2025 933 2108 legatis
963 2031 1101 2091 tractare
1130 2025 1218 2089 insti·

63 2163 82 2212 1.
98 2151 229 2210 tuamus.
271 2147 298 2212 l.
322 2145 363 2208 Et
384 2149 457 2210 anto
479 2145 586 2209 omnia
609 2142 739 2210 definire
761 2149 885 2226 oportet
907 2146 982 2226 quid
1005 2145 1047 2210 sit
1069 2144 1217 2226 legatum.

60 2281 81 2332 u.
98 2263 235 2346 legatum
258 2269 308 2328 est
328 2263 454 2328 donatio
476 2262 628 2345 quaedam
652 2281 672 2328 a
694 2261 840 2329 defuncto
870 2263 989 2330 rebeta.
1035 2264 1064 2325 2.
1100 2263 1156 2329 Set
1178 2263 1220 2329 le·

97 2385 159 2466 gati
181 2383 309 2464 quidem
332 2399 442 2448 nomeu
465 2382 657 2464 primitiuum
685 2389 735 2448 est
763 2387 796 2448 et
822 2381 1052 2465 quodammodo
1074 2384 1218 2460 materia,

98 2502 178 2569 uude
199 2507 352 2585 quattuor
372 2519 486 2583 genera
502 2501 689 2582 procedunt:
716 2501 888 2568 uindicatio
904 2503 1063 2568 damnatio
1079 2502 1217 2584 legatum
1238 2517 1268 2568 re

98 2622 219 2688 amendi
242 2622 333 2687 modo
355 2622 540 2703 praeceptio.
585 2629 660 2686 sunt
681 2629 786 2687 autem
811 2622 909 2688 uerba
930 2623 1083 2706 quaedam
1108 2622 1218 2706 singu-

99 2740 135 2807 lis
156 2741 332 2824 legatorum
353 2741 521 2824 generibus
543 2741 726 2824 adsignata,
754 2760 809 2823 per
831 2759 912 2822 quae
940 2760 1039 2823 genus
1062 2740 1219 2825 siguifica-

99 2865 158 2926 tur.
209 2868 242 2925 et
268 2860 491 2926 uindicationis
519 2862 617 2928 uerba
643 2861 720 2928 baec
748 2868 835 2927 sunt:
863 2862 954 2928 buic
983 2879 1157 2929 nummos
1183 2859 1219 2924 C.

100 2980 152 3045 do.
173 2999 212 3046 ex
225 2978 332 3062 legato
346 2986 451 3046 autem
467 2998 523 3062 per
545 2980 787 3048 uindicatiouem
808 2982 952 3047 dominus
973 2981 1144 3062 legatarius
1167 2978 1221 3044 fie-

100 3099 172 3176 bat,
205 3099 300 3165 simul
321 3105 416 3180 atque
437 3100 528 3166 berea
551 3101 694 3180 adiisset,
723 3101 768 3166 ita
796 3107 832 3166 ut
861 3108 972 3166 contra
1002 3118 1123 3166 omnem
1147 3116 1217 3181 pos·
1234 3117 1269 3169 ao

99 3236 250 3285 sessorem
272 3218 305 3285 in
329 3237 394 3286 rem
417 3238 511 3302 agere
533 3227 647 3302 posset.
693 3227 725 3286 et
750 3220 821 3287 ideo
843 3221 927 3286 iuter
949 3218 1002 3284 illa
1025 3219 1104 3285 iuris
1127 3237 1221 3300 nego·

100 3338 143 3401 tia
165 3337 274 3404 reierri
295 3339 385 3416 solet,
409 3358 491 3420 quae
512 3339 601 3405 uobis
623 3339 793 3405 dominium
823 3339 964 3421 pariunt,
995 3339 1043 3404 uti
1073 3339 1221 3421 superius

101 3460 324 3538 proposuimus.
375 3458 539 3525 dicebatur
575 3465 680 3526 autom
712 3459 940 3525 uindicatio
970 3477 990 3524 a
1019 3457 1220 3534 uindicando,

102 3576 184 3656 quod
210 3583 258 3643 est
286 3595 342 3659 per
370 3578 404 3643 in
430 3595 496 3642 reru
526 3577 679 3644 actionem
709 3596 775 3644 rem
804 3579 959 3660 persequi.
1010 3575 1221 3643 damnationis

103 3701 206 3761 autem
228 3696 325 3763 uerba
346 3697 422 3763 baec
444 3701 532 3763 sunt:
556 3699 714 3764 damnas
736 3703 820 3764 esto
850 3698 967 3763 beree
996 3695 1091 3763 buic
1113 3714 1221 3763 uum·
1238 3706 1272 3759 ab

103 3831 185 3880 mos
212 3814 236 3880 C
264 3816 366 3882 dare.
417 3815 576 3883 oriebatur
605 3816 678 3884 inde
707 3817 860 3899 legatario
890 3817 1043 3883 aduersus
1074 3815 1221 3882 heredem
