2936 4704
529 382 759 446 -160-

98 571 242 635 testatoris
265 587 359 634 manu
389 569 587 650 signabatur,
620 576 652 633 et
677 570 744 649 ipae
773 567 866 634 heres
894 571 961 634 sine
986 569 1208 650 inpedimento

98 689 296 754 testimonium
315 689 530 769 praestabant,
553 688 629 752 iuris
645 687 819 769 suptilitate
836 707 899 754 non
914 689 1114 767 aduersante,
1136 707 1206 754 eum

98 825 173 874 nune
193 807 316 873 lucrum
339 809 379 874 ad
403 809 538 874 familiae
560 813 732 890 emptorem
755 809 914 889 pertinere
938 809 1109 884 uideretur,
1133 807 1206 871 suri-

98 933 157 1006 plus
176 933 281 992 autem
304 927 396 993 heres
419 927 625 1008 ignoraretur.
670 931 720 992 set
742 933 883 1001 ueteres,
906 928 960 1007 qui
988 925 1020 992 ld
1049 927 1207 1006 permitte·

99 1047 273 1128 tantaeque
293 1043 444 1112 uetabant
466 1045 616 1126 seriptum
639 1045 785 1110 heredem
808 1053 841 1110 et
863 1061 916 1110 eos
939 1047 992 1128 qul
1015 1063 1085 1110 eum
1101 1063 1138 1110 en
1160 1061 1208 1110 es·
1241 1055 1258 1104 r

98 1173 156 1230 sent
187 1183 244 1246 per
278 1171 467 1244 potestatem
501 1167 658 1232 coniuncti
697 1163 910 1232 testimonium
945 1167 975 1228 iu
1009 1163 1206 1228 testamentis

98 1291 258 1364 praestare,
287 1285 464 1349 suadebant
490 1290 656 1349 testatores
690 1303 728 1350 ue
762 1283 915 1348 eiusmodi
949 1283 1073 1348 lieentia
1098 1280 1207 1348 abute-

99 1409 200 1467 rentur.
250 1407 283 1467 et
305 1401 382 1468 haee
404 1402 530 1484 quidem
557 1403 642 1484 apud
670 1408 803 1468 ueteres.
853 1407 960 1466 noster
989 1406 1094 1466 autem
1123 1400 1206 1482 prin·

98 1539 157 1601 ceps
177 1521 330 1586 eiusmodi
353 1521 431 1586 iuris
458 1518 679 1602 ineleganliam
710 1521 869 1602 corrigens
897 1521 1099 1600 (inelegantia
1125 1519 1205 1584 enirn

99 1639 250 1706 uidebatur
272 1640 431 1705 licentiam
455 1641 603 1714 tribuere,
627 1641 761 1705 suadere
783 1647 888 1705 autem
911 1659 950 1704 ne
977 1639 1205 1722 usurparetur),
1228 1647 1258 1697 10

97 1761 167 1838 quad
190 1767 314 1826 ueteres
342 1767 510 1825 suaserant
537 1762 568 1825 in
598 1760 677 1840 legis
704 1761 864 1825 transtulit
894 1759 1121 1825 nenessitatem.
1174 1765 1206 1822 et

99 1878 169 1944 sieut
189 1880 220 1944 in
247 1879 381 1970 pristino
410 1877 545 1944 familiae
576 1886 715 1960 emptore
746 1881 915 1945 uetabatur
942 1895 1033 1944 amne
1066 1879 1203 1944 testimo·

98 1995 171 2060 ninm
193 2015 298 2062 eorum
321 1998 375 2078 qni
399 2003 504 2062 essent
526 2017 582 2079 per
604 2004 791 2079 potestatem
815 1997 951 2063 familiae
978 1997 1111 2078 emptori
1134 2015 1206 2062 eon·

98 2117 198 2195 innati,
219 2119 263 2181 ita
285 2116 382 2182 etiam
405 2135 506 2200 neque
529 2117 647 2194 heredi,
669 2117 723 2198 qni
746 2116 863 2182 ueteris
891 2115 1027 2180 familiae
1054 2114 1204 2196 emptoris

98 2237 248 2316 imaginem
270 2233 459 2318 praesefert,
486 2253 587 2318 neque
616 2237 655 2300 iis
684 2237 738 2318 qui
766 2253 836 2300 cnm
866 2254 903 2300 ao
932 2254 988 2317 per
1015 2239 1204 2317 potestatem
1226 2245 1256 2294 rr

99 2355 248 2421 readunati
270 2363 345 2422 sunt
368 2355 581 2420 testimonium
604 2361 765 2437 praestare
788 2353 949 2422 concessit.
973 2362 1005 2420 et
1027 2371 1097 2419 eum
1121 2358 1205 2418 retra

99 2473 225 2540 diuorum
246 2475 424 2558 principum
448 2482 532 2542 esset
552 2477 746 2552 constitutio,
769 2491 850 2555 qnae
872 2473 981 2540 beredi
1009 2473 1206 2556 permitteret

98 2595 291 2659 munaninm
307 2600 478 2674 praestare,
501 2594 654 2660 eiusmodi
669 2595 923 2660 constitutionem
939 2593 1083 2676 princeps
1099 2599 1206 2658 noster

60 2728 148 2790 11.⁸¹¹⁰
176 2713 267 2778 radici
303 2715 400 2778 inseri
439 2732 499 2778 uon
533 2713 686 2795 permisit.
745 2715 793 2780 ll.
829 2713 1002 2794 Legatariis
1035 2717 1140 2778 autern
1174 2719 1206 2778 et

98 2827 375 2898 fideicommissariis
390 2849 460 2898 eum
484 2833 562 2898 iuris
585 2850 782 2900 successuras
814 2850 874 2898 non
904 2833 968 2897 siut
998 2841 1030 2897 et
1058 2831 1203 2896 omnibus
1222 2855 1257 2906 20

99 2951 161 3028 ipsis
184 2971 237 3032 per
262 2955 453 3034 potestatem
482 2951 656 3019 coniunctis
685 2951 899 3018 testimenium
929 2969 990 3016 non
1021 2951 1203 3030 denegatur.

99 3073 138 3131 set
157 3069 243 3135 etiam
266 3071 450 3136 constitutio
472 3069 662 3136 serenissimi
680 3071 827 3150 principis
845 3069 944 3136 nostri
960 3067 1026 3134 lata
1041 3076 1100 3145 est,
1123 3087 1204 3150 quae

99 3189 256 3266 mentirer
288 3189 445 3254 concessit
467 3187 572 3270 legata
598 3189 638 3253 iis
668 3189 843 3270 relinquere
872 3189 925 3270 qui
957 3190 988 3252 in
1016 3195 1204 3253 testamento

100 3313 179 3373 testes
199 3311 407 3376 adhibeantur
429 3315 462 3374 et
483 3308 582 3374 nabo
604 3309 704 3390 magis
733 3309 771 3372 iis
801 3309 854 3390 qui
884 3307 961 3389 ipsis
988 3323 1046 3390 per
1067 3311 1205 3387 potesta·

61 3437 93 3487 12.
102 3433 150 3489 ten
169 3436 239 3493 aunt
260 3429 430 3494 coniuncti.
461 3429 509 3494 12.
533 3427 619 3493 Nihil
640 3428 773 3492 interest
793 3427 823 3492 in
848 3443 911 3507 qna
932 3425 1066 3492 materia
1087 3423 1203 3492 laetum
1222 3441 1257 3492 aa

30 3539 33 3556 '
101 3543 135 3606 sil
152 3551 377 3627 testamentum,
401 3557 508 3614 utrnrn
529 3549 560 3613 in
582 3547 698 3615 tabulis
712 3567 752 3614 an
769 3549 799 3613 in
817 3547 935 3614 chartis
952 3565 991 3613 an
1006 3547 1037 3612 in
1053 3547 1203 3614 membra·

101 3663 140 3728 u's
157 3685 193 3731 an
207 3668 237 3732 in
259 3667 323 3733 alia
345 3667 487 3740 materia,
513 3666 612 3734 ueluti
628 3667 761 3750 pellibus
777 3686 832 3734 seu
849 3667 971 3732 eboreis
987 3665 1203 3748 pugillaribus.
