2932 4704
546 337 779 402 -103-

109 524 234 590 auolare
256 529 289 590 et
309 525 463 592 reuolare
504 543 575 591 nem
597 532 726 608 stapes
749 523 781 590 id
804 524 924 592 iaciunt
944 531 977 592 et
998 526 1097 608 liquet
1118 543 1226 590 esrum

109 652 251 710 naturam
274 663 343 711 esse
365 643 473 711 ieram.
508 652 540 710 et
560 663 670 711 ceruos
692 644 819 725 quidam
841 645 887 711 ita
909 651 1089 720 mansuetos
1109 645 1227 711 hubent

108 773 140 830 ut
159 764 305 830 dominos
327 763 506 847 relinquant
527 773 560 830 et
581 765 612 831 in
635 764 732 831 siluas
754 766 869 832 abeant
891 771 923 832 et
949 783 1060 831 rursus
1087 764 1225 842 redeunt,

108 901 277 966 eorumque
298 888 413 949 natura
434 883 633 950 nihilominus
655 883 722 949 fera
744 890 802 949 est.
841 884 880 950 de
908 884 956 950 his
979 891 1086 950 autem
1108 886 1227 951 anima·

108 1003 185 1068 libus
209 1021 291 1086 quae
313 1023 350 1070 ex
373 1003 599 1070 consuetudine
627 1004 714 1070 abire
742 1010 774 1072 et
803 1005 905 1071 redire
932 1005 1048 1082 solent,
1079 1005 1152 1072 talis
1179 1022 1227 1071 re·
1261 1031 1278 1081 p

108 1124 177 1204 gula
199 1124 292 1189 nobis
314 1124 472 1190 tutissima
493 1124 643 1202 traditur,
672 1124 771 1192 ueluti
793 1126 826 1192 iu
852 1125 964 1209 apibus
992 1125 1145 1192 columbis
1173 1143 1227 1205 pa·

109 1244 238 1310 donibus
262 1245 372 1310 cernis.
409 1243 543 1310 dicimus
565 1245 647 1310 caim
669 1263 809 1327 sonsque
832 1253 939 1311 nostre
961 1264 999 1310 ea
1020 1262 1102 1323 osse,
1125 1243 1227 1311 donec

108 1362 242 1426 mimum
265 1360 401 1428 habeant
419 1363 459 1427 ad
474 1381 532 1428 nos
546 1363 735 1428 reuertendi.
757 1381 828 1428 nam
851 1363 878 1428 si
901 1364 1052 1429 desierint
1074 1363 1225 1430 eiusmodi

107 1482 244 1546 animum
267 1480 393 1559 habere,
422 1489 546 1548 cessant
567 1489 676 1548 nostra
702 1501 771 1549 esse
793 1490 825 1549 et
844 1483 1024 1566 occupantis
1046 1482 1134 1548 liunt
1172 1484 1226 1550 sed

108 1617 173 1664 cum
197 1620 236 1667 ex
252 1601 440 1668 animalibus
455 1603 533 1686 ipsis
554 1602 588 1668 id
611 1603 800 1686 deprehendi
823 1611 966 1684 nequeat,
989 1623 1026 1668 eu
1049 1603 1226 1670 reuertendi
1248 1609 1279 1660 1⁰

109 1721 333 1787 consuetudine
354 1723 386 1787 id
409 1721 634 1805 intellegemus.
679 1721 762 1805 finge
789 1725 870 1789 enim
898 1741 997 1790 meam
1024 1741 1150 1789 ceruam
1177 1741 1226 1788 me

109 1837 283 1920 relinquere
304 1841 427 1906 solitam
442 1841 600 1922 siluasque
621 1849 729 1924 petere
752 1842 802 1908 uei
825 1843 933 1909 eodem
955 1841 1007 1910 uel
1028 1847 1154 1925 postero
1176 1842 1227 1908 die

111 1975 308 2024 reuersurum
330 1958 497 2026 ueletiam
525 1961 632 2026 tertio:
663 1977 822 2042 uunquam
851 1979 927 2026 uero
954 1961 1039 2026 ultra
1066 1963 1132 2026 tres
1159 1960 1226 2026 dies

110 2097 175 2144 rues
195 2078 336 2146 uhfmsse
357 2079 460 2145 domo.
503 2080 532 2144 si
554 2098 628 2162 ergo
651 2081 735 2146 intra
757 2079 885 2146 tertium
907 2079 1005 2156 diem,
1027 2080 1113 2147 iutra
1134 2096 1227 2160 quem

111 2198 224 2264 redemi
239 2197 333 2264 solitu
346 2197 416 2278 fuit
438 2199 479 2266 ab
502 2199 607 2283 aliquo
629 2206 721 2283 capta
743 2208 801 2280 est
823 2204 933 2282 utpote
955 2199 1039 2266 circa
1055 2197 1225 2265 dominium
1247 2212 1277 2263 15

111 2317 225 2398 laesus,
250 2319 403 2385 actionem
426 2319 458 2386 iu
481 2338 547 2385 rem
569 2321 723 2387 aduersus
738 2339 810 2386 eum
824 2321 964 2402 habebo;
987 2318 1099 2406 quodsi
1113 2323 1228 2400 quartu

111 2437 159 2502 die
180 2455 250 2505 eom
273 2438 342 2522 quis
365 2439 492 2520 ceperit,
515 2438 632 2506 nullam
653 2440 685 2504 ia
708 2458 780 2506 eum
802 2439 956 2506 actionem
985 2440 1153 2518 exercebo;
1175 2457 1228 2520 pa-

112 2561 155 2623 tet
176 2558 268 2638 euim,
288 2576 358 2624 cum
372 2558 551 2625 reuertendi
568 2559 824 2626 consuetudinem
839 2579 899 2626 non
915 2558 1101 2637 serueuerit,
1124 2575 1228 2626 meum

67 2685 103 2736 1o
111 2677 267 2758 spreuisse
293 2675 474 2743 dominium.
526 2677 575 2740 16.
614 2676 809 2743 Gallinarum
844 2677 1085 2744 domesticorum
1113 2683 1145 2744 et
1173 2695 1227 2742 au·

111 2813 214 2862 serum
236 2814 298 2862 nou
321 2802 370 2860 est
391 2802 504 2862 natura
525 2795 600 2876 iera,
623 2796 717 2880 idque
738 2815 777 2862 ex
800 2815 836 2864 eo
858 2795 996 2878 intellegi
1018 2800 1122 2878 potest
1143 2797 1228 2877 quod
1245 2815 1280 2868 so

109 2915 193 2982 uliae
213 2922 286 2982 sunt
305 2915 441 2998 gallinae
462 2935 540 2998 quas
561 2915 644 2984 ieras
665 2935 824 2992 uocumus,
846 2934 958 2999 graece
980 2915 1072 3001 ἄγρια
1095 2912 1228 3000 ὀρνίθια,

109 3041 141 3100 et
161 3033 219 3100 ulii
239 3052 367 3102 anseres
388 3052 468 3115 quos
488 3034 571 3102 ieros
593 3054 753 3112 docemus,
774 3037 829 3120 qui
850 3037 982 3103 audiunt
996 3053 1110 3119 graece
1124 3035 1229 3120 ἀγριο-

104 3153 252 3242 [pudure.
298 3154 433 3236 ideoque
462 3157 489 3222 si
516 3175 644 3224 anseres
672 3159 718 3224 tui
746 3157 796 3224 uel
825 3165 899 3224 tuae
932 3157 1066 3242 gallinae
1093 3155 1228 3241 quodam

111 3291 189 3340 casu
209 3273 328 3340 turbati
357 3275 561 3357 euolauen'nt,
583 3282 735 3360 tuumque
757 3285 957 3362 conspectum
972 3275 1139 3360 effugerint
1153 3290 1230 3356 quo·
