2932 4704
566 367 795 430 -114-

89 548 177 620 nait.
208 548 267 616 Set
286 549 315 616 si
336 551 440 632 gregis
462 550 685 618 usumfructum
707 551 777 634 quis
799 551 922 632 babeat,
944 552 974 617 iu
996 551 1097 620 locum
1119 550 1238 619 demor-

130 676 254 734 tuorum
277 668 413 749 capitum
437 687 474 734 cx
495 667 562 736 ictu
590 669 838 737 usufructuarius
865 671 1049 738 submittere
1074 675 1107 738 at
1133 687 1239 736 numa·

127 805 192 852 rum
215 787 341 869 explere
363 787 474 854 debat:
498 785 556 854 hcc
585 789 666 854 enim
689 787 810 855 Iuliano
836 790 947 872 placet
997 795 1033 854 ut
1059 805 1131 855 ecce
1157 787 1238 854 cessi

128 905 181 972 tibi
192 905 423 973 usumfructum
435 909 539 990 gregis
549 907 656 974 ouium
667 915 806 975 cautum:
819 915 960 975 mortuae
971 915 1044 974 unt
1054 925 1129 974 oues
1141 907 1237 986 XXX,

126 1031 215 1092 natae
240 1025 281 1090 L:
304 1031 429 1109 oportet
450 1035 482 1092 te
503 1027 591 1110 gregi
612 1027 700 1092 XXX
721 1027 836 1094 adrine
858 1035 892 1093 ut
915 1044 1076 1094 numerum
1099 1027 1155 1093 tibi
1175 1033 1238 1093 tra
1272 1033 1289 1084 ὅ

125 1144 222 1210 ditum
247 1162 375 1214 seruare
396 1145 514 1229 possis:
542 1153 574 1214 et
595 1148 640 1212 ita
661 1151 780 1214 ceteras
801 1147 859 1212 XX
886 1164 960 1213 oues
989 1147 1021 1214 iu
1047 1147 1238 1229 proprietate

68 1263 262 1330 mentatio.
286 1265 363 1330 38⁸)
386 1263 419 1331 Sl
438 1267 549 1332 uineae
571 1267 679 1348 agriue
700 1265 925 1332 usumfructum
947 1265 1005 1332 tibi
1027 1265 1183 1345 cesserim,
1205 1267 1237 1334 in

123 1382 226 1448 locum
250 1385 482 1450 demortuorum
505 1384 641 1468 capitum
663 1402 719 1449 scu
741 1384 948 1450 uetustiorum
965 1385 1129 1451 uinearum
1152 1393 1184 1456 et
1204 1387 1237 1452 iu

123 1503 223 1568 locum
247 1504 393 1568 arborum
418 1502 626 1570 laborantium
648 1521 703 1570 seu
733 1503 922 1569 deiectorum
948 1521 1046 1570 nouas
1073 1507 1237 1574 restituere

123 1623 226 1690 debes.
271 1631 357 1690 recte
378 1623 461 1690 euim
483 1630 515 1690 et
536 1623 695 1689 commode
715 1641 825 1705 agrum
847 1627 878 1690 te
901 1623 1001 1690 colere
1023 1624 1125 1700 decet,
1147 1623 1236 1691 cuius
1257 1627 1289 1676 ¹⁰

124 1743 178 1810 tibi
201 1741 401 1811 ususiructus
423 1761 529 1810 cessus
551 1750 600 1810 est
621 1750 653 1810 et
674 1744 719 1808 ita
741 1750 772 1810 te
793 1761 903 1826 gerere
925 1745 1007 1810 sicut
1021 1745 1119 1809 bonus
1133 1751 1237 1826 pater·

126 1862 259 1928 familias
282 1880 352 1930 sese
372 1868 506 1942 gereret.

78 1991 115 2042 aa.
205 1983 257 2047 39.
292 1981 418 2050 Inucuit
438 1983 510 2064 quis
531 1983 734 2050 thensaurum
755 1983 787 2048 in
809 1999 866 2050 suo
888 2001 977 2066 agro:
1000 1984 1091 2050 diuus
1106 1981 1237 2050 Hadria·

124 2119 181 2166 uus
201 2103 381 2169 naturalem
403 2105 591 2187 acqmtatem
614 2109 756 2182 secutus,
786 2103 814 2169 ei
842 2103 1045 2170 thensaurum
1074 2103 1234 2182 concessit,

126 2222 335 2303 eminuerit,
364 2223 446 2288 idem
472 2227 614 2288 statuens
641 2221 760 2302 siquis
788 2223 931 2289 insacro
961 2223 1147 2304 religiosoue
1167 2223 1235 2288 loco
1257 2229 1286 2281 1⁵

123 2339 250 2406 lortmto
277 2358 352 2406 casu
374 2342 538 2408 inuenerit
582 2342 609 2406 si
631 2342 701 2423 quis
722 2341 754 2407 in
776 2341 877 2408 alieno
899 2341 995 2408 iuudo
1016 2360 1076 2408 nou
1100 2341 1174 2416 data
1194 2342 1235 2407 ad

125 2459 181 2525 boc
202 2479 312 2542 opera,
335 2467 384 2527 set
404 2459 536 2528 fortuitu
563 2461 765 2527 thensaurum
793 2461 960 2540 inuenerit,
989 2461 1152 2527 dimidium
1182 2464 1234 2528 do

125 2580 205 2645 mino
226 2579 288 2647 soli
309 2579 489 2646 Hadmauus
515 2583 677 2648 concessit.
726 2581 833 2664 itaque
861 2581 1080 2648 conuenienter
1106 2581 1133 2646 si
1162 2581 1232 2664 quis

122 2703 154 2765 in
181 2700 326 2768 Caesaris
359 2702 426 2768 loco
447 2702 651 2770 thensaurum
683 2701 852 2782 inuenerit,
886 2702 1046 2768 dimidium
1073 2701 1234 2768 thensauri

123 2817 249 2887 cuein
283 2821 473 2902 praestabit,
515 2821 676 2888 dimidium
707 2822 853 2888 inuentor
884 2821 944 2888 sibi
976 2820 1130 2887 retinebit
1185 2821 1233 2884 siu
1251 2837 1285 2888 au

124 2945 227 3006 autem
241 2941 312 3024 quis
326 2939 359 3005 iu
374 2940 497 3022 publico
511 2940 578 3008 loco
593 2942 643 3007 uel
657 2939 756 3006 fiscali
768 2941 933 3020 inuenerit,
946 2939 1088 3006 similiter
1102 2941 1169 3022 ipse
1179 2937 1233 3019 qui

125 3057 249 3125 inuenit
266 3057 427 3124 dimidium
449 3059 609 3143 apiscitur,
631 3061 763 3126 alterum
786 3079 862 3126 uero
884 3060 1044 3126 dimidium
1065 3057 1160 3126 fiscus
1183 3055 1233 3124 uel

75 3181 108 3230 40
125 3177 238 3244 ciuitss
260 3187 476 3261 consequetur.
521 3179 572 3242 40.
606 3179 767 3246 Naturalis
789 3179 900 3246 modus
926 3177 1143 3262 adquisitionis
1171 3184 1233 3242 tra·

122 3295 200 3360 ditio
220 3313 342 3382 quoque
364 3303 421 3364 est.
458 3298 534 3379 qnid
555 3305 604 3366 est
625 3298 777 3366 tradito?
798 3316 925 3366 amuuu
944 3298 976 3366 iu
991 3315 1117 3364 manum
1131 3303 1232 3364 hans·

123 3415 199 3480 latio
226 3416 314 3484 focile
347 3416 553 3501 explicabilis,
588 3417 762 3486 naturalem
789 3418 944 3502 quandam
974 3423 1078 3484 actum
1109 3433 1232 3498 praese
1249 3421 1283 3473 2⁶

123 3533 240 3600 tereus:
262 3535 338 3601 nihil
360 3535 443 3602 enim
464 3540 530 3602 tam
552 3543 682 3604 naturas
703 3537 890 3606 conueniens
912 3545 960 3602 cst
982 3553 1073 3619 quam
1090 3534 1232 3601 uolunta·
