2870 4716
548 377 776 442 -341-

105 562 219 628 Leonis
241 563 283 628 sit
297 563 489 643 constitutio,
512 565 644 644 quaein
668 565 792 632 dotibus
815 567 1050 648 praeposteram
1072 563 1219 630 admittat

105 681 357 763 stipulationem,
385 683 454 748 ideo
481 683 626 767 princeps
654 691 762 750 noster
783 703 917 766 acquum
939 703 1008 750 esse
1034 684 1161 766 putauit
1185 685 1218 750 in

104 802 249 867 omnibns
276 801 532 884 stipulationibus
553 807 775 884 praeposterae
803 801 983 868 adiectionis
1006 802 1119 868 uitium
1141 802 1218 868 obli-

104 921 264 1002 gationem
289 939 352 986 non
379 922 496 987 tollere.
541 926 746 1005 praepostera
772 929 821 988 est
848 923 930 988 enim
952 922 1114 1006 stipulatio
1136 927 1169 987 et
1190 922 1217 988 si

105 1039 222 1105 dicam:
258 1042 449 1124 »spondeo
476 1040 547 1106 tibi
576 1040 701 1106 decem
727 1059 865 1107 aureos
892 1041 1010 1107 hodie
1037 1040 1149 1120 dare,
1182 1040 1250 1107 sic

104 1178 185 1225 cras
201 1160 329 1226 Titius
351 1160 492 1227 consul
513 1159 631 1226 fiacr:
655 1161 705 1226 nel
727 1161 759 1226 in
779 1161 894 1226 dotesi
916 1162 967 1226 uir
979 1161 1104 1226 mulieri
1118 1161 1216 1226 dicat:

106 1280 305 1362 »spondeo
335 1298 417 1346 cum
443 1279 621 1345 morieris
642 1279 714 1345 tibi
736 1279 867 1346 dotem
897 1280 988 1346 dare
1016 1281 1048 1346 si
1070 1279 1218 1362 absque

103 1399 249 1466 liberis
276 1399 485 1466 decedas«.
530 1399 616 1464 datio
636 1399 719 1465 enim
741 1399 783 1465 ad
807 1399 893 1465 uitae
921 1406 1045 1482 tempus
1072 1398 1217 1480 refertur,

104 1519 295 1586 condicionis
317 1525 423 1586 autem
444 1526 590 1596 euentus,
619 1520 648 1584 h.
673 1539 699 1586 e.
731 1520 850 1586 orbitas
872 1519 931 1602 (ait
952 1521 1048 1585 enim:
1076 1520 1108 1586 si
1134 1521 1218 1585 sine

103 1640 247 1708 liberis
268 1640 470 1723 morieris)
493 1638 534 1705 ad
555 1644 679 1722 tempus
700 1644 773 1723 post
794 1644 928 1704 mortem
948 1643 1078 1722 spectat
1100 1639 1219 1721 placuit
1236 1643 1268 1698 1⁰

105 1759 204 1840 igitur
222 1779 284 1826 non
306 1761 408 1826 solnm
429 1760 460 1824 in
484 1759 566 1837 dote,
590 1764 639 1824 set
659 1759 754 1824 etiam
772 1759 804 1823 in
820 1759 881 1824 alia
901 1777 1098 1841 quacumque
1120 1759 1219 1841 stipu-

106 1880 225 1945 latione
238 1885 460 1963 praeposterae
481 1879 669 1946 condicionis
689 1879 820 1946 adiectio
836 1878 1068 1961 stipulationem
1089 1897 1151 1943 non
1172 1878 1218 1943 in·

63 1989 240 2064 infirmare
278 2003 325 2064 15.
352 2018 461 2066 »cum
478 2000 686 2065 morietur«
709 1999 1111 2082 stipulatorpromissorue,
1132 1999 1218 2064 ualet

105 2118 280 2201 stipulatio:
304 2119 482 2203 concipitur¹
498 2119 580 2184 enim
594 2119 649 2198 ita,
671 2123 709 2184 ut
723 2118 824 2184 Titius
839 2119 883 2185 sic
897 2119 1074 2202 promittat:
1100 2117 1217 2184 ›dabo

105 2237 177 2302 tibi
207 2257 292 2304 cum
318 2240 511 2305 morian:
538 2239 597 2305 hoc
623 2239 706 2304 anim
733 2239 895 2322 stipulatio
921 2238 1267 2321 etapuducteres31⁵

63 2356 193 2422 mutilis
225 2361 295 2422 erat
330 2362 362 2423 et
388 2377 471 2424 nunc
503 2358 597 2424 ualet.
644 2359 692 2422 16.
727 2357 770 2422 Et
807 2361 880 2440 post
917 2363 1050 2424 mortem
1087 2360 1216 2425 alterins

106 2481 258 2558 concepta
289 2478 451 2560 stipulatio
483 2479 611 2544 ualebat
647 2481 742 2545 etiam
774 2484 852 2561 aput
882 2483 1022 2557 ueteres3
1058 2481 1157 2546 ueluti
1189 2481 1216 2546 si

106 2597 177 2678 quis
201 2596 328 2662 dixerit:
366 2598 557 2682 »spondeo
586 2599 682 2664 dare
711 2598 784 2664 tibi
812 2598 939 2664 decem
966 2617 1099 2664 aureos
1125 2604 1217 2681 post

76 2715 78 2720 '
106 2719 271 2781 mortem
303 2716 438 2795 Titii«;
471 2735 542 2783 cnm
574 2716 714 2783 accidere
745 2723 868 2800 posset,
901 2717 982 2782 uiuis
1012 2717 1114 2783 adhuc
1146 2735 1216 2784 eon-

64 2833 313 2914 retrahentibus,
336 2835 451 2900 litium
473 2835 561 2902 mori.
597 2839 645 2901 17.
669 2835 703 2901 Si
724 2837 755 2900 in
776 2837 987 2919 stipulationis
1008 2838 1216 2904 instrumento
1232 2839 1267 2890 2⁰

106 2952 259 3034 scriptum
272 2955 315 3019 sit
328 2955 444 3022 litium
458 2956 662 3040 spopondisse
682 2957 824 3041 [perinde
841 2957 1056 3042 intellegitnr]‚
1079 2977 1115 3024 ac
1129 2959 1157 3024 si
1170 2958 1216 3024 in-

106 3073 317 3153 terrogatione
353 3075 558 3158 praecedente
594 3076 803 3159 responderit;
845 3079 1098 3161 praesumptione
1133 3078 1214 3144 enim

106 3209 290 3274 responsum
318 3195 350 3260 in
372 3197 579 3263 instrumento
607 3198 744 3281 positum
774 3197 977 3265 antecessisse
997 3198 1215 3284 interrogatio-

65 3331 97 3383 rs.
106 3329 179 3378 nem
201 3311 360 3395 significat
397 3317 445 3380 18.
470 3315 619 3395 Quotiens
634 3316 740 3400 plnres
762 3336 813 3384 res
834 3336 898 3383 una
911 3317 1112 3400 stipulatione
1133 3337 1214 3384 com·
