2932 4704
533 347 767 416 -122-

405 631 451 700 De
472 632 690 703 semitutibus.
734 631 857 702 Titulus
879 635 910 699 3.

176 817 212 884 in
236 820 347 901 primis
375 819 414 884 da
442 819 651 886 seruitutibus
677 821 875 901 praediorum
904 822 1093 889 rusticorum
1120 822 1217 913 dispi-

100 939 218 1004 ciamus
265 936 327 1004 ium
349 939 433 1003 uasti
454 955 536 1020 quae
562 937 606 1004 ait
633 938 786 1006 eiusmodi
812 941 949 1008 seruitus
979 947 1012 1008 et
1039 959 1122 1024 quae
1148 943 1218 1011 eiua

103 1054 243 1124 definitio.
300 1056 499 1122 seruitutium
520 1057 642 1138 speeies
668 1075 751 1125 uuae
779 1060 1002 1140 proponendae
1030 1066 1114 1127 suut„
1144 1060 1217 1128 iura

100 1174 294 1255 praediorum
315 1175 504 1242 rusticorum
526 1179 602 1240 sunt
623 1175 710 1241 baec.
754 1173 818 1243 iter
838 1183 929 1243 aetus
960 1177 1013 1244 uia
1038 1179 1217 1262 aquaeduc-

100 1301 155 1358 tus.
197 1293 276 1376 quid
299 1299 348 1358 est
367 1292 484 1376 iter?¹)
513 1297 550 1360 ub
575 1311 648 1361 ecee
674 1294 828 1362 habebam
857 1313 916 1378 ego
945 1295 1093 1374 fundum,
1123 1297 1216 1365 habe
1249 1313 1268 1368 ο

100 1413 212 1494 basque
235 1419 273 1477 tu
294 1411 426 1478 fundum
447 1414 631 1496 proximum.
668 1429 772 1481 meum
794 1412 925 1480 iuudum
948 1432 1019 1480 cum
1041 1415 1129 1483 adire
1151 1415 1216 1482 uei·

100 1531 163 1606 lem,
186 1549 244 1612 per
266 1531 382 1600 multas
402 1533 550 1615 ambages
572 1533 605 1601 id
628 1532 706 1601 mihi
727 1537 850 1600 tautum
873 1533 998 1602 licebat.
1041 1534 1119 1617 petii
1141 1553 1160 1612 a
1183 1541 1216 1602 ta

101 1653 134 1713 ut
152 1649 227 1716 mihi
249 1649 310 1716 iter
336 1650 537 1730 concederes,
566 1651 650 1718 idest
677 1655 713 1718 ut
740 1652 819 1718 mihi
847 1652 956 1720 liceret
982 1655 1119 1722 mausirs
1148 1653 1217 1724 sins

101 1769 232 1834 iumenta
254 1775 287 1836 et
308 1768 376 1834 siue
397 1786 501 1840 eurum
545 1773 636 1834 acius
662 1775 769 1834 autam
797 1767 874 1851 quid
900 1768 972 1836 aab?
1001 1775 1092 1836 aeuus
1112 1769 1215 1838 locum

101 1883 199 1966 habet,
221 1904 293 1953 eum
315 1903 374 1970 ego
395 1905 416 1952 a
436 1892 468 1953 be
489 1891 603 1968 petam,
626 1893 663 1954 ut
684 1887 761 1953 mibi
783 1885 878 1955 lieeat
898 1905 957 1968 per
977 1887 1109 1955 iuudum
1123 1896 1216 1955 tuum
1236 1904 1269 1957 ιο

101 2006 228 2070 bausire
250 2023 322 2070 eum
343 2005 483 2071 iumenta
503 2005 556 2070 uei
576 2024 689 2084 eurru3
710 2005 818 2087 itaque
832 2003 887 2089 qui
905 2006 969 2073 iber
981 2006 1087 2087 babet,
1109 2013 1216 2074 aetum

101 2139 156 2188 uon
177 2123 283 2204 babet,
304 2140 376 2189 uam
399 2141 469 2192 cum
491 2124 630 2190 iumenta
652 2129 686 2189 et
712 2141 807 2190 amru
834 2125 970 2190 transire
998 2123 1117 2208 nequis
1161 2129 1216 2209 qui

101 2247 198 2312 actum
220 2249 326 2312 autem
348 2241 452 2322 babet,
475 2243 571 2318 babet
591 2259 716 2326 quoque
737 2243 810 2324 iter,
831 2247 936 2324 potest
963 2243 1046 2318 euim
1074 2252 1107 2310 et
1129 2245 1215 2312 solus

102 2367 131 2424 et
149 2377 219 2425 eum
237 2361 376 2427 iumento
398 2361 540 2429 transire.
569 2362 623 2427 uia
643 2367 693 2428 est
713 2365 765 2428 ius
787 2361 880 2429 eundi
903 2367 936 2430 et
958 2363 1074 2446 agendi
1095 2362 1214 2431 iumeu·

102 2487 180 2561 tum3
203 2484 235 2545 et
255 2478 326 2545 ideo
348 2480 379 2543 iu
401 2480 455 2544 uia
476 2479 585 2546 eadem
605 2485 680 2546 sunt
694 2497 774 2564 quae
788 2479 820 2545 iu
835 2485 924 2547 actu:
946 2479 981 2544 in
1002 2481 1115 2547 ceteris
1138 2499 1214 2549 uero
1235 2505 1266 2559 1⁶

101 2596 248 2676 quaedum
269 2605 346 2664 suut
366 2597 570 2677 differentiae,
592 2599 632 2664 tis
653 2601 769 2682 quibus
789 2599 821 2666 iu
845 2599 982 2682 Digestis
1004 2599 1213 2682 dispiciemus.

99 2717 308 2797 aquaeductus
329 2724 379 2784 est
399 2719 449 2784 ius
470 2736 571 2802 aquae
592 2736 650 2802 per
670 2719 807 2794 alianum
829 2717 960 2785 fundum
980 2719 1156 2786 dueeudaa:
1179 2726 1216 2796 ut

98 2851 166 2900 eece
187 2834 318 2902 fundum
339 2853 423 2934 aqua
444 2836 574 2904 diuitem
596 2835 748 2918 habebas,
771 2840 841 2903 arat
862 2842 971 2906 ababa
993 2835 1068 2902 mihi
1096 2835 1216 2904 fundus

98 2969 177 3032 aqua
204 2954 310 3038 inops:
345 2955 422 3038 petii
455 2974 477 3028 a
510 2961 542 3031 te
568 2963 605 3030 ui
630 2957 708 3024 mibi
733 2957 843 3026 liceret
875 2976 913 3027 ex
946 2956 1032 3024 fonte
1064 2955 1149 3040 apud
1183 2961 1215 3022 te

98 3072 215 3142 orieuta
234 3092 348 3158 aquam
369 3075 401 3140 iu
423 3073 553 3149 mudum
575 3095 678 3146 meum
699 3078 829 3149 dusera:
851 3075 910 3147 boc
925 3075 1000 3148 mibi
1017 3075 1215 3150 musaeus:
1233 3087 1268 3142 aa

67 3196 84 3248 1.
101 3191 176 3258 haee
197 3195 335 3260 semitm
355 3193 571 3279 aquaaduetus
592 3204 650 3264 aaa
696 3198 725 3259 1.
755 3193 963 3279 Dispiciamus
992 3197 1033 3264 ds
1054 3185 1216 3261 seruituti·

99 3311 156 3376 bus
177 3313 373 3394 praediorum
399 3314 600 3381 urbanorum.
651 3313 823 3381 seruitutes
851 3313 1052 3396 praediorum
1080 3313 1215 3380 urbano·

99 3445 167 3494 rum
190 3437 275 3511 suut,
301 3449 385 3515 quas
409 3430 558 3499 aedificiis
586 3421 765 3511 imbuerent,
795 3431 929 3515 ideoque
953 3431 1051 3498 latine
1080 3430 1216 3498 audiunt

102 3549 379 3630 ’praediorum
400 3551 680 3630 urbanorum«,
703 3551 851 3632 quoniam
873 3547 1016 3618 aedifiaia
1036 3551 1142 3618 omnia
1163 3569 1216 3618 ur·

99 3701 297 3717 -——

167 3785 1167 3860 ¹)nsnaqmamouusaampmasfflaaiusaxmmau.
