2936 4704
537 325 770 390 -163-

108 512 154 578 hoc
172 511 368 594 quibusdam,
391 516 428 577 ut
448 510 643 578 uoluntatem
659 529 748 577 suam
769 529 873 578 coram
889 511 1025 578 testibus
1039 511 1218 579 manfiestu-

109 637 154 708 ret,
174 631 346 696 declarauit
367 649 459 713 quem
483 631 543 696 sibi
565 629 662 698 uellet
684 650 753 696 esse
774 631 923 698 heredem
939 637 971 696 et
985 632 1107 698 cuinam
1123 649 1216 698 seruo

108 749 266 816 libertatem
289 751 440 830 tribuere,
462 758 566 818 rutum
589 749 743 817 eiusmodi
765 757 987 817 testamentum
1011 751 1153 816 dicimus.
1189 750 1217 817 si

110 886 177 944 uero,
197 876 233 935 ut
255 868 440 952 plerumque
461 869 498 935 fit
512 871 545 936 in
558 868 765 950 sermonibus,
787 867 976 951 quibusdam
998 869 1217 951 praesentibus

109 987 172 1052 dixit
189 989 280 1055 alicui
297 991 330 1054 in
346 1007 416 1054 eum
432 1006 619 1056 conuersus:
646 1007 735 1070 »ego
758 989 994 1056 teheredom
1017 988 1141 1055 facio«
1166 987 1216 1054 uel
1251 991 1269 1042 5

111 1103 211 1172 ‘bona
225 1127 309 1174 mea
323 1108 402 1174 tibi
416 1107 627 1188 relinquo«,
651 1126 712 1174 nou
728 1113 854 1187 oportet
875 1107 934 1174 boc
955 1125 1012 1190 pro
1028 1113 1217 1174 testamento

110 1226 261 1293 obseruari.
290 1227 323 1292 in
346 1227 470 1292 nemine
491 1231 597 1292 autem
621 1226 652 1292 id
674 1227 779 1308 potius
800 1225 1020 1307 inquirendum
1042 1233 1100 1304 est,
1124 1245 1217 1310 quam

108 1349 133 1410 in
163 1345 332 1424 militibus,
370 1346 485 1428 quibus
517 1345 551 1410 id
585 1341 747 1427 priuilegii
784 1345 892 1410 datum
926 1353 975 1410 est
1008 1351 1045 1410 ut
1077 1345 1218 1429 quolibet

108 1467 185 1530 nodo
205 1467 327 1549 possint
349 1463 471 1541 testari,
497 1483 536 1530 ne
558 1482 639 1545 quae
662 1466 814 1530 sermonis
836 1465 938 1546 gratia
967 1463 1051 1530 diets
1081 1471 1154 1531 eunt
1176 1463 1217 1530 ed

110 1585 272 1651 testamenti
294 1584 426 1650 formam
448 1581 635 1650 referantur.
685 1581 822 1665 alioquin
853 1601 913 1649 uon
948 1581 1116 1649 difficulter
1145 1588 1217 1664 post
1239 1595 1269 1646 ro

110 1703 222 1768 alienius
243 1704 353 1770 militis
378 1710 510 1769 mortem
537 1707 635 1769 testes
662 1703 834 1768 existerent
860 1703 914 1785 qui
943 1707 1120 1769 assererent
1148 1719 1218 1768 sese

110 1821 220 1888 anlbse
244 1823 333 1889 illum
362 1825 546 1890 morientem
580 1824 711 1889 dixisse:
746 1822 932 1905 relinquo
966 1829 1002 1890 te
1036 1822 1217 1890 heredem

111 1942 153 2006 uel
178 1944 276 2008 bona
306 1960 387 2008 mee
420 1943 494 2010 tibi
527 1944 714 2024 relinquo
742 1949 774 2008 et
801 1961 858 2024 per
890 1943 949 2010 hoc
976 1961 1054 2010 uera
1084 1943 1216 2009 militum

77 2069 96 2120 a
111 2060 210 2127 iudicia
229 2063 500 2129 subuertereutur.
545 2062 575 2124 2.
609 2060 702 2127 Miles
724 2062 793 2127 siue
814 2067 921 2128 mutus
944 2061 987 2126 sit
1008 2063 1078 2128 siue
1102 2061 1217 2126 surdus

111 2181 199 2246 aalide
219 2189 366 2261 testatum
393 2179 476 2263 finge
498 2200 573 2247 uero
597 2199 667 2246 eum
687 2183 831 2247 causeris
853 2183 1001 2248 missione
1016 2181 1128 2246 militia
1143 2198 1218 2247 non·
1239 2197 1269 2248 lo

112 2299 172 2363 dum
193 2301 360 2381 dimissum,
383 2302 555 2367 absurdum
579 2308 627 2369 est
649 2303 730 2367 enim
753 2301 904 2367 eiusmodi
927 2302 1082 2366 hominem
1106 2301 1219 2382 stipen-

112 2418 154 2484 dia
173 2437 297 2487 merere.
342 2423 451 2503 nequit
473 2422 554 2486 euim
578 2422 778 2505 imperatoris
807 2422 927 2488 iussum
956 2421 1135 2502 percipere,
1163 2438 1219 2484 nec

111 2537 134 2601 si
152 2537 250 2620 eliqua
270 2559 306 2608 re
327 2542 505 2608 necessarie
526 2540 625 2607 nunti
652 2544 715 2607 telo
738 2541 887 2624 indigeat,
911 2541 944 2605 id
965 2537 1144 2622 significare
1166 2556 1219 2620 po·

79 2681 97 2730 e.
112 2664 172 2722 test
213 2659 243 2723 3.
276 2657 436 2727 Hactenus
459 2679 536 2726 uero
558 2681 578 2727 a
598 2659 824 2744 principalibus
851 2659 1125 2726 constitutionibus
1148 2675 1220 2725 con-

112 2777 219 2843 ceditur
246 2779 395 2846 militibus
425 2781 505 2846 citra
532 2781 771 2847 sollemnitatem
800 2778 929 2858 testam,
960 2785 1115 2860 quatenus
1142 2777 1220 2842 mili·
1237 2781 1271 2832 20

112 2901 221 2961 tentet
242 2898 271 2962 in
295 2899 407 2964 castris
429 2900 557 2982 degunt.
602 2907 674 2982 post
696 2899 876 2965 missionem
899 2904 1021 2977 autem,
1044 2898 1127 2963 idest
1149 2915 1219 2964 cum

110 3017 239 3080 ueterani
261 3017 333 3083 lecti
355 3017 429 3095 sint,
453 3018 505 3084 uel
526 3026 617 3085 extra
638 3025 751 3097 castro,
775 3017 847 3083 licet
869 3018 972 3084 adhuc
998 3014 1143 3093 militant,
1167 3034 1221 3096 pa·

110 3150 248 3210 generum
269 3135 507 3203 sollemnitatem
531 3156 660 3204 seruere
682 3138 807 3204 debent.
857 3155 927 3203 cum
957 3139 1018 3202 iam
1049 3135 1220 3202 dixerimus

110 3251 211 3318 milites
232 3256 264 3318 in
285 3257 397 3322 castris
424 3261 577 3322 testantes
607 3255 675 3322 siue
704 3254 842 3340 periculo
872 3256 951 3322 iuris
979 3255 1218 3322 sollemnitatem

110 3375 356 3452 praetermittere,
379 3376 538 3442 ueteranis
562 3389 667 3443 autern
690 3377 819 3442 eandem
843 3395 912 3442 esse
934 3377 1139 3452 seruandam,
1166 3375 1220 3440 od·
1238 3388 1272 3439 uo
