2870 4716
539 363 768 428 -317-

83 569 179 627 nam,
216 550 369 615 bonorum
401 550 537 615 addictio
563 550 756 615 libertatium
786 549 1072 616 conseruandarum
1107 567 1210 616 causa

83 668 148 734 hae
172 669 301 752 quidem
324 671 356 735 in
379 690 439 736 usu
462 677 545 749 sunt,
570 670 651 737 duae
668 677 774 737 autam
797 671 967 753 abrogatae
989 675 1072 748 sunt,
1096 670 1213 735 scilicet

83 789 248 855 bonorum
270 791 409 856 uenditio
432 796 464 858 ct
485 811 523 857 ex
546 791 718 857 Claudiano
745 796 874 856 sanatus
897 789 1039 855 consulto
1061 790 1093 854 in
1116 789 1213 856 sami·

84 915 195 976 tutam
218 910 367 977 redactio.

371 1527 418 1592 Dc
440 1525 691 1608 obligationibus.
736 1526 860 1591 Titulus
885 1527 932 1590 13.

177 1679 257 1745 Cum
273 1677 312 1744 de
334 1678 453 1745 rebus
469 1678 645 1754 dissuimus,
662 1684 858 1744 transeamus
875 1679 914 1744 ad
937 1680 1209 1762 obligationes.
1228 1689 1245 1738 s

84 1806 136 1864 set
161 1799 226 1864 erit
246 1797 381 1863 fortasse
403 1798 457 1879 qui
484 1797 636 1864 eiusmodi
658 1797 799 1864 ordinem
822 1799 1045 1882 reprehendat,
1074 1805 1106 1865 ct
1127 1799 1212 1864 dicat

84 1936 146 1983 nos
172 1936 237 1982 non
259 1937 296 1983 ax
318 1917 464 1982 instituto
479 1922 588 1982 nostro
603 1916 642 1982 da
664 1918 905 2000 obligationibus
928 1919 1022 2002 loqui.
1056 1920 1089 1984 in
1110 1920 1212 2001 prima
1340 1928 1348 1944 '

85 2037 175 2102 enim
203 2037 422 2115 Institutione,
449 2037 504 2102 ubi
530 2011 727 2103 dafiniuimus
757 2038 797 2103 ad
827 2057 908 2120 qnae
934 2057 1135 2104 romanorum
1161 2040 1210 2104 ius

85 2157 259 2240 pertineat
283 2156 417 2222 diximus
439 2156 578 2222 adhaec
597 2158 764 2239 portinere,
785 2158 826 2223 ad
848 2167 998 2241 personas
1020 2158 1147 2236 scilicet,
1171 2158 1211 2223 ad

86 2299 150 2358 ras,
176 2277 219 2343 ad
242 2277 388 2343 actiones.
431 2295 502 2341 cum
524 2277 623 2359 igitur
643 2276 683 2343 de
703 2279 846 2360 personis
868 2279 965 2344 locuti
987 2279 1094 2356 simus,
1119 2284 1152 2343 ct
1173 2277 1212 2343 da
1232 2285 1264 2338 ιο

86 2399 186 2464 robus
210 2416 337 2480 quoquc
358 2398 610 2476 tractauerimua
634 2399 855 2464 conuenienter
869 2417 953 2465 nunc
975 2399 1014 2466 de
1036 2399 1211 2466 actionibus

86 2522 176 2584 asset
198 2516 374 2584 dicandum.
413 2537 468 2583 cur
490 2535 575 2599 crgo,
597 2519 771 2594 actionibus
794 2519 920 2597 relictis,
944 2519 984 2584 ad
1007 2519 1212 2600 obligationes
1247 2521 1252 2531 ‘

87 2638 238 2704 conuersi
259 2639 392 2703 sumus?
414 2643 463 2706 set
485 2637 608 2704 delendi
631 2657 706 2704 sane
728 2639 881 2705 eiusmodi
903 2639 980 2704 ordo
1002 2643 1117 2720 potest,
1140 2658 1212 2704 nam

86 2759 144 2839 qui
168 2757 209 2822 da
224 2756 466 2838 obligationibus
482 2757 633 2840 loquitur,
656 2759 820 2841 paullatim
842 2759 938 2824 tacito
960 2758 1097 2840 quodam
1118 2758 1212 2823 modo

87 2878 186 2942 ctiam
210 2875 249 2941 dc
270 2877 444 2943 actionibus
467 2881 598 2942 tractat:
624 2883 742 2943 matres
765 2878 847 2943 anim
870 2879 1027 2943 actionum
1050 2878 1213 2959 obligatio·
1233 2884 1263 2935 15

87 3015 144 3062 nes
173 3000 257 3061 sunt.
308 2993 434 3061 Ordinis
461 2997 559 3078 igitur
584 2997 685 3063 nostri
720 2997 841 3062 ratione
871 2995 1014 3074 defensa,
1048 2998 1212 3063 uideamus

87 3115 168 3200 quid
190 3115 233 3181 sit
254 3115 474 3197 obligatio?
503 3116 652 3198 obligatio
681 3121 730 3182 ast
751 3117 911 3183 uinculum
933 3117 1026 3195 iuria
1057 3135 1120 3198 quo
1142 3117 1213 3199 quis

88 3236 278 3303 necessitate
311 3235 520 3325 adstringitur¹
552 3237 585 3302 id
618 3237 702 3319 quod
736 3236 829 3302 debet
865 3237 1007 3304 soluendi
1041 3236 1212 3303 secundum

89 3360 221 3422 nostrae
253 3356 388 3421 civitatis
416 3357 495 3421 iura.
539 3356 624 3422 nosti
652 3355 734 3421 enim
762 3375 823 3420 non
851 3374 974 3422 omnam
1006 3355 1104 3420 debiti
1131 3355 1214 3422 solu-

89 3477 211 3542 tionem
233 3480 336 3542 ratam
358 3494 440 3554 csse,
463 3476 523 3541 nisi
545 3475 716 3541 secundum
737 3476 822 3558 legas
844 3474 916 3542 fiat:
947 3476 1023 3542 haec
1046 3475 1108 3540 dixi
1130 3476 1213 3541 solu·
1229 3481 1264 3531 20

92 3596 211 3661 donam
232 3595 372 3662 indicans
395 3595 426 3660 in
448 3595 602 3679 pupillum
623 3596 676 3661 ual
699 3615 718 3660 a
739 3596 857 3678 pupillo
880 3594 1011 3674 iactam,
1042 3597 1092 3660 oui
1119 3594 1214 3660 dabat

92 3721 183 3782 tutor
209 3717 398 3782 consentire:
430 3715 589 3784 interdum
619 3720 651 3781 at
680 3716 809 3782 alterius
845 3714 1007 3781 cuiusdam
1035 3713 1080 3780 rel
1108 3713 1214 3780 obser·

58 3847 77 3898 1.
93 3837 181 3903 natio
206 3835 383 3904 adhibenda
403 3841 460 3902 ast
497 3841 522 3900 1.
547 3835 693 3902 Omnium
717 3841 822 3902 autam
842 3833 1069 3917 obligationum
1091 3853 1214 3900 summa

95 3955 209 4022 diuisio
230 3955 306 4022 hacc
328 3961 390 4023 ast:
421 3975 556 4038 namquo
583 3961 640 4021 aut
661 3955 805 4023 ciuiles
833 3953 1037 4036 obligationes
1060 3957 1213 4020 suntaut
