2884 4728
533 375 773 440 —394—

93 548 222 613 furandi
242 550 276 612 in
299 550 452 614 eiusmodi
469 556 572 615 aetate
589 551 773 634 plerumque
789 551 888 633 deest,
913 559 945 616 et
961 552 1063 634 magis
1088 551 1213 617 uidetur

94 693 153 756 per
175 674 341 738 lasciuiam
365 681 396 739 et
418 675 533 750 ludum,
558 696 651 756 quam
675 675 748 740 dolo
772 676 855 741 molo
879 696 945 740 rem
962 677 1131 741 amouisse.
1164 685 1212 741 set

94 798 141 862 ita
164 797 289 863 demum
313 819 382 863 eum
406 800 480 864 furti
503 800 638 883 obligari
661 801 793 884 pla-enit,
819 800 846 865 si
868 802 1030 885 proximus
1054 802 1213 886 pubertati

38 936 82 987 19.
95 924 138 990 sit
166 931 198 988 et
226 925 266 988 ob
294 924 327 987 id
355 924 518 1007 intellegat
546 945 616 990 sese
643 925 778 990 furando
808 926 998 1007 delinquere.
1054 931 1102 992 19.
1126 927 1212 989 Furti

96 1050 181 1113 aetio
206 1051 273 1114 sine
297 1051 439 1134 duplum,
468 1051 536 1116 siue
560 1051 767 1134 quadmplum
791 1058 1000 1134 persequatur
1024 1051 1065 1114 ad
1088 1069 1211 1133 poenae
1250 1062 1265 1112 5

96 1181 218 1239 tantum
253 1177 502 1260 persecutionem
537 1196 600 1241 non
635 1177 729 1240 etiam
761 1176 809 1240 rei
840 1177 984 1260 pertinet.
1030 1195 1095 1239 rem
1130 1176 1213 1240 enim

96 1299 293 1366 extrinsecus
317 1300 460 1365 dominus
482 1302 689 1385 persequitur,
714 1301 781 1366 siue
804 1300 996 1365 uindicando
1021 1300 1090 1364 sine
1107 1300 1213 1364 eondi-

95 1423 208 1488 oendo.
254 1431 302 1489 set
325 1424 496 1490 uindicatio
520 1425 646 1506 quidem
669 1425 822 1490 aduersus
846 1445 970 1490 omnem
998 1444 1213 1507 possessorem

97 1549 257 1632 competit,
282 1549 349 1613 sine
372 1548 423 1613 fur
438 1550 506 1634 ipse
522 1550 673 1633 possidet,
699 1551 765 1614 siue
782 1551 863 1614 alius
884 1550 1034 1630 quilibet:
1059 1549 1213 1614 condictio

96 1681 202 1737 autem
218 1673 336 1736 furtiua
349 1674 502 1738 aduersus
518 1675 617 1738 furem
634 1681 753 1738 tantum
768 1674 942 1738 heredesue
959 1675 1035 1756 eius,
1059 1674 1133 1738 lieet
1148 1695 1213 1738 rem
1237 1683 1269 1733 10

97 1817 159 1862 non
182 1796 379 1881 possideant,
404 1798 561 1882 oompetit.

296 2527 374 2606 De¹)
398 2527 430 2590 ui
453 2527 605 2590 bonorum
628 2533 797 2608 raptomm.
843 2525 966 2589 Titulus
990 2527 1019 2592 2.

189 2687 269 2768 Eos,
297 2686 350 2767 qui
378 2686 500 2750 alienas
527 2705 579 2750 res
606 2686 733 2769 rapiunt
760 2686 830 2749 iure
857 2685 1027 2767 impunitos
1056 2705 1126 2749 esse
1154 2705 1217 2750 non

96 2813 220 2893 sinunt;
245 2832 318 2875 num
340 2811 415 2876 furti
438 2817 590 2874 tenentur.
636 2830 728 2874 nemo
753 2809 835 2874 enim
858 2810 960 2891 magis
990 2809 1128 2874 alienam
1151 2830 1218 2874 rem

96 2937 201 3000 inuito
225 2935 349 3001 domino
373 2941 560 3017 contrectat,
590 2956 684 3016 quam
714 2936 767 3017 qui
794 2956 865 3000 eam
887 2936 920 2999 ui
947 2936 1048 3018 rapit*
1084 2935 1218 3015 ideoque

97 3061 276 3127 rectissime
301 3060 413 3124 dieitur
428 3061 599 3144 improbior
614 3061 664 3126 fur
678 3068 786 3144 ruptor
801 3081 880 3126 esse.
915 3067 963 3125 set
979 3061 1074 3125 etium
1091 3066 1219 3144 praetor
1239 3069 1273 3119 15

98 3186 265 3271 propriam
295 3187 450 3250 actionem
478 3186 546 3282 eius
573 3186 681 3251 delioti
708 3186 832 3250 nomine
860 3185 1044 3268 introduxit,
1075 3185 1103 3249 h.
1128 3205 1154 3249 e.
1182 3185 1218 3248 ui

98 3315 285 3377 bonorum
301 3319 503 3394 raptorum.
546 3311 624 3376 haee
641 3331 716 3375 uero
732 3311 815 3375 intra
830 3329 955 3390 annum,
973 3329 1012 3372 ex
1028 3327 1089 3390 quo
1106 3309 1219 3392 rapina

99 3439 190 3502 faeta
211 3443 269 3516 est,
294 3437 326 3500 in
348 3437 569 3520 quadruplum:
594 3442 665 3520 post
680 3455 796 3499 annum
812 3454 887 3499 uero
903 3434 936 3498 in
952 3433 1097 3517 simplum
1119 3432 1218 3496 datur.

195 3669 216 3736 ¹)
236 3665 329 3721 audiui
347 3682 381 3721 ex
395 3666 448 3720 Thi
465 3667 550 3735 libris,
568 3667 633 3720 lieet
651 3666 810 3733 Kruegorus
830 3667 978 3732 expungat,
999 3661 1223 3730 subintellegitnr

99 3771 203 3825 nempe
225 3757 374 3825 „sotione“,
393 3756 457 3810 lieet
475 3755 554 3810 ulitur
571 3755 692 3824 grasouli
710 3753 899 3808 intellexerint.
