2876 4712
530 367 758 431 „303-

90 562 261 623 torentem
284 557 332 622 ius
355 556 447 624 ciuile
469 554 656 621 confirmans
677 555 739 620 illie
762 555 887 638 quidem
907 555 1031 622 »unde
1053 553 1169 622 liberi
1182 583 1207 634 ι,

91 679 131 742 his
154 695 233 742 uero
260 677 381 742 »unde
403 675 603 757 legitimi«
622 675 774 741 bonorum
789 675 954 757 pollicetur
969 675 1207 758 possessionem.

91 805 118 861 et
143 797 219 862 licet
248 797 399 862 bonorum
426 797 653 878 possessionem
677 813 738 859 non
760 801 879 877 petent,
903 796 970 862 iure
992 793 1076 860 ciuili
1099 793 1208 858 nihilo

91 916 188 980 minus
208 916 340 982 heredes
363 913 451 980 fiunt.
489 917 595 998 itaque
618 923 744 998 praetor
767 915 816 981 uel
844 916 988 981 emendet
1017 915 1068 983 uel
1091 917 1210 997 impug-

91 1042 139 1100 net
154 1035 207 1100 uel
222 1034 384 1102 confirmet
402 1037 451 1100 ius
474 1035 578 1102 ciuile:
602 1036 757 1114 emendat,
779 1035 873 1101 sicuti
888 1037 919 1100 in
934 1041 1078 1118 postumo
1093 1035 1210 1114 alien03
1244 1042 1261 1093 ⁵

91 1159 266 1239 impugnet,
296 1158 390 1224 sicuti
417 1156 447 1222 in
477 1156 648 1238 praeterito
675 1163 822 1238 petron03
850 1155 1030 1236 confirmat,
1058 1156 1150 1222 siooti
1178 1159 1210 1220 in

92 1275 212 1358 seriptis
234 1276 402 1342 heredibus
424 1281 519 1358 atque
548 1274 580 1340 in
608 1274 656 1340 his
686 1293 767 1358 quae
793 1276 833 1341 eb
862 1275 1012 1342 intestato
1044 1296 1082 1342 ex
1111 1278 1210 1360 primo

57 1407 77 1457 i.
91 1396 263 1462 seeundoue
285 1395 394 1462 ordine
416 1400 579 1460 uocantur.
624 1395 653 1458 2.
689 1395 773 1473 Quos
800 1402 904 1460 autem
932 1403 1059 1478 praetor
1089 1403 1210 1462 tentum

91 1525 179 1581 uocat
210 1517 250 1582 od
285 1515 507 1593 hereditatem,
541 1533 602 1580 non
638 1515 732 1580 etiem
759 1515 807 1579 ius
836 1515 944 1588 ciuile,
978 1513 1109 1582 heredes
1142 1515 1210 1597 ipso

91 1637 153 1700 iure
176 1654 238 1700 non
260 1633 365 1711 efficit,
388 1634 527 1718 (heredis
549 1635 631 1698 enim
654 1652 765 1698 nomen
788 1637 914 1715 praetor
937 1633 1053 1698 nemini
1075 1635 1213 1700 tribuere
1233 1650 1265 1702 10

92 1756 213 1836 potest),
237 1765 286 1820 set
307 1755 357 1820 lex
384 1762 507 1820 tentum
536 1755 585 1820 uel
606 1755 691 1837 quod
713 1755 790 1836 legis
818 1754 920 1820 locum
949 1756 1084 1837 optinet,
1114 1756 1213 1820 ueluti

92 1881 214 1942 senatus
237 1873 413 1941 consultum
437 1875 488 1940 uel
510 1874 691 1940 constitutio
706 1874 870 1958 principis:
893 1876 1212 1942 senatusconsultum

94 1995 184 2060 ueluti
206 1992 434 2060 Tertullianum
456 2001 489 2059 et
511 1993 714 2073 Orfitianum
737 1995 920 2060 constitutio
943 1995 1039 2062 ueluti
1062 1996 1115 2062 ille
1129 1995 1213 2078 prin·

93 2114 163 2195 cipis
185 2113 296 2190 nostri,
319 2129 399 2193 quae
421 2113 538 2179 sororis
552 2111 632 2178 filios
647 2115 730 2178 inter
744 2114 900 2196 legitimos
916 2123 1086 2180 enumerat„
1124 2135 1213 2196 prae·

95 2232 256 2314 tetigitur
279 2233 425 2299 heredem
449 2250 511 2298 non
532 2231 614 2310 iecit,
639 2234 694 2298 sed
718 2251 787 2298 oum
811 2217 961 2300 booorum
986 2235 1212 2317 possessionem
1233 2248 1264 2300 lo

95 2352 182 2417 alicui
204 2353 266 2432 det,
289 2351 357 2418 loco
380 2353 505 2418 heredis
528 2371 599 2419 eum
626 2353 791 2419 constituit
820 2359 914 2436 atque
945 2357 1095 2420 bonorum
1118 2352 1213 2419 efficit

94 2489 312 2550 possessorem,
341 2472 386 2536 ito
415 2481 451 2538 ut
480 2491 572 2552 ogere
602 2481 634 2538 et
655 2474 816 2540 conueniri
845 2473 954 2555 poesie
1004 2493 1061 2540 neo
1091 2481 1213 2538 tantum

95 2589 243 2670 praefatae
266 2591 418 2657 bonorum
445 2592 656 2674 possessiones
690 2593 819 2658 »unde
845 2591 993 2657 liberi«
1023 2599 1056 2657 et
1087 2592 1214 2658 mode

96 2707 287 2790 legitimi«
325 2719 358 2777 et
393 2711 522 2778 »unde
553 2713 742 2793 cognati«
768 2717 895 2794 praetor
918 2709 1129 2794 excogitauit,
1165 2718 1215 2777 set

99 2830 184 2894 etiem
205 2831 283 2896 alies
306 2832 472 2914 pleresque
499 2849 536 2897 eo
565 2832 759 2912 potissimum
789 2839 949 2915 spectans,
977 2851 1016 2896 ne
1045 2832 1115 2912 quis
1145 2831 1214 2898 eine
1232 2837 1266 2888 2⁰

98 2958 469 3032 successoremoreretur3
491 2951 721 3034 angustissimis
732 2952 814 3017 enim
826 2950 940 3018 finibus
951 2952 1154 3018 successionis
1166 2952 1214 3016 ius

99 3087 134 3132 ex
153 3067 212 3132 XII
233 3069 411 3136 tabularum
433 3071 502 3151 lege
523 3069 728 3136 constitutum
751 3092 788 3136 ex
812 3073 892 3138 bono
915 3079 947 3137 et
969 3089 1069 3152 eoquo
1089 3075 1214 3153 praetor

64 3200 86 3251 o.
102 3186 244 3253 dilatauit.
288 3189 318 3254 3.
352 3188 510 3256 Bonorum
533 3191 746 3272 possessiones
769 3196 835 3254 tum
865 3209 902 3255 ex
931 3195 1118 3258 testamento
1147 3197 1213 3256 tum

101 3305 139 3371 eb
165 3307 308 3374 intestato
339 3309 465 3374 dantur.
512 3315 721 3375 sumentem
755 3309 906 3375 bonorum
934 3307 1147 3392 possessiones
1176 3329 1214 3374 ex

102 3430 277 3494 testamento
300 3429 426 3511 quidem
448 3429 516 3494 hoe.
540 3429 650 3511 prime,
673 3445 768 3511 quem
782 3429 962 3512 praeteritis
976 3427 1082 3493 liberie
1104 3435 1214 3494 eontra
1230 3450 1265 3502 25

104 3545 215 3612 tabule
228 3554 354 3629 praetor
375 3545 556 3630 pollicetur:
572 3548 726 3628 secundm
741 3565 834 3628 quam
849 3547 992 3612 omnibus
1007 3548 1075 3612 iure
1089 3547 1215 3629 scriptis
