2936 4704
535 298 766 362 -164-

109 481 263 547 monendus
285 500 319 548 es
342 480 463 562 aliquid
484 484 556 550 inde
578 484 756 566 quaesitum
778 485 884 562 luisse,
907 485 990 566 quod
1018 488 1050 548 et
1070 485 1111 550 ad
1136 483 1214 548 mili-

111 609 161 666 tem
182 607 211 665 et
232 600 271 666 ad
295 607 479 666 ueteranum
503 601 731 684 quodammodo
753 603 899 684 pertinet.
923 602 1011 667 miles
1038 602 1070 667 in
1100 604 1213 670 castris

110 720 292 802 degensque
314 720 408 786 libuit
430 721 520 787 modo
543 726 677 786 testatus
705 728 773 801 est,·
802 719 948 786 dimissus
977 728 1025 787 est
1052 741 1071 787 a
1100 721 1214 788 militia

111 847 136 906 et
153 841 212 905 uita
233 840 379 906 decessit.
424 841 625 923 dispiciamus
647 859 686 906 an
716 841 784 907 eius
813 842 958 907 uoluntas
988 847 1057 906 rata
1086 843 1136 907 sit.
1181 851 1213 906 et

111 957 211 1039 siquu
232 965 357 1041 tempus
380 960 518 1042 inquiret
546 977 608 1040 quo
638 961 795 1024 conditum
824 967 873 1026 est
900 965 1137 1040 testamentum,
1168 962 1213 1026 ui·
1247 961 1264 1010 ὅ

111 1079 216 1144 debitur
247 1079 327 1145 citra
356 1077 597 1145 sollemnitatem
628 1079 749 1156 ualere;
783 1079 831 1144 sin
866 1085 971 1144 autem
1000 1086 1123 1162 tempus
1152 1096 1213 1159 quo

111 1200 164 1262 uita
182 1201 312 1264 decessit
336 1207 479 1278 testator,
502 1200 585 1282 quod
608 1200 687 1264 citra
715 1197 955 1265 sollemnitatem
983 1200 1143 1264 eonditum
1165 1207 1214 1264 est

110 1325 311 1383 tastamentum
335 1325 438 1382 ratum
462 1335 615 1384 essenon
639 1317 808 1383 uidebitur.
846 1319 921 1397 quid
944 1337 1018 1399 ergo
1042 1317 1114 1384 est?
1137 1327 1213 1384 tem·

111 1453 158 1514 pus
177 1437 421 1503 controuersiam
443 1437 569 1502 dirimit.
607 1439 633 1501 si
657 1437 782 1520 quidem
805 1439 889 1502 intra
910 1455 1025 1502 annum
1048 1446 1119 1520 post
1142 1439 1214 1502 mis·

109 1557 208 1620 sionem
230 1556 372 1626 decessit.
395 1556 514 1621 decimo
537 1555 617 1621 lorte
644 1557 694 1621 uel
725 1557 887 1621 undecimo
916 1575 1021 1622 mense
1049 1576 1105 1622 neo
1134 1556 1265 1622 mili-10
1320 1559 1324 1566 ’

110 1685 166 1740 tare
184 1683 402 1741 testamentum
423 1695 513 1741 suum
536 1679 705 1753 reuocauit,
729 1677 762 1741 id
778 1695 834 1756 pro
857 1683 927 1741 reto
949 1677 1128 1742 habendum
1150 1686 1212 1750 est;

110 1796 263 1861 sinautem
287 1803 359 1879 post
383 1796 560 1861 missionem
583 1815 665 1862 anno
687 1797 829 1874 decurso,
852 1814 913 1862 non
936 1793 1069 1878 amplius
1084 1796 1210 1862 ualebit

109 1915 246 1982 sufficiens
268 1917 350 1982 enim
374 1918 509 1983 medium
533 1925 656 1999 tempus
683 1924 752 1982 erat
780 1917 820 1982 ad
850 1916 1028 1982 sollemnem
1058 1919 1088 1981 in
1117 1923 1212 1982 testa·

111 2038 207 2102 mentis
226 2037 476 2103 obseruationem
503 2037 756 2117 perdiscendam,
780 2044 830 2114 ut,
866 2043 987 2102 mumto
1015 2042 1212 2114 testamento,

111 2157 147 2218 ita
166 2165 345 2237 postremam
373 2155 571 2222 confirmaret
600 2156 805 2222 uoluntatem.
856 2156 932 2238 quid
961 2155 1060 2238 igitur
1087 2158 1113 2220 ei
1142 2156 1212 2234 quis
1235 2162 1264 2212 16

113 2273 222 2339 militari
249 2278 311 2340 ritu
341 2281 476 2340 testatus
506 2275 564 2352 sit,
595 2275 741 2340 heredem
773 2293 848 2339 uero
877 2275 936 2340 sub
966 2274 1149 2340 condicione
1172 2276 1213 2338 in·

112 2395 246 2473 stituerit;
270 2404 412 2460 mortuus
435 2399 477 2459 sit
498 2403 604 2461 autem
628 2398 710 2460 iutra
732 2414 848 2460 annum
877 2403 948 2477 post
971 2395 1158 2473 missionem,
1180 2405 1214 2459 at

112 2515 230 2580 condicio
261 2516 469 2581 institutionis
498 2524 569 2597 post
596 2534 711 2580 annum
748 2513 910 2581 extiterit?
944 2514 1144 2596 dispiciamus
1173 2531 1213 2578 an

112 2631 168 2698 ideo
197 2642 414 2700 testamentum
443 2635 573 2700 inritum
602 2633 680 2700 fiat?
710 2641 743 2700 et
776 2635 875 2714 magis
907 2643 957 2699 est
984 2642 1020 2698 ut
1047 2651 1211 2716 negemus:

112 2759 223 2817 mortem
244 2757 325 2819 enim
349 2754 434 2818 intra
463 2771 577 2819 annum
608 2761 682 2836 post
709 2753 886 2818 missionem
918 2751 986 2818 fieri
1013 2753 1212 2832 requirimus,
1231 2757 1265 2808 2⁰
1324 2839 1326 2846 Ι

75 2878 96 2924 4·
113 2891 161 2938 non
190 2877 278 2940 etiam
313 2877 491 2940 sditionem.
536 2879 565 2938 4.
601 2876 745 2956 Paganus
774 2875 899 2956 quidam
928 2881 1149 2940 testamentum
1172 2872 1213 2937 ci·

111 2999 151 3058 tra
169 2996 403 3061 sollemnitatem
430 2995 518 3070 lecit,
548 2995 660 3059 deinde
683 2995 838 3076 stipendia
866 2994 989 3058 meruit.
1042 2994 1073 3058 in
1101 2991 1213 3057 castris

110 3131 167 3178 enm
186 3117 320 3198 degeret,
346 3116 518 3196 resignauit
539 3121 760 3180 testamentum
784 3123 817 3179 et
831 3115 984 3197 quaedam
1007 3113 1125 3178 adiecit
1146 3111 1213 3176 siue

113 3230 237 3314 detraxit,
262 3236 311 3300 uel
339 3236 555 3301 tentummodo
582 3235 614 3299 id
638 3234 725 3316 legit,
749 3233 799 3298 uel
822 3234 906 3298 eliud
930 3233 1003 3312 quid
1033 3231 1124 3305 lecit,
1153 3246 1214 3310 quo

111 3357 230 3429 patuerit
251 3355 357 3419 militis
380 3356 526 3420 uoluntas
548 3355 607 3418 hoc
630 3355 734 3418 ualere
757 3353 908 3431 uolentis,
931 3353 1043 3416 deinde
1073 3357 1215 3414 mortuus
1233 3353 1266 3405 26

110 3478 157 3534 est.
198 3475 312 3540 ualebit
333 3481 555 3539 testamentum
578 3475 670 3554 quasi
693 3491 730 3537 ex
746 3491 828 3538 noua
845 3473 912 3538 eius
927 3470 1099 3548 uoluntate,
1121 3485 1214 3549 quam

71 3588 258 3659 suessonis
279 3593 391 3660 habuit
412 3591 497 3658 circa
519 3599 750 3658 testamentum.
795 3593 824 3656 5.
862 3589 1004 3655 Milesio
1029 3589 1140 3654 castris
1164 3587 1215 3654 de·

109 3726 175 3788 gons
194 3730 251 3777 uon
273 3713 342 3777 iure
365 3719 500 3778 testatus
529 3720 594 3790 est;
623 3710 736 3777 deinde
763 3711 875 3793 capitis
902 3709 1144 3774 deminutionem
1168 3714 1216 3772 est

111 3845 218 3909 passus,
239 3850 309 3896 uam
333 3833 383 3898 uel
406 3851 476 3897 oum
499 3831 549 3898 sui
572 3831 650 3896 ioris
674 3838 758 3896 esset
779 3847 849 3895 sese
876 3829 1092 3910 adrogandum
1119 3825 1215 3904 dedit,

112 3946 157 4011 uel
175 3967 238 4015 cum
264 3950 480 4017 filiusfamilias
510 3955 608 4028 esset,
639 3951 854 4031 emancipatus
884 3957 941 4014 est.
992 3951 1215 4014 testamentum
1233 3957 1268 4007 ao
