2936 4704
683 335 918 400 -143-

239 524 337 584 ταῦτα
365 519 519 584 δεσπότου
548 519 638 595 όντος
666 519 720 586 τοῦ
749 487 858 603 ἀγροῦ.
916 517 984 583 ἀλλ’
1012 522 1030 582 ό
1057 520 1115 604 μὲν
1144 519 1240 585 Ιὺλίοε
1269 519 1360 602 νόμος

241 623 276 684 τὰ
307 621 432 707 ἀκίνητα
458 622 570 705 μόναῐ)
601 620 769 706 πράγματα
804 621 873 704 τὰέ)
907 621 941 686 ἐν
975 624 1013 708 τῇ
1042 619 1152 707 Ἰταλίᾳ
1184 621 1360 706 διακείμενα
1466 675 1467 681 ,

239 724 394 788 ἐκώλυσεν
417 725 475 788 ὑπό
499 728 552 788 τοὺ
575 724 691 806 ἀνδρὸς
713 723 901 787 ἐκπονεῖσθαι
923 724 1009 809 παρὰ
1030 725 1155 810 γνώμήν
1187 728 1242 810 τῆς
1263 747 1359 804 γυναι·
1466 799 1467 805 ,

239 827 301 906 κός,
324 825 529 890 ὑποτίθεσθαι
550 826 585 887 δὲ
612 829 710 888 ταὺτα
739 828 756 888 ό
786 827 867 912 ἀνὴρ
897 823 971 889 οὑδὲ
999 825 1201 910 ουναινοὺσης
1228 825 1360 911 ήδὺναιο

205 931 294 1015 ῠτής
315 928 464 1009 γυναικός.
510 927 580 990 ἀλλ’
604 926 706 991 ἐδόκει
727 927 887 1010 ἀλόγιστον
909 925 994 1008 εἶναι,
1018 929 1064 990 θτι
1085 929 1140 1014 τήν
1160 928 1220 1010 μὲν
1242 927 1361 1016 ἐκποίη-

239 1053 295 1109 σιν,
319 1029 524 1114 συναινοὺσης
544 1014 602 1115 Ιτῆς
624 1031 775 1111 γυναικὸς,
800 1030 909 1114 ὀρθῶς
931 1029 1036 1110 ἐποίει,
1060 1027 1138 1093 ἔνθα
1153 1029 1360 1116 ἀπαλλοτρίοι·

238 1154 285 1206 σις
307 1131 344 1217 ήν
367 1135 421 1195 τοὺ
445 1131 636 1215 πράγματος,
659 1131 715 1216 τὴν
737 1132 774 1194 δὲ
797 1131 971 1220 ὑποθήκην,
1000 1130 1077 1196 ἔνθα
1107 1133 1242 1207 ἐσώζετο
1270 1135 1291 1218 τ)
1314 1134 1361 1195 δε-

236 1235 362 1298 σποτεία
386 1232 429 1297 ἔτι
451 1234 537 1319 παρὰ
558 1233 603 1320 τῷ
624 1234 731 1318 ἀνδρὶ,
762 1234 836 1297 οὐδὲ
866 1234 944 1298 κατὰ
970 1236 1097 1321 γνώμην
1125 1236 1360 1324 συνεχωρεῖτο)
1466 1279 1467 1282 =

236 1339 340 1400 ποιεῖν.
386 1335 464 1400 ἀλλὰ
487 1337 616 1421 λέγομεν
639 1338 686 1401 ότι
710 1336 745 1402 ἐκ
773 1337 915 1424 τοιαύτης
945 1337 1066 1412 ἐννοίας
1093 1336 1246 1424 ὑρμηθελς
1266 1337 1361 1425 ἦλθεν
1466 1399 1467 1404 ,

189 1447 220 1497 10
237 1439 285 1504 ἐπὶ
308 1442 415 1503 τοῦτον
441 1441 493 1503 τὸν
515 1441 662 1522 λογισμὸν
684 1441 701 1503 ό
725 1440 827 1524 νόμος.
873 1434 942 1526 ήδιι
963 1441 1024 1524 γὺρ
1046 1443 1063 1502 ὑ
1088 1441 1182 1522 νόμος
1208 1442 1254 1504 ότι
1276 1441 1360 1522 λεγο·
1466 1519 1467 1522 ¹

233 1541 331 1627 μένης
353 1543 411 1604 ὑπὸ
444 1539 496 1605 τοὺ
525 1539 644 1624 ἀνδρὸς
673 1540 865 1628 ἐκποιήσειυς
898 1544 935 1628 τῇ
968 1542 1115 1624 γυναικὶί)
1150 1545 1204 1605 τοὺ
1239 1541 1361 1607 dotalia

235 1646 390 1730 κτήματος
411 1645 460 1706 καὶ
489 1646 568 1728 πρὸς
594 1641 689 1730 αὑτήν
718 1644 882 1728 συμβαίνει
910 1644 964 1730 τήν
993 1645 1088 1731 ἀκοήν
1116 1644 1362 1730 ἐκταράττεσθαι

234 1747 291 1832 τὴν
313 1751 439 1826 γυναῖκα
462 1747 511 1808 καὶ
535 1749 688 1810 συναινεῖν
710 1743 766 1811 οὑκ
788 1744 966 1833 ἀνέχεσθαι.
1021 1747 1050 1809 ελ
1078 1746 1114 1810 δὲ
1144 1747 1214 1830 περὶ
1243 1745 1362 1832 ὑποθή-

236 1846 381 1934 κηςεῖπη
404 1851 471 1910 τιό
494 1847 585 1937 ἀνήρ,
608 1849 818 1935 εόκὺλιυςὺ)ή
849 1851 924 1937 γυνή
953 1851 1118 1937 γενήσεται
1148 1851 1227 1933 πρὸς
1247 1848 1360 1914 πειθώ.

187 1954 217 2004 ¹5
235 1948 362 2023 εἰκότως
383 1947 439 2013 οὑν
459 1951 495 2012 τὺ
516 1952 574 2032 μὲν
597 1954 652 2036 τῆς
674 1949 835 2039 ὑποθήκης
863 1949 915 2013 διὰ
941 1955 996 2038 τῆς
1024 1951 1140 2028 οἰκείας
1165 1951 1360 2040 ήσφαλίσατο

235 2050 430 2135 νομοθεσίας,
454 2055 488 2115 τὸ
511 2053 547 2116 δὲ
569 2057 624 2139 τῆς
646 2051 838 2140 ἐκποιήσειυς
859 2052 944 2116 εἴασε
976 2050 1013 2140 τή
1040 2053 1208 2144 δυσχερείᾳ
1231 2057 1286 2139 τῆς
1308 2076 1362 2133 γυ·

235 2154 345 2230 ναικός.
390 2157 408 2217 ὑ
432 2156 532 2219 τοίνυν
563 2153 660 2220 Il'llios
689 2155 743 2240 τήν
771 2155 828 2238 μὲν
861 2155 947 2241 παρὰ
978 2157 1103 2243 γνώμην
1134 2160 1188 2241 τῆς
1214 2156 1362 2237 γυναικὸς

235 2255 389 2343 ἐκποίησιν
412 2255 525 2344 ἐπεῖχε,
550 2256 603 2342 τήν
627 2255 662 2320 δὲ
685 2256 845 2344 ὑποθήκην
867 2255 1021 2322 ἐκώλυσεν
1050 2257 1078 2323 ελ
1098 2259 1148 2321 καὶ
1173 2257 1250 2321 κατὰ
1279 2256 1362 2339 γνώ-

232 2382 294 2445 μην
317 2359 413 2446 αὑιής
436 2358 561 2441 ἐγένετο
583 2360 633 2422 καῖ
652 2358 760 2445 χώραν
783 2357 867 2445 εἶχεν
890 2358 939 2422 ἐπὶ
958 2359 1097 2443 μόνωνῑ)
1112 2364 1176 2423 τῶν
1191 2358 1224 2422 ἐν
1245 2357 1362 2446 Ἰταλίᾳ
1392 2435 1396 2442 ι

182 2473 217 2524 20
234 2462 385 2547 ἀκινήτων
408 2461 607 2546 πραγμάτων.
652 2462 669 2523 ὑ
697 2459 734 2523 δὲ
763 2460 918 2545 ήμέτερος
938 2459 1088 2541 βασιλεὺς
1110 2459 1362 2548 ἐπωφελεστάτη

233 2563 354 2650 διανοίᾳ
376 2563 414 2625 τὰ
436 2561 493 2626 δὺο
507 2561 755 2647 μετατίθεικειν·
777 2559 925 2626 ἐκέλευσε
940 2563 1001 2648 γὰρ
1016 2563 1052 2626 οὑ
1066 2561 1163 2645 μόνον
1177 2561 1309 2628 ἐπὶτῶν
1324 2561 1362 2630 ἐν

232 2663 341 2750 Ἰταλίᾳ
356 2664 519 2751 κτημάτων
534 2663 614 2730 ἀλλὰ
628 2665 677 2728 καὶ
691 2665 740 2727 ἐπὶ
755 2668 817 2727 τῶν
833 2661 865 2727 ἐν
881 2663 1042 2752 ἐπαρχίαις
1057 2663 1298 2751 άπηγορεὺσθαι
1313 2671 1364 2753 τῷ

232 2763 325 2851 άνδρλ
346 2766 501 2854 ἐκποίησιν
523 2769 572 2832 καὶ
603 2767 762 2853 ὑποθήκην
792 2773 853 2831 τῶν
883 2767 1084 2850 προικιμαίιυν
1116 2767 1309 2854 πραγμάτων
1334 2771 1364 2834 εί

230 2870 281 2932 καὶ
303 2873 365 2944 τοῖς
386 2869 565 2954 γενομένοις
586 2871 605 2956 ή
628 2871 704 2955 γυνή
719 2872 861 2948 συναινεῖ,
884 2868 932 2932 ἵνα
951 2871 996 2957 μή
1020 2867 1055 2934 τὸ
1074 2874 1128 2957 τῆς
1150 2871 1362 2954 γυναικείαςῖ)

180 2979 214 3032 25
232 2971 361 3056 φύσεώς
384 2970 505 3056 σαθρὸν
527 2970 685 3034 ἀπώλειαν
713 2975 780 3046 τοῖς
808 2972 936 3058 αὑτῇςθ)
960 2971 1136 3056 πράγμασιν
1158 2972 1361 3060 ἐμποιήοηθ)

233 3077 261 3136 1.
296 3072 356 3137 Νῦν
374 3075 438 3161 χρὴ
460 3073 559 3156 λέγειν
581 3075 656 3136 πότε
687 3074 704 3134 ὑ
731 3073 775 3158 μή
803 3073 847 3135 ὢν
877 3073 1030 3158 δεσπότης
1055 3075 1183 3138 δὺναται
1211 3075 1361 3138 ἐκποιεῖν.
1383 3084 1404 3134 1.

230 3172 322 3238 τοῦτο
345 3175 382 3238 δὲ
403 3175 578 3258 προβαίνει,
603 3177 648 3251 ὑς
670 3175 718 3238 ἐπὶ
742 3174 851 3238 τούτου
876 3173 929 3237 τοὺ
952 3173 1099 3259 θέματος.
1145 3175 1362 3262 ἐδανεισάμην

231 3277 318 3360 παρά
340 3301 398 3342 σου
422 3276 531 3340 ἕκατον
554 3277 741 3361 νομίσματα·
765 3274 939 3365 ἐνεχὺρασοί
946 3277 985 3360 ¹⁰)
1008 3300 1057 3341 σοι
1071 3277 1127 3342 τδν
1150 3277 1226 3364 ἐμὶν
1249 3276 1362 3364 ἀγρὸν

230 3381 455 3467 συμφωνήσας,
478 3380 557 3456 ώςτε
579 3377 694 3453 ἐξεῖναι
722 3379 863 3442 ἐνιαυτοῦ
895 3380 1159 3464 παραδραμόντος
1188 3378 1290 3461 κάμοῦ
1309 3380 1363 3466 μπ)

179 3485 215 3538 80
231 3481 461 3563 καταβαλόντος
483 3479 518 3545 τὸ
529 3480 632 3570 χρέος
654 3481 889 3565 διαπιπράσκειν
897 3483 934 3565 ¹¹)
957 3479 993 3545 τδ
1012 3481 1169 3572 ἐνέχυρον.
1217 3482 1284 3546 ίδοὺ
1307 3479 1363 3546 ἐν·
1466 3483 1467 3508 ¹

230 3579 332 3646 ταὺθα
355 3583 372 3645 ό
395 3581 541 3648 οτεάίλιυι·
561 3583 605 3669 μή
633 3581 678 3646 ὢν
707 3580 863 3668 δεσπότης
890 3584 993 3659 καλῶς
1019 3583 1141 3648 ἐκποιεῖ.
1195 3581 1269 3647 ἀλλ’
1297 3583 1362 3648 ἐάν
1466 3615 1467 3640 τ

299 3753 322 3816 1)
339 3751 365 3806 δ.
382 3751 423 3805 vi.
442 3751 475 3804 R.
633 3749 657 3817 1)
676 3749 702 3804 d.
719 3749 768 3804 Ιι1.
786 3750 835 3804 Ιι1.
855 3749 886 3804 F.
1054 3753 1078 3819 1)
1095 3755 1176 3806 τοῦτο
1196 3751 1240 3807 ινδ.
1257 3751 1300 3806 vi
1320 3751 1360 3808 R.
1466 3769 1467 3778 ³

229 3838 254 3904 1)
273 3835 338 3904 περλ
355 3835 415 3889 add.
435 3840 497 3890 oeta
515 3835 549 3889 do
567 3835 605 3891 Μ.
623 3835 687 3889 M:
706 3835 753 3903 qui
770 3833 796 3888 d.
815 3841 843 3890 εί
856 3833 968 3905 ’τήγυνῖ
1132 3837 1156 3902 1)
1174 3833 1286 3897 εὔκολοι
1301 3835 1361 3890 Ε’ἳ.
1466 3835 1467 3844 ’

230 3921 253 3988 ⁶)
270 3919 322 3972 M.:
341 3925 391 3974 cet.
409 3937 484 3975 -σν,
649 3920 672 3986 7)
691 3919 769 3978 -κδς
789 3919 828 3973 vi.
847 3917 879 3975 R.
1025 3920 1048 3986 ⁸)
1067 3918 1106 3973 ita
1124 3935 1158 3974 ex
1176 3919 1217 3973 vi.
1236 3920 1282 3978 R:
1299 3927 1360 3975 oet
1466 3915 1467 3926 ¹

229 4005 331 4064 -τοῖς,
467 4006 491 4072 9)
510 4021 630 4057 -σαιτο,
648 4004 698 4058 Ιι1.
717 4004 759 4058 vi.
778 4003 811 4057 R.
954 4005 989 4074 1⁰)
1013 4004 1052 4058 ita
1073 4019 1134 4058 cum
1156 4005 1207 4060 111.
1231 4004 1279 4059 11².
1301 4003 1360 4058 F'.
1466 4025 1467 4040 ν

229 4088 336 4157 scripsit
364 4089 402 4143 Μ.
433 4087 591 4161 ἐνιχόρισα’
618 4088 773 4161 (-χιίρισα
796 4087 910 4156 Ιι1.)Β.
938 4089 972 4157 ej.
996 4085 1183 4160 “-χυρίασά’,
1200 4103 1360 4159 purperm.
1466 4119 1467 4170 ,

229 4176 265 4242 11)
282 4190 360 4241 πιπρ.
378 4175 419 4230 vi.
438 4173 470 4230 R.
