2936 4704
556 355 787 421 -130-

120 561 182 606 mm
205 547 332 608 cantum
355 547 432 608 erat
476 547 507 610 et
527 561 618 609 nemo
640 548 732 626 putet
758 543 896 625 iniquam
922 561 992 611 esse
1018 545 1134 626 legem,
1156 545 1232 626 qnia

119 659 192 726 alter
218 679 277 742 per
298 661 518 743 usucapionem
542 662 685 728 dominus
705 661 810 742 fieret,
838 663 919 729 alter
947 682 999 730 res
1019 681 1094 730 suas
1122 664 1230 746 perde·

118 787 169 846 ret
211 781 272 847 boc
299 781 381 846 enim
402 780 474 846 ideo
496 790 655 864 receptum
677 787 741 860 est,
769 801 809 848 ne
830 803 881 848 res
908 783 1081 849 deteriores
1110 782 1230 850 darent.

118 899 244 981 quisque
267 899 349 964 enim
372 900 531 980 ambigens
546 909 652 966 utrum
667 901 728 967 sibi
750 919 811 980 res,
833 917 926 981 quam
948 903 1138 986 possidebat,
1160 922 1229 986 per·

123 1019 232 1083 tineret
254 1037 361 1097 necne,
384 1011 445 1084 don
468 1021 605 1100 impense
626 1038 732 1084 curam
762 1023 915 1096 nanabat,
944 1021 1066 1088 ueritus
1095 1022 1231 1106 quando
1263 1019 1282 1072 ὅ

116 1157 172 1219 que
194 1157 235 1202 ne
257 1157 352 1204 uerus
374 1138 499 1204 adesset
521 1137 665 1204 dominus
687 1139 740 1222 qui
762 1159 827 1204 rem
850 1141 908 1205 sibi
931 1140 1115 1208 uindicaret
1149 1144 1231 1207 eius·

117 1256 192 1322 modi
227 1263 332 1322 autem
367 1257 608 1338 cogitationibus
640 1257 889 1338 neglegentiores
920 1259 1062 1326 homines
1095 1257 1230 1342 fiebant;

115 1377 215 1458 eisque
243 1375 497 1459 neglegentibus,
524 1378 592 1442 sine
613 1396 689 1444 cura
711 1397 761 1444 res
783 1380 966 1458 manebant,
990 1386 1023 1445 et
1044 1380 1229 1446 conuenien-

114 1502 161 1561 ter
185 1515 238 1561 res
268 1497 313 1594 ita
339 1495 506 1562 derelictae
532 1497 815 1578 pessumdabantur
842 1516 879 1564 ac
905 1499 1102 1588 corruebant.
1150 1519 1229 1582 quos

114 1593 422 1683 bominun'timores
448 1616 498 1683 lex
519 1617 579 1682 ΧΠ
608 1617 786 1682 tabularum
815 1637 885 1684 cum
912 1617 1023 1685 tollere
1053 1627 1228 1697 conaretur,
1248 1625 1280 1678 1⁰

113 1737 274 1802 constituit
294 1738 367 1801 anni
390 1738 525 1819 spatium
547 1737 579 1802 in
602 1738 783 1818 mobilibus,
811 1737 930 1804 biennii
952 1740 984 1803 in
1006 1737 1227 1819 immobilibus,

116 1858 193 1922 intra
214 1857 298 1940 quod
321 1856 381 1922 nisi
403 1859 546 1923 dominus
568 1859 710 1936 adesset,
733 1875 784 1924 res
813 1857 897 1939 opud
923 1875 1134 1939 possessorem
1163 1878 1228 1925 ma·

118 1983 212 2042 neret:
235 1995 338 2059 neque
365 1984 433 2044 crat
462 1995 518 2042 cur
545 1977 659 2042 domini
688 1984 910 2060 quererentur,
941 1975 1117 2044 sufficiebat
1144 1979 1227 2044 enim

117 2099 158 2161 eis
178 2099 250 2162 anni
273 2097 419 2163 biennius
440 2103 563 2178 tempus
585 2098 624 2162 ad
646 2097 848 2177 inquirendas
873 2113 925 2162 res
954 2113 1037 2162 suas.
1087 2096 1135 2162 ita
1160 2099 1228 2180 qui-

116 2217 179 2280 dem
200 2217 249 2282 lex
272 2213 339 2279 XII
361 2215 548 2282 tabularum.
598 2223 705 2282 noster
733 2221 839 2281 autem
865 2216 1011 2298 princeps
1039 2215 1166 2283 meliore
1193 2222 1226 2282 et
1246 2229 1276 2282 ιι

116 2337 291 2402 humaniore
313 2332 442 2401 consilio
473 2354 549 2400 usus
579 2335 757 2415 constituit,
786 2354 826 2402 no
853 2337 961 2402 statim
987 2335 1103 2401 domini
1130 2337 1224 2403 rebus

113 2457 175 2522 suis
196 2459 470 2536 defraudarentur,
498 2475 597 2540 neque
626 2465 711 2525 certo
740 2457 807 2524 loco
834 2458 893 2522 boc
920 2475 1011 2522 sunm
1040 2455 1224 2524 beneficium

116 2577 268 2656 conclusit,
292 2584 341 2645 set
362 2577 539 2660 generalem
568 2579 607 2644 de
634 2577 693 2644 boc
719 2577 931 2660 promulgabit
960 2575 1222 2655 constitutionem,

113 2715 172 2778 qua
197 2703 321 2764 cautum
351 2704 415 2779 est,
450 2703 486 2763 ut
514 2715 566 2764 res
593 2697 719 2779 quidem
748 2698 877 2764 mobiles
906 2664 1021 2777 ibique
1045 2715 1103 2778 per
1130 2697 1223 2762 trien·

114 2818 194 2883 nium
215 2820 449 2901 usucapiantur,
469 2817 644 2883 immobiles
665 2822 771 2882 autem
792 2835 848 2899 per
868 2816 953 2897 longi
980 2815 1131 2898 temporis
1153 2833 1220 2898 pos·
1239 2825 1275 2877 aa

114 2939 285 3018 sessionem,
307 2938 400 3018 idest,
422 2937 553 3003 dominis
581 2935 817 3015 praesentibus,
845 2935 1012 3014 decennio,
1042 2934 1223 3000 absentibus

114 3063 214 3122 autem
240 3057 353 3140 uiginti
381 3061 481 3123 annis.
539 3062 576 3122 nt
608 3073 679 3122 ecce
711 3053 841 3121 fundum
875 3053 1031 3120 tradidisti
1063 3051 1139 3117 mibi
1172 3053 1223 3118 uel

113 3175 203 3243 sedes
227 3196 307 3260 qnae
326 3177 409 3242 Titio
437 3175 637 3259 pertinerent,
659 3191 730 3241 cnm
752 3181 895 3257 putarem
917 3178 950 3238 te
971 3189 1040 3240 esse
1062 3171 1222 3236 dominum

114 3297 273 3365 etidcirco
295 3300 378 3364 bona
399 3296 461 3363 dds
482 3295 665 3378 acciperem.
715 3295 741 3361 si
768 3295 895 3376 quidem
923 3291 1024 3359 Titius
1054 3291 1137 3357 dorni
1163 3296 1220 3368 est,

113 3413 222 3481 sufficit
241 3417 314 3482 mibi
336 3417 376 3482 ad
399 3433 468 3482 rem
490 3412 732 3497 usucapiendam
754 3413 952 3498 decennium3
973 3411 1020 3478 sin
1043 3417 1148 3476 antem
1169 3429 1220 3492 pe·
1238 3430 1274 3482 aa

117 3551 205 3616 regre
224 3538 273 3613 sit,
296 3536 408 3616 uiginti
430 3535 512 3600 anni.
555 3531 588 3599 id
611 3551 688 3600 uero
708 3551 770 3599 non
799 3533 890 3600 modo
919 3531 952 3596 in
981 3529 1119 3612 praediis
1141 3527 1223 3596 itali-

114 3653 165 3732 cis,
187 3663 233 3720 set
253 3654 347 3722 etiam
369 3655 401 3720 in
423 3653 675 3739 prouincialibus,
697 3671 779 3737 quae
799 3653 872 3719 olim
887 3651 1092 3734 stipendiaria
1113 3656 1145 3717 et
1166 3646 1223 3715 tri-
