2926 4708
647 343 877 406 -197-

204 535 263 594 tur.
320 529 370 594 sin
403 534 508 595 autam
542 533 642 596 mater
681 535 764 594 esset
797 533 916 595 testata
945 527 996 592 uel
1032 526 1167 594 materni
1203 525 1327 610 generis

201 653 364 730 parentes,
397 668 436 713 ne
464 648 603 730 cogitare
638 649 764 730 quidem
799 651 837 714 de
873 649 1025 715 bonorum
1059 652 1169 713 eontra
1202 645 1327 712 tubulas

203 769 403 850 possessione
424 767 549 846 licebat,
572 773 681 833 contra
710 769 793 832 enirn
822 765 946 832 tabulas
976 766 1114 833 leminini
1143 783 1237 831 sexus
1259 781 1328 847 per-

202 906 299 954 sonae
321 887 500 953 testamenti
523 890 674 954 bonorum
698 889 853 967 possessio
876 906 937 952 non
960 889 1063 952 datur.
1101 887 1132 950 iu
1155 890 1327 950 extremum

202 1006 299 1086 igitur
322 1007 495 1072 subsidium
517 1005 626 1070 liberis
649 1007 854 1092 querentibus
877 1006 1115 1087 dicentibusque
1137 1023 1207 1070 sese
1221 1002 1327 1069 imme
1362 1001 1378 1050 ὅ

201 1125 263 1190 rito
286 1124 456 1190 exheredes
478 1124 577 1190 lectos
605 1126 655 1190 uel
678 1126 866 1207 praeteritos
895 1143 964 1206 esse
991 1124 1131 1207 querella
1160 1125 1199 1190 de
1227 1122 1328 1190 inoffi·

202 1245 286 1310 eioso
309 1261 456 1310 concessa
488 1251 551 1321 est,
583 1244 677 1309 huius
706 1244 820 1310 coloris
854 1249 1020 1326 praetentu
1053 1263 1115 1310 non
1144 1242 1242 1309 luisse
1276 1242 1328 1308 de·

201 1361 343 1427 functum
366 1381 461 1428 sanae
483 1364 607 1440 mentis,
630 1381 699 1430 cum
722 1367 945 1430 testamentum
969 1363 1138 1429 ordinaret
1167 1361 1198 1426 id
1222 1367 1325 1428 autem

202 1480 352 1546 eliberis
377 1481 509 1559 dicitur,
538 1500 598 1546 non
630 1483 719 1562 quasi
749 1501 825 1547 uere
854 1482 992 1548 furiosus
1022 1481 1118 1548 luerit
1146 1482 1325 1560 defunctum

202 1609 250 1667 set
273 1603 350 1683 quia
371 1601 440 1666 iure
462 1600 578 1666 laetum
603 1608 652 1666 est
673 1608 912 1675 testamentum,
942 1620 1003 1668 non
1034 1601 1079 1666 ita
1106 1609 1209 1666 tamen
1234 1603 1327 1682 prout
1348 1607 1379 1658 10

202 1723 329 1802 pietatis
352 1721 497 1802 exigebat
518 1719 664 1787 officium.
707 1740 777 1786 nam
800 1723 826 1785 si
849 1740 961 1787 reuera
983 1720 1097 1786 fuisset
1116 1717 1264 1798 furiosus,
1288 1738 1326 1786 ne

201 1843 313 1906 testari
336 1841 462 1920 quidem
485 1842 648 1922 potuisset.
698 1860 754 1907 seu
782 1843 888 1924 potius
917 1841 988 1906 ideo
1016 1841 1120 1906 furere
1148 1840 1238 1904 uisus
1268 1845 1326 1916 est

164 1977 185 2026 1.
202 1959 277 2042 quia
300 1965 443 2025 naturam
473 1961 540 2026 sine
562 1963 684 2026 ratione
712 1961 822 2026 oderit
869 1964 896 2024 1.
930 1961 1041 2041 Neque
1068 1959 1175 2026 liberis
1204 1965 1326 2024 tanturn

201 2077 396 2157 permittitur
417 2086 582 2160 parentum
605 2084 826 2144 testamentum
849 2077 1055 2144 inofficiosum
1078 2096 1244 2155 accusare,
1275 2096 1327 2143 ue·

201 2199 269 2260 rum
294 2196 392 2262 etiam
414 2196 598 2278 parentibus
620 2195 694 2260 lieet
714 2195 885 2261 liberorum
913 2197 1098 2278 impugnare
1127 2201 1325 2262 testamenta.
1348 2195 1377 2244 1⁶

200 2333 291 2380 soror
313 2321 418 2380 autem
441 2321 474 2380 st
494 2314 593 2382 frater
614 2319 691 2382 tuno
713 2315 836 2381 demum
853 2316 992 2382 deluneti
1008 2319 1233 2382 testamentum
1255 2315 1328 2380 sub-

200 2440 328 2501 uertent
350 2441 497 2517 tanquam
521 2436 645 2516 scriptis
667 2435 836 2502 heredibus
857 2437 1008 2518 praelati,
1031 2453 1101 2502 eum
1123 2435 1177 2499 isti
1201 2442 1325 2518 turpem

200 2560 312 2638 gerant
335 2571 511 2636 personam,
532 2556 630 2621 ueluti
654 2556 827 2636 agitatores
843 2556 927 2620 mimi
942 2555 1078 2621 arenarii
1101 2557 1217 2637 quique
1239 2555 1327 2619 adnl-

200 2673 273 2738 terii
308 2672 438 2738 erimine
472 2675 611 2740 damnati
651 2681 735 2740 sunt.
749 2676 774 2755 ¹)
828 2675 861 2738 id
900 2675 982 2740 enirn
1023 2673 1180 2738 diualibus
1213 2673 1326 2738 conati·

201 2791 376 2857 tutionibus
412 2799 551 2859 cauetur.
610 2794 716 2874 itaque
752 2800 899 2875 parentes
941 2799 973 2858 et
1009 2793 1118 2870 liberi,
1154 2793 1216 2857 nisi
1252 2809 1327 2874 erga
1345 2787 1380 2837 2⁰
1445 2831 1446 2880 ;

201 2910 382 2976 defunctum
415 2911 555 2992 ingratos
593 2929 662 2977 sese
695 2911 909 2989 ostenderint,
955 2917 1064 2976 contro
1096 2927 1218 2976 omnem
1252 2910 1326 2976 scri·

201 3035 289 3109 ptum
322 3028 467 3095 heredem
500 3029 671 3111 querellam
704 3036 797 3110 agent
827 3031 865 3095 de
896 3027 1083 3113 inolficl0s0;
1119 3028 1218 3095 frater
1251 3046 1326 3095 uero
1444 3111 1445 3122 ἵ

201 3164 355 3228 sororque
385 3154 496 3213 eontra
528 3153 636 3229 turpes
664 3129 787 3214 tantum
814 3165 973 3232 personas.
1025 3148 1110 3214 ultra
1136 3155 1240 3214 autern
1268 3148 1327 3214 lra-
1444 3129 1445 3186 l

202 3275 282 3331 trem
305 3284 485 3331 sororemue
507 3267 648 3349 cognatis
670 3267 775 3333 nullus
797 3268 901 3333 aditus
924 3269 963 3332 ud
986 3267 1140 3333 eiusmodi
1155 3266 1325 3349 querellam
1444 3285 1445 3328 r

162 3415 185 3465 2⁸
203 3390 289 3464 patet
312 3391 512 3464 satagentes
535 3385 813 3452 submonebantur.
858 3389 889 3451 2.
922 3385 1028 3452 Liberi
1057 3389 1162 3450 autem
1185 3394 1250 3450 tam
1273 3403 1326 3450 na·
1344 3389 1377 3439 2⁵

202 3501 321 3568 turales
347 3522 441 3584 quam
471 3505 612 3584 adoptiui
642 3513 737 3586 agent
770 3505 810 3572 de
837 3503 1008 3571 inofficioso
1041 3506 1211 3569 secundum
1245 3521 1326 3585 quae

202 3621 351 3702 principis
374 3621 474 3686 nostri
497 3622 720 3689 constitutione
742 3629 904 3690 canentur.
943 3630 1018 3690 tunc
1040 3642 1116 3689 uero
1139 3623 1262 3687 demum
1286 3621 1325 3687 de

270 3821 293 3886 ¹)
314 3821 357 3876 lta
375 3837 439 3876 sane
457 3823 502 3876 lex
519 3821 720 3894 Syro-Romana
738 3825 809 3879 nult:
829 3823 909 3880 aliter
927 3825 1010 3882 lntell.
1029 3825 1060 3882 F.
