3092 4702
594 361 800 428 ..58-

144 550 189 628 rit,
212 548 325 632 quiin
348 553 505 631 potestate
526 555 585 629 est,
608 555 685 616 tunc
706 568 744 616 ex
764 549 912 632 principis
926 547 1028 616 nostri
1042 549 1264 618 constitutions

144 668 209 735 ilico
233 685 255 734 a
275 667 463 750 patriciatus
484 667 636 734 codicillis
658 667 817 751 praestitis
839 685 858 732 a
880 667 983 747 patria
1009 671 1166 748 potestate
1187 668 1264 736 libe·

142 796 239 854 rntnr.
284 788 355 871 quis
377 788 458 853 enim
480 786 622 870 patiatur
644 793 764 869 patrem
786 785 912 868 quidem
934 803 1027 867 posse
1052 804 1110 868 per
1131 784 1264 852 emanci-

143 907 298 989 pationem
320 923 434 972 nexum
456 909 623 988 potestatis
653 905 792 980 soluere,
819 902 1051 986 imperiutoriae
1076 910 1182 970 autem
1207 924 1264 988 po·

142 1027 258 1092 tentiae
279 1025 494 1097 celsitudinem
516 1043 577 1089 non
600 1024 707 1090 ualere
729 1041 800 1088 eum
822 1039 914 1104 quem
937 1022 996 1088 sibi
1018 1029 1140 1104 patrem
1162 1021 1263 1106 elege-
1296 1035 1314 1087 o

107 1152 127 1202 t·
142 1147 180 1211 rit
200 1163 221 1210 a
245 1145 350 1225 patria
371 1145 508 1210 eximere
530 1141 710 1225 potestate?
755 1142 784 1206 5.
819 1141 945 1208 Patrem
974 1159 1077 1207 meum
1104 1141 1144 1208 ab
1166 1141 1263 1208 hosti·

142 1265 198 1330 bns
221 1263 295 1346 cupi
316 1264 456 1344 contigit,
479 1267 512 1327 et
533 1261 604 1328 ideo
634 1277 748 1326 seruus
777 1259 914 1326 bostium
942 1258 1044 1326 nctus
1066 1267 1125 1326 est.
1169 1278 1263 1342 quac·

141 1383 217 1448 ritnr
241 1389 348 1448 utrum
371 1400 439 1462 ego,
461 1381 516 1461 qui
544 1379 613 1445 eins
642 1377 724 1445 lilius
744 1398 823 1458 sum,
852 1380 913 1445 mei
939 1378 1018 1445 inris
1045 1380 1104 1444 sim
1131 1397 1172 1445 an
1195 1379 1263 1444 eins

139 1501 299 1568 subiectus
326 1501 485 1583 potestati.
537 1506 570 1565 ct
596 1499 658 1564 mei
684 1497 762 1564 iuris
792 1497 918 1580 quidem
947 1497 1007 1564 diei
1035 1515 1097 1563 non
1124 1514 1261 1582 possunn

141 1638 207 1686 cum
239 1638 311 1702 spes
342 1625 467 1685 maneat
494 1617 687 1701 postliminii.
738 1616 962 1700 postliminium
990 1623 1095 1683 autem
1122 1615 1174 1682 ius
1202 1621 1260 1695 est,
1281 1630 1313 1682 1⁰

141 1757 198 1820 qno
220 1741 273 1806 his
302 1741 356 1824 qui
383 1739 423 1804 ab
452 1740 596 1807 hostibus
624 1745 789 1805 renertnnt
822 1737 974 1821 pristinus
1002 1744 1104 1805 status
1130 1751 1261 1820 prorsus

140 1859 327 1924 restituitur.
363 1863 546 1924 curantem
568 1856 791 1938 postliminium
814 1857 939 1922 dicatur
961 1857 1089 1924 interius
1109 1871 1261 1939 propone·

140 1994 216 2042 mus.
261 1994 410 2043 reuersus
431 1977 528 2056 igitur
549 1983 641 2060 peter
661 1975 742 2042 filios
764 1995 876 2042 rursus
897 1977 1035 2043 insuam
1055 1977 1184 2060 recipiet
1204 1995 1260 2063 po·

141 2101 301 2175 testatem,
328 2095 403 2176 quia
428 2093 652 2178 postliminium
684 2093 775 2176 fingit
805 2113 877 2161 eum
910 2113 1034 2179 semper
1066 2097 1098 2162 in
1132 2097 1261 2166 ciuitate

141 2213 235 2280 inisse
261 2219 295 2279 et
320 2231 478 2294 nunquam
506 2213 546 2280 ab
573 2230 610 2279 ea
644 2213 755 2279 exisse.
803 2218 853 2278 set
878 2229 999 2294 nequeo
1024 2213 1129 2281 dicere
1159 2215 1261 2281 medio
1281 2221 1312 2273 1⁶

141 2341 280 2415 ternpore
307 2331 415 2396 mein
442 2331 528 2398 serui
557 2337 713 2415 potestate
746 2349 832 2409 esse,
865 2329 961 2398 immo
993 2331 1130 2398 hostium
1164 2333 1260 2399 serui.

142 2451 247 2534 itaque
268 2450 371 2518 medio
397 2459 538 2532 tempore
566 2451 682 2535 pendet
709 2451 759 2518 ius
788 2450 968 2517 liberorum.
1018 2457 1050 2517 et
1079 2453 1105 2518 si
1134 2452 1259 2535 quidem

142 2576 230 2652 pater
243 2588 390 2636 reuersus
412 2569 483 2649 erit,
505 2571 537 2636 in
558 2569 658 2652 ipsius
674 2588 728 2636 ero
746 2575 923 2655 potestate;
945 2572 992 2636 sin
1014 2576 1120 2637 autam
1141 2572 1186 2639 ibi
1208 2572 1261 2640 de·

141 2691 287 2766 cesserit,
317 2690 378 2756 mei
403 2690 482 2755 iuris
503 2687 585 2755 lium.
629 2697 679 2756 set
702 2689 749 2766 id,
779 2689 863 2771 quod
889 2690 1036 2765 diximus,
1064 2697 1189 2759 mortuo
1223 2711 1261 2759 eo

139 2809 224 2890 apud
250 2809 372 2886 hostes,
405 2827 455 2875 me
482 2807 741 2890 patremfamilias
766 2805 857 2888 fieri,
891 2807 1059 2875 indubitati
1087 2810 1165 2875 iuris
1194 2815 1259 2891 est3
1277 2831 1312 2884 m

141 2925 220 2991 illnd
243 2945 317 2992 uero
344 2926 516 3009 ambigitur
543 2945 582 2992 ex
611 2946 673 3010 quo
702 2933 844 3010 tempore
869 2927 911 2993 ab
939 2929 1006 2994 eius
1034 2928 1144 2994 uidear
1172 2935 1260 3010 pote·

138 3052 224 3112 state
245 3047 388 3114 liberari:
411 3054 558 3114 utruma
586 3055 726 3128 tempore
752 3066 815 3131 quo
843 3054 955 3130 captus
978 3055 1042 3125 est,
1072 3065 1113 3113 an
1141 3048 1181 3114 ab
1211 3067 1258 3126 eo,

139 3182 202 3246 quo
226 3167 308 3248 apud
335 3167 441 3232 hostes
470 3166 649 3233 decesserit.
701 3168 834 3233 interest
862 3167 943 3232 enim
973 3167 1056 3233 inter
1081 3171 1259 3246 utrumque,

139 3291 172 3348 et
193 3285 319 3366 quidem
341 3283 521 3366 plurimum.
565 3284 649 3367 finge
671 3286 753 3351 enim
780 3285 937 3369 quendam
965 3287 1043 3354 duos
1067 3285 1184 3352 liberos
1205 3283 1260 3350 ba·

140 3401 215 3468 bere
239 3408 331 3484 atque
354 3403 421 3469 ΜΜ
444 3421 611 3470 aureorum
633 3403 871 3486 patrimonium,
898 3419 1033 3487 eumque
1054 3403 1095 3469 ab
1116 3403 1258 3468 hostibus
1276 3403 1310 3458 2⁶

139 3520 220 3602 capi.
265 3539 396 3603 qnorum
418 3520 551 3588 liliorum
578 3523 658 3590 alter
686 3522 795 3589 sollers
822 3529 904 3599 erat,
931 3523 1021 3604 isque
1047 3538 1118 3586 cum
1146 3538 1260 3588 aureos

141 3640 172 3703 nl
206 3657 249 3704 ex
277 3647 408 3722 paterna
445 3640 622 3707 substantia
661 3641 861 3723 sumpsisset,
899 3637 1094 3706 commerciis
1133 3655 1260 3720 operam

140 3757 220 3822 dans
243 3756 399 3824 laboribus
426 3759 492 3825 suis
518 3760 596 3825 alios
621 3759 652 3824 Μ
674 3776 787 3825 aureos
807 3757 981 3839 quaesiuit:
1003 3756 1085 3823 ulter
1113 3775 1189 3822 uero
1211 3775 1261 3822 so·
