2926 4708
539 349 773 414 -202-

112 537 201 602 tronei
221 541 295 602 sunt
316 542 423 602 numm
445 535 541 602 ceteri
560 553 669 602 omnes
690 541 816 619 prester
841 536 916 612 hos,
945 536 1133 618 quicumque
1162 535 1221 603 sci·

111 655 174 722 licet
192 653 224 720 in
247 653 387 721 defuncti
416 660 573 737 potestate
602 671 664 720 non
693 653 831 722 inerunt
882 655 991 736 itnque
1018 654 1118 722 nostri
1144 672 1221 738 quo·

111 791 163 856 que
192 772 281 839 liberi
315 773 506 856 emancipati
543 773 685 840 extranei
718 773 924 841 docebuntur.
979 771 1064 839 filius
1096 789 1221 855 quoque

110 893 191 958 notri
211 892 303 959 heres
325 899 494 960 exuensne
515 891 583 960 fiet:
613 893 728 960 iemins
756 893 838 959 enim
860 893 976 960 liberos
1001 893 1032 958 in
1062 895 1222 975 potestate

110 1012 213 1078 habers
233 1030 295 1078 non
318 1019 432 1094 potest.
477 1030 605 1079 seruum
627 1030 719 1078 suum
745 1013 873 1096 quidum
898 1011 932 1078 in
958 1016 1147 1080 testamento
1168 1011 1219 1079 he·
1253 1028 1271 1080 ι

111 1134 203 1200 rodem
225 1132 377 1207 institnit;
400 1137 589 1198 testamento
611 1135 716 1198 eutem
738 1131 821 1198 iacto
848 1130 1057 1214 superuiuens
1086 1131 1219 1198 eundem

110 1251 236 1319 uindicta
258 1253 454 1320 manumisit:
483 1253 599 1319 deinde
620 1252 755 1320 decessit
780 1256 969 1319 metemento
998 1270 1059 1318 non
1087 1257 1218 1318 mutato.

109 1373 259 1452 qnnedtur
281 1379 388 1438 utrum
410 1375 545 1455 scriptus
571 1373 662 1440 heres
691 1372 886 1440 necessarius
913 1371 956 1437 sit
983 1390 1023 1438 sn
1052 1375 1219 1437 extrnneus
1263 1455 1270 1466 ·

109 1498 136 1555 et
154 1491 251 1573 nugis
272 1498 322 1558 est
345 1496 381 1557 nt
402 1497 572 1557 extraneus
594 1491 645 1569 sit,
669 1508 739 1557 cum
761 1477 822 1557 non
845 1491 907 1556 duo
923 1490 1014 1555 simul
1029 1509 1068 1556 ex
1082 1488 1219 1555 defuncti

110 1615 285 1676 testamento
319 1608 348 1675 ei
381 1610 585 1690 secesserint,
619 1609 749 1677 libertas
781 1627 893 1692 nempe
925 1615 1021 1692 etque
1050 1609 1218 1676 heredites.
1238 1629 1271 1682 lo

75 1731 135 1791 tt.
164 1729 197 1793 ln
219 1728 379 1795 extraneis
401 1735 506 1795 sutem
530 1728 697 1796 heredibus
723 1729 800 1794 illud
829 1728 1059 1795 obseruandum
1089 1733 1154 1808 est,
1184 1735 1221 1796 ut

109 1865 172 1912 cnm
191 1847 266 1930 ipsis
290 1847 636 1914 testamentiinctionem
665 1848 853 1926 hobesmus,
882 1847 949 1914 siue
977 1847 1037 1929 ipsi
1066 1846 1135 1914 siue
1164 1847 1220 1932 qui

109 1969 136 2030 in
154 1984 258 2032 eorum
281 1974 357 2032 sunt
378 1973 537 2050 potestate
559 1967 691 2034 heredes
713 1969 777 2035 sint
804 1966 950 2033 instituti.
1000 1985 1094 2050 quem
1124 1971 1219 2033 testu·

109 2085 359 2152 mentiiuctionem
374 2104 444 2152 cnm
464 2087 541 2169 ipsis
567 2089 701 2170 utroque
726 2091 866 2168 tempore
896 2086 1102 2169 requirimns3
1127 2091 1220 2152 teste·

109 2205 193 2270 menti
214 2205 341 2288 quidem
364 2203 438 2272 fecti
464 2213 501 2274 ut
529 2206 680 2273 consistet
707 2205 876 2283 institutio,
907 2206 1016 2272 mortis
1042 2224 1118 2272 nero
1143 2223 1219 2290 quo
1238 2218 1270 2272 ιι

109 2341 161 2404 que
181 2332 215 2391 ut
236 2331 326 2393 recte
347 2323 433 2392 tecte
456 2325 612 2391 institutio
634 2324 778 2391 effectum
800 2323 925 2390 habeut
963 2331 1012 2389 set
1033 2323 1061 2389 si
1082 2325 1153 2406 quis
1175 2324 1219 2390 di·

108 2440 244 2524 ligentius
266 2444 418 2525 inquirat,
441 2443 570 2510 tertium
600 2459 723 2528 quoque
750 2449 874 2526 tempus
905 2443 1131 2527 inspiciendum
1160 2448 1218 2520 est,

109 2577 162 2640 qno
182 2561 530 2629 tesmmentituctionem
553 2581 623 2628 enm
646 2562 763 2629 hebere
789 2567 929 2644 oportet,
959 2561 1040 2628 idest
1069 2577 1140 2627 cum
1165 2559 1219 2628 he·

108 2681 261 2748 reditutem
283 2683 366 2762 edit;
389 2682 468 2748 nihil
492 2685 574 2748 onim
596 2685 728 2750 interest
749 2687 855 2748 utrum
884 2699 963 2764 pure
991 2699 1031 2747 un
1061 2681 1121 2748 sub
1148 2697 1218 2746 con·

107 2797 216 2867 dicione
237 2801 406 2868 institutus
429 2804 480 2870 eit.
524 2803 574 2868 ius
596 2804 677 2868 enim
700 2801 842 2880 heredis,
865 2799 950 2867 idest
971 2819 1011 2866 sn
1034 2799 1105 2882 quis
1127 2799 1219 2864 ireres
1237 2819 1271 2872 oo

108 2937 168 2984 esse
188 2921 304 3002 possit,
328 2931 403 2987 tnnc
425 2921 623 3004 potissimum
653 2920 837 3002 inquiritur,
867 2937 937 2986 cum
964 2920 1035 3003 quis
1064 2917 1220 2984 heredite-
1255 2997 1257 3002 ,

106 3045 162 3102 ten
183 3039 329 3120 adquirit
380 3040 483 3106 medio
511 3039 593 3105 enim
622 3046 763 3122 tempore
792 3039 874 3106 inter
903 3043 1124 3104 testamentum
1147 3054 1217 3102 con·

107 3155 195 3222 ditrrm
226 3165 422 3240 mortemque
449 3159 613 3227 testatoris
642 3159 693 3226 uel
721 3159 933 3226 condicionem
961 3157 1162 3234 existentem,
1192 3158 1219 3220 si

106 3278 167 3357 puis
187 3280 246 3345 sub
270 3280 453 3346 condicione
474 3280 567 3346 heres
588 3279 755 3346 institutus
777 3286 840 3357 est,
870 3278 1003 3344 mutatio
1025 3275 1102 3342 iuris
1130 3275 1218 3342 here·

107 3394 148 3461 dis
166 3398 241 3463 nihil
264 3401 293 3466 ci
314 3398 347 3463 in
370 3397 566 3466 successione
588 3406 689 3466 nocet.
734 3401 840 3480 itaque
867 3398 895 3463 si
923 3414 1017 3478 quem
1047 3397 1147 3462 ciuem
1171 3413 1217 3461 ro·
1237 3419 1270 3472 ιε

107 3531 221 3583 menum
242 3518 391 3584 heredem
413 3519 604 3584 instituerim
626 3520 653 3584 is
677 3537 751 3584 uero
775 3524 846 3598 post
865 3517 982 3583 tactum
998 3517 1219 3582 testamentum

107 3634 258 3702 ciuitatem
281 3637 441 3715 amiserit,
464 3654 596 3719 eumque
618 3645 691 3703 ente
713 3640 845 3706 mortem
868 3655 983 3710 mesm,
1013 3635 1082 3712 uel,
1111 3635 1139 3699 si
1160 3633 1219 3698 sub

106 3755 277 3823 condicione
300 3765 349 3822 est
371 3756 546 3830 institutus,
569 3763 643 3822 unte
664 3749 877 3823 condicionem
892 3757 1086 3833 existentem,
1110 3769 1220 3818 rursus

108 3874 261 3956 receperit,
284 3874 393 3958 procul
418 3875 512 3944 dnbio
535 3875 743 3942 hereditatem
765 3873 883 3957 poterit
904 3874 1000 3940 edire.
1045 3875 1076 3939 in
1099 3889 1220 3938 summu
