2936 4704
537 344 769 411 -157-

100 531 197 612 tarint,
234 550 314 615 opus
344 539 395 598 est
424 531 454 600 ci
480 532 615 600 testibus
644 531 768 599 suedis
802 549 914 597 nomen
946 531 1148 600 manifestare
1174 537 1210 599 ct

101 649 137 716 sio
154 651 259 717 omnia
280 651 452 734 procedere
472 653 589 718 debent
610 652 779 718 seeundum
802 649 888 716 illins
911 649 1141 718 constitutionis
1163 657 1210 720 ts

72 787 204 839 tuorem.
251 771 281 836 b.
317 767 397 837 cnm
420 769 589 838 dixerimus
612 777 757 854 oportere
780 777 878 838 testes
899 771 1023 854 signum
1037 770 1207 854 imponere,

101 889 302 956 admonendus
325 908 359 956 es
380 889 476 958 etiam
498 911 559 958 uno
581 889 697 956 annulo
720 895 942 958 testamentum
966 909 1019 958 eos
1034 909 1126 974 posse
1147 891 1207 974 sig·

102 1028 162 1075 nsrs
182 1010 277 1094 (quid
299 1011 380 1076 enim
403 1011 430 1076 si
452 1016 549 1076 testes
571 1011 685 1093 singuli
707 1011 844 1078 babeant
865 1009 1006 1112 annulos.
1027 1009 1082 1092 qui
1104 1016 1208 1076 tantm
1242 1025 1260 1076 o

101 1131 177 1196 unius
201 1132 268 1197 sint
290 1129 482 1212 sculpturae,
506 1131 588 1196 idest
616 1149 710 1198 uuam
738 1129 930 1214 eandemque
959 1129 1091 1198 formam
1120 1147 1211 1212 pras·

102 1248 272 1332 utuautt),
295 1250 465 1318 secundum
486 1251 569 1330 quod
592 1249 761 1332 Pomponio
783 1251 887 1316 msam
909 1257 966 1316 est
989 1259 1038 1318 set
1059 1256 1093 1316 et
1107 1247 1209 1316 abeno

71 1391 89 1440 s.
102 1385 212 1452 quoque
234 1368 351 1436 annulo
380 1369 454 1436 iicet
474 1370 608 1451 signare.
662 1371 691 1433 6.
727 1369 777 1436 llli
805 1377 912 1436 antem
942 1377 1039 1436 testes
1067 1369 1209 1436 adbiberi

100 1496 228 1569 possum,
251 1509 323 1554 cum
345 1489 460 1572 quibus
483 1491 828 1556 testamentiiactionem
856 1492 1022 1570 babemus,
1051 1492 1133 1560 idest
1155 1492 1209 1575 qrri

102 1610 218 1674 anobis
238 1617 371 1691 possunt
393 1611 524 1678 heredes
546 1611 652 1690 scribi,
674 1611 790 1695 quique
817 1631 873 1678 nos
901 1613 1037 1680 scribere
1066 1619 1258 1695 possuntne

101 1735 163 1792 sunt
181 1737 288 1794 antem
310 1729 366 1810 qui
387 1749 406 1796 a
430 1731 613 1812 testimonio
630 1731 663 1794 in
684 1737 872 1798 testamento
900 1731 1027 1800 omuino
1057 1731 1210 1815 repellan-

102 1855 157 1926 tur,
187 1849 288 1917 ueluti
318 1849 432 1918 mulier
463 1849 607 1934 impubes
639 1868 752 1918 seruus
784 1857 893 1918 mutus
926 1852 1041 1919 surdus
1073 1851 1209 1920 furiosus

101 1969 237 2050 prodigas
260 1977 293 2036 et
314 1969 474 2052 improbus
496 1970 755 2054 intestabilisque.
799 1971 876 2050 Quis
899 1977 948 2036 est
973 1968 1046 2037 bio?
1074 1978 1111 2037 ut
1137 1989 1210 2038 eoos

102 2103 163 2151 eum
176 2087 244 2168 quis
267 2094 488 2154 testamentum
511 2089 673 2168 conderet,
696 2095 827 2158 uocatus
849 2097 899 2157 est
924 2091 1025 2158 Titius
1054 2093 1093 2157 ad
1124 2092 1211 2158 testi·

105 2206 225 2272 monium
247 2210 487 2288 praestandum:
510 2212 602 2276 testis
624 2210 733 2289 adsuit,
756 2211 839 2277 idest
861 2211 1047 2292 subscripsit
1068 2212 1098 2276 in
1114 2217 1210 2277 tosta·
1231 2229 1260 2280 rs

105 2331 195 2392 mento
216 2333 248 2392 et
270 2327 417 2410 signauit.
461 2334 584 2394 mortuo
607 2336 767 2412 testatore,
790 2329 891 2397 noluit
920 2333 1027 2399 uenire
1057 2337 1089 2396 et
1117 2330 1210 2398 fateri

106 2460 183 2510 suam
210 2465 279 2513 esse
308 2447 568 2528 subscriptionem
594 2469 749 2532 suumque
778 2452 911 2534 signum.
967 2451 1101 2518 oderunt
1127 2447 1210 2517 eius·

105 2563 178 2628 modi
198 2572 309 2632 estem
329 2567 416 2650 leges
438 2587 539 2650 neque
560 2569 748 2650 permittunt
769 2569 799 2636 si
827 2569 946 2653 aliquid
975 2589 1012 2636 ex
1040 2569 1144 2636 alieno
1166 2577 1209 2636 ts-

103 2687 246 2751 smncnto
267 2703 380 2769 capere
400 2707 501 2770 neque
522 2689 552 2754 ei
573 2689 710 2756 testandi
732 2688 912 2757 facultatem
935 2691 1087 2770 tribuunt,
1111 2707 1210 2770 nsque

103 2803 303 2869 tetimonium
324 2807 504 2888 praebendi,
526 2807 587 2874 alio
609 2814 755 2874 testante.
804 2810 919 2878 dicitur
945 2811 1096 2878 eiusmodi
1119 2811 1209 2876 testis
1225 2829 1261 2882 ao

70 2939 89 2992 7.
104 2919 252 3003 improbus
272 2923 471 2992 intestabilis.
507 2927 537 2989 7.
559 2927 641 3005 Quid
662 2927 762 3009 igitur
783 2927 812 2993 si
833 2947 903 2996 cum
926 2929 1038 3011 aliquis
1060 2949 1098 2996 er
1122 2927 1210 2996 msti-

103 3041 155 3108 bus
181 3048 358 3114 testamenti
386 3045 521 3112 faciendi
547 3059 686 3130 tempore
712 3049 792 3117 liber
820 3049 1067 3128 existimaretur,
1100 3057 1210 3132 postea

104 3177 206 3229 seruus
239 3167 405 3248 apparuit?
438 3168 639 3250 dispiciamus
673 3187 713 3234 au
749 3175 969 3236 testamentum
1003 3171 1131 3236 inritum
1157 3167 1209 3248 sit,

103 3297 206 3348 seruus
233 3285 328 3364 enim,
360 3289 406 3354 uti
436 3288 554 3356 dictum
583 3293 649 3370 est,
683 3290 773 3358 testis
801 3307 870 3358 esse
900 3291 1017 3372 nequit
1072 3305 1144 3356 oum
1170 3289 1211 3356 ds
