2870 4716
502 355 742 420 —358—

66 548 154 592 suum
184 527 313 592 fundum
341 547 446 608 arare,
476 548 546 593 cum
573 550 668 594 unum
695 530 908 595 tantummodo
938 531 1049 595 bouem
1078 531 1178 614 possi-

65 652 160 717 deret
207 652 236 718 si
257 652 338 717 inter
361 671 417 718 eos
440 653 607 737 placuerit,
630 661 665 718 nt
692 675 750 738 per
773 653 870 719 denos
894 654 962 719 dies
986 653 1177 720 alteralteri

63 777 224 860 proprium
255 777 368 842 bouem
401 777 555 843 concedat
582 778 622 842 ad
650 779 778 843 fundum
807 778 990 862 accipientis
1014 778 1176 858 arandum,

63 911 90 966 et
122 900 210 985 apud
240 902 372 966 alterurn
400 903 457 967 bos
482 902 620 985 perierit,
651 922 754 984 neque
781 903 898 968 locatio
926 903 1080 968 eiusmodi
1106 923 1178 968 con·

62 1033 180 1091 tractus
204 1034 265 1106 est,
290 1045 360 1091 curn
380 1027 504 1091 nonsit
528 1028 667 1092 certain
693 1028 828 1111 pecunia
854 1034 1019 1092 numerata
1045 1047 1175 1108 merceS,
1214 1039 1230 1090 o

61 1170 165 1232 neque
178 1151 422 1233 commodatum;
436 1152 668 1216 commodatum
678 1153 761 1218 enim
772 1153 939 1235 gratuitum
953 1171 1023 1218 esse
1036 1159 1176 1236 oportet:

61 1277 90 1340 in
114 1276 176 1342 hoo
200 1296 275 1342 uero
299 1296 375 1341 casu
398 1277 425 1341 is
450 1277 504 1357 qui
531 1277 646 1341 bouem
672 1277 821 1342 utendum
848 1277 903 1341 dat
927 1296 966 1342 err
989 1285 1095 1341 mutuo
1118 1295 1177 1341 usu

61 1401 304 1466 emolumentum
319 1402 416 1466 habet
438 1402 490 1466 uel
506 1408 613 1485 sperat
628 1421 662 1466 se
678 1401 863 1466 habitururn.
898 1401 1004 1481 itaque
1021 1401 1177 1466 actionem

62 1525 317 1608 praescriptis
340 1525 471 1590 uerbis
495 1525 648 1590 aduersus
672 1546 743 1590 eum
767 1527 901 1608 quirem
917 1525 1053 1610 perdidit
1070 1527 1178 1592 decer·

31 1655 52 1706 3-
62 1651 172 1716 nimus.
205 1654 234 1717 3.
257 1650 345 1715 Adeo
362 1658 467 1715 antem
483 1649 681 1715 familiaritas
698 1651 852 1732 quaedam
869 1652 950 1717 inter
965 1651 1176 1717 uenditionem
1198 1659 1231 1710 10

61 1785 90 1842 et
101 1776 296 1842 locationem
311 1774 485 1856 intercedit,
501 1775 579 1840 utin
591 1775 779 1858 quibusdam
791 1776 894 1840 causis
906 1775 1034 1841 dubium
1048 1777 1175 1854 oriatur,

61 1907 162 1965 utrum
186 1899 327 1964 uenditio
351 1919 393 1963 an
415 1899 531 1964 locatio
556 1899 597 1964 sit
619 1899 650 1963 id
675 1899 758 1979 quod
781 1900 893 1982 agitur.
927 1900 961 1965 id
977 1907 1080 1965 autern
1104 1920 1176 1965 oon·

61 2025 153 2108 tingit
176 2025 210 2088 in
233 2023 337 2088 causis
361 2023 537 2105 simillimis,
569 2023 667 2088 veluti
688 2024 721 2088 in
742 2024 890 2108 praediis,
919 2044 1001 2106 qnae
1023 2033 1175 2108 perpetuo

60 2147 249 2231 quibusdam
272 2146 406 2212 fruenda
428 2147 601 2229 traduntur,
621 2154 655 2212 ut
675 2147 823 2229 quamdiu
845 2149 954 2233 pensio
975 2149 1042 2213 siue
1059 2149 1176 2214 reditus

60 2295 116 2358 pro
145 2273 196 2338 his
223 2273 350 2337 domino
378 2278 569 2357 praestetur,
598 2292 700 2355 neque
728 2274 911 2338 conductori
938 2293 1040 2354 neque
1068 2273 1229 2339 heredita

60 2400 138 2480 eius,
163 2397 255 2463 cuiue
279 2397 450 2462 conductor
472 2397 604 2462 heresue
621 2397 687 2462 eius
704 2397 737 2462 id
752 2398 913 2481 praedium
931 2398 1106 2463 uendiderit
1122 2407 1176 2463 ant

61 2523 227 2588 donauerit
250 2529 305 2587 aut
328 2522 410 2588 dotis
435 2522 558 2587 nomine
589 2521 724 2603 dederit,
753 2521 858 2588 alioue
887 2543 949 2604 quo
979 2523 1072 2588 modo
1100 2523 1175 2588 alie·

61 2648 199 2728 nauerit,
233 2665 274 2711 ea
295 2666 387 2712 nemo
412 2646 544 2711 auferat
589 2653 638 2711 tet
665 2647 737 2712 talis
762 2653 955 2728 conmotus,
992 2647 1065 2728 quia
1095 2647 1175 2712 inter

60 2778 186 2837 ueteres
210 2770 412 2836 dubitabatur
435 2777 466 2835 et
490 2792 509 2835 a
532 2771 721 2852 quibusdam
744 2772 868 2852 locatio,
894 2773 934 2836 ab
948 2773 1019 2837 aliis
1035 2771 1174 2837 uenditio

60 2895 300 2960 existimabatur
324 2891 491 2976 (uenditio,
521 2895 596 2976 quia
619 2902 650 2962 et
674 2895 716 2960 ad
742 2895 875 2961 heredes
899 2916 950 2962 res
972 2897 1121 2962 transiret
1144 2903 1175 2961 et
1194 2903 1229 2952 ‘20

60 3019 159 3085 uariis
181 3018 283 3085 modis
306 3019 440 3084 alienari
462 3028 584 3104 posset,
609 3021 740 3102 locatio,
770 3021 845 3101 quia
871 3021 981 3104 pensio
1009 3021 1175 3101 quotannis

60 3144 263 3229 solueretur),
292 3145 359 3209 lata
383 3151 432 3209 est
455 3144 632 3210 constitutio
657 3145 722 3209 diui
744 3144 893 3226 Zenonis,
917 3165 998 3228 quae
1023 3146 1174 3229 emphy-

60 3269 187 3332 teusin
197 3267 278 3334 bunc
295 3274 486 3335 contractum
502 3270 636 3351 uocauit,
651 3269 812 3353 propriam
824 3276 969 3334 naturam
981 3270 1011 3334 ei
1023 3277 1173 3348 statuane,

61 3411 164 3472 neque
175 3392 217 3459 ad
227 3393 415 3458 locationem
427 3412 557 3477 prorsus
567 3393 724 3475 nequead
740 3393 953 3459 uenditionem
969 3401 1173 3476 spectantem,

61 3521 112 3580 set
145 3517 279 3602 propriis
316 3517 428 3582 linibus
467 3519 698 3583 consistentem.
756 3525 788 3582 et
825 3519 852 3582 si
892 3517 1017 3600 quidem
1056 3515 1173 3596 aliquid
1194 3521 1227 3571 ‘25
