2884 4728
533 336 774 400 -396—

94 510 220 574 anferre
244 529 264 573 a
286 510 538 592 possessoribus,
570 529 640 574 enm
664 511 779 575 indicio
811 511 843 575 ni
870 512 1023 575 bonorum
1050 517 1211 593 raptorum

93 633 299 698 condemnari
322 654 385 698 non
408 654 509 718 posse.
556 636 606 699 cni
630 636 750 700 scilicet
774 635 964 700 conueniens
988 641 1037 698 est
1059 654 1117 698 nec
1137 635 1211 698 furti

92 759 195 823 teneri
219 779 299 840 eum,
324 759 378 841 qui
401 779 505 823 errore
530 759 641 824 ductus
664 780 728 824 non
751 758 824 824 dolo
848 760 932 824 malo
956 759 1070 843 rapuit.
1109 765 1157 822 set
1171 779 1210 822 nc

93 903 230 966 peccare
252 883 431 948 nolentibus
447 883 520 948 talis
543 885 721 949 inueniatur
737 885 799 965 uia,
824 904 990 970 perquam
1006 884 1135 966 impune·
1154 904 1212 947 sna

93 1015 265 1073 exerceant
287 1009 453 1089 maleficia,
478 1015 509 1072 et
533 1028 609 1073 snae
633 1009 817 1090 indulgeant
833 1009 996 1092 auaritiae,
1020 1009 1136 1091 optime
1152 1028 1209 1091 pro
1247 1022 1274 1074 5-

92 1134 155 1197 hac
178 1140 268 1217 parte
286 1133 444 1198 diualibus
460 1135 731 1198 constitutionibus
747 1140 947 1218 prospectum
964 1139 1021 1214 est,
1046 1140 1080 1197 nt
1095 1133 1212 1198 nemini

90 1258 191 1322 liceat
213 1277 279 1322 rem
302 1258 452 1322 mobilem
474 1258 526 1323 uel
550 1265 763 1324 semouentem
787 1278 910 1342 rapere,
935 1259 1009 1323 licet
1027 1278 1117 1322 suam
1141 1277 1211 1322 eam

90 1402 163 1446 rem
197 1401 267 1446 esse
300 1382 473 1464 existimet,
512 1389 543 1447 et
573 1383 606 1447 ui
639 1383 773 1448 auferre.
833 1390 964 1447 cauetur
995 1383 1078 1447 enim
1111 1382 1211 1448 isdem

90 1507 379 1588 constitutionibus,
404 1513 446 1589 ut,
469 1507 497 1570 si
514 1507 588 1588 quid
604 1515 714 1571 contra
737 1508 856 1572 factum
879 1507 982 1586 fuerit,
1005 1507 1042 1588 is,
1068 1507 1121 1587 qui
1145 1515 1211 1571 tan-

91 1651 189 1711 quam
213 1650 303 1695 suam
331 1650 397 1695 rem
424 1631 542 1714 rapuit,
571 1632 638 1696 eius
667 1631 804 1695 dominio
833 1631 941 1709 cadat,
970 1631 997 1694 is
1026 1637 1130 1695 autem
1158 1632 1210 1712 qui
1232 1643 1273 1694 10-

89 1775 160 1820 rem
185 1755 322 1820 alienam
345 1756 426 1821 falso
444 1777 533 1820 snam
556 1775 625 1820 esse
646 1757 815 1839 putauerit,
839 1756 973 1839 primum
996 1755 1120 1836 quidem
1143 1776 1210 1820 rem

89 1881 250 1961 restituat,
275 1885 306 1944 et
328 1887 494 1964 praeterea
516 1881 564 1945 rei
587 1881 837 1945 aestimationem
860 1887 1008 1964 praestet.
1042 1881 1124 1960 quod
1148 1899 1211 1943 non

90 2005 197 2069 solum
220 2005 254 2068 in
276 2005 444 2069 mobilibus
467 2007 574 2086 rebus,
603 2025 684 2085 quae
707 2005 777 2087 rapi
800 2012 944 2088 possunt,
974 2005 1210 2070 constitutiones

89 2136 275 2209 sanxerunt,
300 2136 349 2192 set
372 2129 467 2193 etiam
483 2130 515 2193 in
531 2129 758 2210 innasicnibns,
783 2149 865 2210 qnae
881 2129 966 2193 circa
981 2149 1032 2193 res
1049 2129 1209 2210 solinunt,

89 2253 193 2318 aedes
223 2273 336 2336 nempe
359 2261 391 2316 et
413 2253 536 2318 fundos.
592 2254 671 2318 haec
696 2261 800 2317 autem
828 2253 946 2318 idcirco
975 2253 1209 2334 constituerunt
1230 2265 1275 2316 151

88 2385 125 2442 ut
151 2397 192 2442 ex
215 2377 274 2441 hao
294 2397 392 2440 causa
413 2378 555 2442 homines
582 2378 800 2462 prudentiores
828 2379 905 2442 facti
929 2379 1012 2442 omni
1039 2378 1152 2461 rapina
1179 2385 1210 2442 et

52 2502 259 2568 2.innasione
283 2523 317 2567 se
341 2502 542 2567 abstinerent.
582 2505 663 2570 2111
678 2504 711 2567 ni
731 2505 883 2568 bonorum
900 2509 1061 2587 raptorum
1085 2505 1210 2568 actione

88 2648 157 2692 non
184 2628 291 2709 ntique
320 2647 390 2692 enm
418 2634 619 2711 expectamus
648 2628 805 2692 dominum
833 2649 903 2692 esse
928 2635 1039 2712 raptae
1066 2629 1126 2710 rei,
1159 2629 1212 2709 qui

88 2752 240 2836 rapinam
260 2773 373 2836 passus
394 2759 455 2816 est:
481 2752 549 2816 siue
569 2752 651 2816 enim
672 2753 811 2816 inbonis
828 2752 895 2817 eius
917 2759 965 2818 est
988 2751 1081 2839 [idest
1095 2753 1128 2816 iu
1144 2753 1211 2816 eins

88 2875 257 2963 dominia]
281 2878 348 2942 sine
368 2896 408 2940 ex
423 2875 514 2940 bonis
539 2876 631 2964 [idest
647 2877 758 2941 nonin
775 2877 912 2942 dominio
936 2877 1013 2958 eins,
1038 2885 1086 2942 set
1106 2884 1211 2940 tamen
1231 2886 1279 2937 to»
