2864 4736
503 369 745 434 -426—

72 544 260 610 denuntiatio
283 543 326 608 fit.
360 564 424 609 non
447 545 530 610 enim
554 545 717 610 denuntiat
740 545 770 608 ei
786 549 883 626 actor,
905 550 940 608 ut
961 543 1018 608 illa
1034 544 1086 609 die
1102 545 1186 610 adsit

29 669 266 735 madianitem
289 669 486 753 capiendum.
524 674 574 737 16.
590 670 737 736 Secunda
759 676 865 734 autem
889 669 1048 734 actionum
1072 668 1185 734 diuisio

71 793 144 858 haec
168 801 231 874 est,
260 795 346 876 quod
374 795 562 877 quibusdam
590 794 632 859 ad
654 795 701 860 rei
724 794 973 878 persecutionem
999 795 1187 878 experimur,

72 917 149 983 idest
182 919 299 984 nudam
340 940 407 984 rem
441 919 590 1003 petimus,
629 918 816 1001 quibusdam
851 925 954 984 antem
989 919 1030 983 ad
1065 938 1187 1002 poenae

70 1043 331 1126 persecutionem:
360 1045 517 1126 quaedam
540 1052 645 1110 autem
668 1044 786 1110 mixtae
810 1049 890 1126 sunt,
915 1063 997 1125 quae
1023 1049 1054 1108 et
1078 1043 1119 1108 ad
1143 1044 1189 1108 rei
1226 1054 1242 1107 5

29 1178 62 1228 ιτ.
72 1169 319 1251 persecutionem
343 1176 489 1254 spectant
511 1177 543 1236 et
565 1170 753 1254 personales
769 1175 850 1234 sunt.
891 1173 942 1235 17.
966 1169 1007 1232 nt
1023 1169 1070 1232 rei
1084 1187 1191 1252 perse·

72 1292 212 1374 quendae
245 1313 342 1359 causa
371 1301 575 1379 comparatae
610 1301 683 1360 sunt
711 1314 820 1360 omnes
855 1293 891 1357 in
925 1313 1001 1358 rem
1037 1292 1190 1358 actiones.

71 1435 175 1480 carum
198 1437 275 1482 uero
292 1417 460 1500 actionum,
486 1418 620 1499 quaein
644 1438 845 1502 personam
869 1424 951 1500 sunt,
976 1418 1037 1482 hae
1055 1416 1190 1499 quidem,

71 1561 147 1621 quae
172 1561 214 1606 ex
242 1543 456 1608 contractibus
484 1547 668 1625 nascuntur,
701 1544 769 1608 iere
804 1563 912 1608 omnes
941 1543 982 1608 ad
1011 1542 1058 1607 rei
1086 1562 1192 1626 perse-

72 1665 225 1730 cutionem
248 1667 462 1731 tantummodo
487 1673 645 1750 spectant:
670 1667 768 1731 ueluti
791 1667 948 1733 condictio
972 1666 1081 1749 mutui,
1107 1667 1189 1732 actio
1210 1676 1245 1729 10

71 1809 106 1854 ex
128 1790 295 1873 stipulatu,
319 1790 519 1872 commodati,
544 1791 694 1875 depositi,
719 1811 776 1875 pro
798 1791 897 1868 socio,
921 1811 960 1856 ex
985 1797 1090 1875 empto
1116 1811 1190 1856 uen-

69 1913 141 1996 dito,
166 1914 266 1978 locati
289 1913 445 1980 conducti.
491 1935 560 1980 cum
589 1921 694 1979 autem
717 1914 850 1980 dixerim
874 1915 1012 1999 depositi
1035 1915 1190 1981 actionem

70 2037 107 2101 ad
129 2038 177 2102 rei
201 2043 322 2102 tanturn
345 2041 599 2122 persecutionem
622 2045 839 2122 comparatam
863 2059 943 2120 esse,
974 2039 1191 2104 admonendus

70 2181 116 2242 es,
146 2162 174 2226 si
198 2163 302 2228 ciuilis
330 2164 480 2229 tumultus
504 2164 556 2229 uel
579 2163 716 2229 incendii
739 2165 791 2229 uel
818 2163 978 2246 naufragii
1003 2183 1101 2228 causa
1124 2183 1190 2228 rem

70 2285 151 2369 apud
166 2286 286 2351 Titium
303 2286 512 2372 deposuerim,
536 2289 590 2354 ille
607 2294 712 2353 autem
728 2297 850 2372 postea,
875 2308 945 2353 cnm
966 2307 1017 2352 res
1033 2293 1189 2372 repetere·
1208 2300 1242 2353 15

70 2419 131 2492 tur,
156 2431 279 2476 moram
303 2413 336 2476 in
359 2413 518 2479 reddendo
541 2414 666 2494 fecerit,
696 2420 728 2478 et
755 2434 825 2478 cum
853 2412 965 2478 eodem
988 2411 1072 2477 Titio
1102 2412 1189 2476 here-

70 2534 147 2600 deue
172 2536 242 2601 eius
266 2542 390 2620 agatur,
416 2539 582 2603 dummodo
608 2538 714 2602 dolum
731 2540 772 2602 ab
789 2537 904 2602 herede
922 2537 1095 2602 admissum
1118 2557 1189 2601 esse

67 2661 226 2743 probetur,
249 2681 313 2726 non
336 2681 402 2727 rem
419 2664 519 2728 solam
542 2671 590 2727 set
613 2663 709 2728 ctiam
729 2663 861 2728 alterum
884 2669 1004 2726 tantum
1023 2661 1189 2726 restituere

69 2803 136 2848 eum
169 2785 296 2850 debere.
344 2786 431 2869 dupli
462 2805 538 2851 uero
571 2786 783 2870 persequendi
815 2785 920 2868 gratia
952 2785 1079 2849 dabitur
1105 2785 1188 2850 actio

68 2909 218 2992 depositi3
254 2918 287 2977 et
316 2911 459 2992 quamuis
491 2930 531 2975 ex
566 2917 729 2976 contractu
758 2917 829 2975 orta
861 2911 914 2993 sit,
949 2917 1054 2974 tamen
1082 2909 1187 2974 mixtis
1207 2921 1243 2973 to

68 3033 247 3098 actionibus
270 3031 540 3112 adnumerabitur,
572 3051 654 3112 quae
678 3050 801 3114 poenae
825 3036 857 3095 et
878 3030 926 3094 rei
948 3028 1188 3113 persequendae

25 3173 58 3223 le.
69 3177 166 3222 cansa
190 3163 264 3221 sunt
279 3160 489 3239 comparatae.
528 3158 578 3222 18.
595 3155 744 3220 Actiones
760 3174 836 3219 uero
853 3175 892 3219 ex
914 3153 1068 3218 maleficio
1085 3159 1187 3256 natae²

66 3282 157 3346 modo
174 3301 313 3364 poenam
330 3280 432 3345 solam
447 3287 661 3362 persecuntur,
685 3280 777 3345 modo
794 3299 929 3363 poenam
946 3284 978 3342 et
991 3297 1058 3341 rem
1075 3277 1186 3361 ipsam,

68 3411 97 3468 ct
123 3406 164 3470 ob
194 3403 229 3469 id
258 3405 398 3470 mixtae
429 3411 507 3469 sunt.
554 3423 689 3487 poenam
723 3409 844 3468 tantum
878 3401 1095 3486 persequimur
1129 3419 1187 3484 pcr

67 3529 139 3594 furti
175 3531 347 3613 actionem3
384 3530 451 3595 sine
480 3528 639 3594 manifesti
674 3535 788 3611 agatur
815 3526 994 3610 quadrupli,
1029 3525 1097 3591 sine
1127 3545 1185 3589 nec
1204 3542 1240 3594 25

67 3654 237 3738 manifesti,
255 3655 351 3740 dupli.
374 3676 447 3721 nam
463 3655 565 3739 ipsam
581 3674 647 3718 rem
662 3654 745 3719 furto
762 3653 902 3718 ablatam
918 3651 1048 3736 propria
1060 3650 1185 3715 actione
