2936 4704
668 323 900 386 -140-

227 513 289 572 τῶν
316 507 461 594 δωρεῶν.
513 509 609 574 ταῦτα
638 507 675 572 δέ
704 509 802 572 πάντα
837 507 918 572 ἐστιν
946 508 1050 591 εύρεῒν
1077 507 1129 570 τόν
1156 508 1223 580 ταῖς
1249 505 1349 581 θείαις
1462 545 1464 556 1

225 609 322 676 αὐτοῦ
343 610 518 685 διατάξεων
540 611 716 700 ἐντυχόντα.
763 610 860 673 ἐκεῖνο
884 609 920 673 δέ
942 609 1057 674 εἰδέναι
1079 610 1144 697 χρὴ
1172 609 1220 672 ὅτι
1245 605 1274 670 ελ
1302 608 1348 672 καί
1463 635 1464 674 1

226 713 291 796 τόῑ)
314 713 431 776 τέλειον
453 711 551 800 ἔχοιεν
574 715 605 776 αί
626 713 745 799 δωρεαί
771 709 850 776 κατὰ
879 713 933 776 τδν
963 709 1129 798 εἰρημένον
1155 711 1272 796 τρόπον
1302 732 1350 792 γε-

227 814 360 897 νόμεναι,
383 814 553 902 ἀχάριστος
567 813 604 879 δέ
620 817 690 901 περί
705 815 758 878 τόν
780 811 1026 900 εὐεργετήσαντα
1047 814 1066 877 ό
1088 813 1142 899 την
1157 810 1286 896 δωρεὰν
1301 812 1346 876 δε·

190 917 359 1000 ὅξάμενος
388 916 576 1006 ἀποδειχθῇ,
607 915 745 993 διάταξις
778 918 833 980 τοῦ
861 915 1017 1004 ἡμετέρου
1045 915 1200 1000 βασιλέως
1227 914 1348 978 δέδωκε
1463 913 1464 916 ’

225 1018 403 1103 παρρησίαν
433 1018 468 1081 ἐκ
494 1023 642 1104 φανερῶν
678 1018 780 1082 αἰτιῶν
817 1017 862 1094 είς
889 1019 1069 1108 ἀχαριστίαν
1101 1014 1349 1104 ἀναφερομένων
1463 1031 1464 1036 ’

224 1117 339 1194 ταύτας
360 1119 559 1203 ἀνατρέπειν·
583 1121 663 1197 ῶςτε
682 1122 795 1207 μήτινα
822 1119 895 1204 τά’)
918 1122 1013 1186 οἰκεῖα
1041 1122 1208 1206 πράγματα
1235 1119 1350 1203 φιλοτι-

178 1303 179 1311 ¹
222 1218 297 1300 μίας
310 1220 408 1305 χάριν
435 1220 479 1296 τίς
506 1221 615 1307 ἕτερον
642 1221 820 1306 μεταθέντα
849 1221 940 1309 ύβριν
966 1222 1019 1308 ἢί)
1050 1223 1162 1309 ζημίαν
1189 1217 1256 1285 τινὰ
1282 1220 1350 1304 ὑφί-

224 1319 356 1384 στασθαι
379 1322 457 1409 παρ’
484 1323 609 1388 ἐκείνων
637 1325 683 1402 οἷς
711 1325 905 1409 ἐδωρήσατο.
957 1325 1032 1400 τοὺς
1060 1323 1096 1388 δὲ
1123 1324 1258 1409 τρόπους
1288 1325 1351 1384 τῶν

175 1427 207 1478 10
224 1423 441 1510 ἀχαριστιῶνί)
466 1424 593 1502 καὶτὰς
615 1425 752 1509 ἀγωγὰς,
776 1425 822 1490 δι’
845 1427 889 1491 ῶν
911 1426 1135 1512 ἀνατρέπονται
1167 1426 1198 1488 αί
1220 1424 1351 1509 δωρεαὶ,
1464 1481 1465 1484 ,

221 1523 337 1609 μαθεῖν
359 1525 456 1591 ἔνεστι
480 1531 531 1591 τὸν
553 1529 608 1615 τὴν
631 1529 796 1614 εἰρημένην
817 1528 955 1602 διάταξιν
977 1528 1159 1610 ἀναγνόντα.
1200 1527 1230 1590 3.
1267 1525 1350 1588 Ἐστι
1367 1541 1388 1592 3.

223 1627 272 1689 καί
295 1626 404 1712 ἕτερον
426 1628 510 1706 εἶδος
532 1634 587 1715 τῆς
608 1630 692 1694 inter
713 1630 805 1696 uiuos
825 1629 966 1713 δωρεᾶς,
996 1630 1014 1692 δ
1036 1632 1100 1706 τοῖς
1125 1628 1184 1713 μὲν
1216 1629 1352 1712 νομικοῖς

223 1727 383 1810 ἄγνωστον
407 1727 452 1814 ἦν,
476 1729 631 1806 διατάξεις
652 1729 688 1794 δὲ
709 1731 862 1812 βασιλικαὶ
876 1735 938 1794 τῶν
954 1729 1086 1813 νομικῶν
1102 1729 1255 1814 νεώτεραι
1278 1727 1353 1790 ταύ-

223 1855 278 1918 την
307 1832 556 1919 ἐκαινοτόμησαν.
609 1832 729 1914 λέγεται
762 1831 798 1895 δέ
820 1831 899 1918 αὕτη
922 1833 995 1914 πρὸ
1017 1830 1177 1913 γάμουδ)
1200 1829 1353 1914 δωρεά.

174 1952 205 2004 15
224 1939 350 1996 ποιεῖται
372 1933 409 1997 δέ
430 1933 544 2020 ταύτην
566 1937 583 1996 ό
604 1937 746 2022 μνηστὴρ
768 1935 815 2010 εἰς
836 1935 892 2021 την
911 1933 1050 2020 μνηστὴν
1077 1929 1239 2017 σιωπεράν
1261 1929 1353 2020 ἔχου·

224 2035 315 2117 σανί)
338 2033 454 2118 αζοεοιν
475 2034 510 2098 ἐν
524 2035 620 2122 ἑαυτῇ
641 2035 723 2110 ῶςτε
738 2035 841 2115 τότεί)
858 2037 892 2099 τὸ
914 2039 1009 2118 κῦρος
1031 2039 1111 2122 ἔχειν
1133 2033 1237 2120 αὐτὴν,
1261 2033 1355 2118 ἡνίκα
1464 2105 1465 2110 1

222 2135 540 2224 παρακολουθήσωσιν
571 2140 599 2202 οί
627 2139 731 2224 γάμοι.
776 2139 952 2223 ὠνόμασται
974 2136 1010 2200 δὲ
1033 2139 1104 2222 πρὸ
1126 2135 1174 2217 γά
1180 2158 1257 2220 μου
1279 2133 1354 2198 διο-

218 2240 330 2324 ρεὰθ)
361 2237 413 2304 διὰ
439 2242 473 2304 τδ
503 2242 562 2327 πρδ
591 2245 648 2327 τῆς
676 2241 862 2318 συστάσεως
894 2238 949 2304 τοῦ
983 2239 1171 2303 συνοικεσίου
1205 2235 1354 2319 γίνεσθαι

220 2342 333 2427 αύτην,
368 2342 519 2407 οὐδέποτε
549 2342 585 2410 δὲ
609 2343 692 2426 μετὰ
722 2345 775 2406 τὸν
801 2341 912 2428 γάμον.
964 2339 1100 2404 καθόλου
1135 2337 1199 2424 γὰρ
1228 2339 1353 2421 πᾶσῶ)

170 2457 205 2508 20
221 2443 328 2528 δωρεαὶ
366 2445 400 2509 ἐν
429 2452 597 2510 συνεστῶτι
625 2449 672 2533 τῷ
707 2446 800 2532 γάμῳ
827 2446 970 2531 γινομένη
1005 2445 1124 2536 μεταξύ
1152 2440 1271 2529 ἀνδρὸς
1301 2443 1356 2504 καί

221 2544 364 2626 γυναικὸς
397 2549 619 2634 ἀπηγόρευται.
677 2546 755 2611 ἀλλὰ
785 2547 895 2631 γέγονε
924 2545 1062 2620 διάταξις
1091 2549 1145 2608 τοῦ
1171 2548 1227 2631 τῆς
1254 2541 1355 2618 θείας
1465 2631 1466 2638 ¹

220 2647 343 2732 λήξεως
355 2647 518 2713 Ἰουστίνου
541 2650 758 2736 ἐπιτρέπουσα,
781 2643 887 2732 ῶςτιερ
911 2648 946 2711 ἐκ
968 2652 1030 2711 τῶν
1053 2649 1189 2711 παλαιῶν
1214 2650 1356 2729 νομικῶν

220 2745 341 2820 ἔξεστιν
362 2749 396 2812 ἐν
418 2749 586 2813 συνεστῶτι
609 2753 655 2836 τῷ
676 2749 770 2835 γάμῳ
793 2747 898 2823 αὔξειν
921 2751 975 2838 τὴν
990 2751 1110 2832 προῖκα,
1133 2748 1183 2811 καὶ
1197 2747 1223 2810 εἰ
1239 2747 1356 2834 συμβῇ
1465 2777 1466 2780 “

221 2852 416 2936 νομισμάτων
424 2855 462 2935 ¹⁰)
478 2852 660 2940 ἐπιδοθῆναι
676 2857 787 2938 προῖκα
809 2851 930 2930 ἑκατὸν,
952 2850 1087 2939 ηδύνατο
1108 2850 1157 2913 καί
1169 2844 1252 2933 μετὰ
1272 2849 1357 2936 χρά-

168 2982 202 3034 25
222 2977 274 3016 νον
295 2958 351 3041 τῆς
371 2951 553 3031 συστάσεως
574 2957 594 3040 η
611 2956 686 3041 γυνὴ
701 2954 860 3020 ἐπιδοῦναι
882 2953 952 3016 ἄλλ’
975 2953 1079 3034 όσαῐῐ)
1101 2951 1254 3040 ἠβούλετο
1267 2951 1352 3039 χρὴ-

218 3079 303 3139 ματα
324 3059 374 3120 καὶ
396 3057 521 3121 πλείονα
545 3062 669 3142 ποιῆσαι
692 3059 747 3142 τὴν
771 3059 883 3141 προῖκα
904 3055 954 3118 καί
976 3052 1104 3139 δωρεὰν
1126 3051 1228 3124 οὐδεὶς
1243 3051 1357 3116 ἐκάλει

220 3156 255 3220 τὸ
278 3161 433 3239 τοιοῦτον,
460 3159 611 3233 ὡσαύτως
632 3160 682 3222 καὶ
704 3159 759 3244 τὴν
782 3155 843 3240 πρὸ
863 3155 964 3240 γάμου
973 3154 1012 3238 ¹²)
1034 3152 1163 3239 δωρεὰν
1192 3152 1357 3218 δύνασθαι

219 3258 272 3323 τὸν
295 3260 396 3346 ἄνδρα
416 3260 547 3345 μείζονα
570 3263 667 3324 ποιεῖν
689 3261 815 3323 καὶτοῦ
842 3256 914 3333 ἐνὸς
936 3254 1088 3333 αὔξοντος
1111 3255 1247 3341 μέρους,
1277 3255 1357 3320 ἐπέ-

218 3366 333 3444 τρεψεν
356 3361 468 3435 ἐξεῖναι
491 3363 539 3426 καί
561 3365 607 3448 τῷ
629 3361 731 3445 ἑτέρῳ
759 3359 797 3422 τὰ
827 3357 906 3423 αὐτὰ
933 3357 1089 3444 πράττειν.
1140 3355 1209 3419 ἀλλ’
1237 3355 1356 3443 ἐπειδὴ

167 3489 202 3540 30
220 3465 316 3525 ταῦτα
337 3463 394 3546 μὲν
410 3463 562 3548 ἠβούλετο
584 3465 604 3549 η
627 3460 768 3536 διάταξις
789 3459 824 3523 τὸ
849 3460 885 3524 δέ
906 3463 962 3546 τῆς
984 3455 1059 3544 πρὸ
1077 3457 1123 3540 γά
1128 3457 1249 3541 paon)
1272 3456 1358 3520 δαι-

216 3568 313 3648 ρεᾶς
335 3563 433 3649 ὄνομα
457 3564 494 3650 ἦν
514 3569 579 3640 τοῖς
601 3563 770 3647 γινομένοις
792 3561 999 3647 ἀσύμφωνον,
1028 3559 1151 3642 ἐλέγετο
1181 3557 1245 3643 γὰρ
1276 3559 1360 3643 πρὸ

290 3768 314 3831 ¹)
333 3766 358 3820 d.
378 3765 428 3819 L2.
447 3765 478 3820 F.
548 3765 570 3830 ί)
589 3765 614 3819 d.
633 3764 671 3818 Μ.
741 3766 766 3830 ⁸)
783 3765 822 3818 ita
839 3763 877 3817 M.
895 3763 958 3820 L⁶.:
976 3767 1028 3817 oet.
1046 3763 1097 3816 καί.
1184 3763 1209 3828 ⁴)
1225 3759 1356 3813 -ίιπυν

219 3847 267 3902 11².
361 3851 384 3916 ὅ)
401 3849 569 3918 προγαμιαία
587 3848 635 3901 11⁶.
737 3848 760 3916 ⁶)
778 3864 848 3900 -σα
865 3845 907 3900 Vi.
926 3847 975 3900 F1.
993 3845 1026 3901 R
1139 3847 1164 3914 ⁵¹)
1180 3843 1223 3901 αἱ
1242 3859 1277 3898 ex
1294 3843 1357 3898 m.

219 3933 268 3988 12⁶.
387 3935 410 4000 ⁸)
428 3933 452 3989 d.
470 3933 520 3986 [τί.
538 3933 581 3987 Vi.
599 3932 633 3988 R.
760 3933 785 3999 ⁹)
802 3930 895 3985 ἅπασα
913 3931 989 3986 vm
1121 3933 1157 3999 ιο)
1175 3947 1284 3996 -ματα
1302 3930 1358 3986 Vi.

219 4015 267 4070 Fl.
285 4017 318 4072 R.
421 4019 457 4086 11)
475 4015 507 4068 ἂν
526 4016 569 4071 nd.
588 4015 630 4070 Vi.
650 4015 681 4070 F.
699 4015 730 4070 R.
839 4016 874 4084 ¹²)
892 4017 1076 4086 πραγαμιαίαν
1095 4016 1145 4069 Ιιΰ.
1226 4015 1263 4081 1⁸)
1280 4033 1358 4081 προ-

216 4103 342 4170 ναμιᾱίας
359 4102 409 4157 Ιδ.
