2898 4712
531 304 764 370 „263-

93 491 136 558 ias
158 491 308 558 bonosum
331 491 536 574 possessione,
558 509 654 574 quam
676 497 805 573 praetor
825 497 935 558 contra
949 489 1073 556 tabulas
1087 488 1210 572 paterni

93 611 269 677 tuummtt
288 610 399 677 tiberis
421 609 586 694 pollicetur
607 612 662 692 qni
684 630 785 694 neque
808 611 940 678 heredes
962 609 1086 692 scripti,
1110 625 1211 690 neque

89 732 155 795 iure
174 728 356 797 exheredati
372 737 463 810 suut,
486 729 544 796 hoc
565 738 616 797 eat
636 731 828 796 nominatim.
877 749 948 796 nam
976 748 1045 808 eos,
1076 747 1155 810 qnos
1176 728 1210 794 in

91 848 226 916 defuncti
247 849 369 916 inuenit
391 856 548 932 potestate
570 858 603 916 et
624 851 784 916 naturales
814 849 912 929 filios,
940 849 994 930 qui
1022 847 1212 930 emancipati

87 969 214 1050 tuerint,
238 965 264 1036 si
286 971 449 1053 praeteriti
471 971 535 1036 sint
557 989 595 1036 ea
616 977 726 1036 contra
754 971 878 1036 tabulas
907 970 1059 1035 bonorum
1090 985 1211 1050 posses·
1248 966 1264 1017 5

91 1088 174 1156 sione
207 1091 345 1156 instruit.
399 1089 437 1156 iis
464 1110 540 1157 uero
576 1091 629 1173 qui
658 1091 689 1155 in
717 1091 867 1172 adoptiua
895 1087 1013 1154 familia
1041 1089 1213 1154 manserint

91 1219 228 1290 tempore
247 1229 311 1293 quo
334 1209 487 1276 naturalis
509 1215 601 1293 puter
622 1210 802 1285 decesserit,
824 1217 932 1276 contra
955 1207 1078 1275 tabulas
1093 1226 1213 1292 posses

89 1333 204 1397 donem
222 1347 288 1396 non
313 1331 377 1396 dat
420 1330 448 1394 si
470 1329 654 1410 adoptiuum
681 1328 781 1394 tilium
833 1347 936 1395 meum
964 1329 1212 1412 emancipauero,

91 1469 147 1517 non
169 1450 274 1516 solnm
296 1448 373 1514 mihi
395 1449 435 1515 ab
458 1450 606 1514 intestato
627 1467 689 1514 non
712 1447 860 1528 succedit,
883 1454 932 1514 set
952 1467 1009 1514 nec
1023 1449 1212 1529 praeteritus

90 1571 120 1634 iu
139 1587 211 1635 meo
235 1575 439 1644 testamento,
461 1577 572 1635 contre
590 1567 718 1633 tabulas
747 1569 974 1650 possessionem
1003 1567 1115 1650 capiet
1160 1567 1265 1634 delo

52 1687 142 1754 tasiit
168 1687 252 1755 enim
280 1688 358 1753 meis
388 1689 494 1754 liberis
529 1686 756 1753 connumerari.
810 1686 859 1750 13.
897 1685 1076 1754 Meminisse
1106 1693 1211 1753 autern

91 1809 210 1875 iuuabit
231 1808 407 1875 naturalem
428 1807 558 1874 liberum
582 1825 684 1874 meum
708 1806 761 1891 qui
777 1813 876 1872 semet
895 1806 927 1872 in
943 1806 1142 1889 adoptionem
1158 1806 1213 1872 det

89 1929 201 2011 quique
222 1927 258 1993 in
280 1927 431 2009 adoption
452 1927 569 1993 familia
590 1935 716 1993 maneat
738 1935 871 2008 postque
898 1926 1018 1992 obitum
1046 1945 1149 1992 meum
1172 1927 1212 1992 ab

88 2051 235 2134 adoptino
257 2055 348 2132 patra
369 2050 598 2132 emancipetur,
628 2047 774 2131 quemme
802 2048 843 2112 ad
872 2048 932 2112 mei
961 2046 1115 2112 naturalis
1143 2046 1213 2112 eius

90 2171 186 2252 patris
220 2171 303 2236 bona
334 2169 441 2236 noceri
467 2175 604 2252 nequeat
632 2183 689 2250 per
723 2167 852 2233 »unde
886 2166 1031 2232 liberi«
1061 2167 1212 2232 bonorum
1233 2181 1264 2235 tt

91 2290 335 2370 possessionem,
357 2287 419 2354 aiio
442 2293 545 2354 tamen
573 2287 676 2371 gradu
704 2287 828 2366 uocari,
858 2303 921 2370 quo
948 2303 1060 2368 nempe
1087 2284 1213 2368 cognati

93 2405 129 2475 ad
149 2408 290 2476 defuncti
313 2407 539 2474 successionem
562 2413 725 2474 uocantur.
769 2423 850 2487 quae
874 2411 939 2470 tum
963 2405 1008 2470 ita
1029 2421 1064 2470 se
1084 2403 1211 2484 habent,

93 2546 156 2594 cum
178 2546 284 2610 neque
305 2547 379 2596 suos
402 2525 533 2594 heredes
554 2547 656 2610 neque
678 2528 889 2608 emancipatos
904 2523 1090 2606 relinquam,
1112 2543 1214 2608 nequa

94 2647 245 2730 mgnum
266 2647 392 2730 quidem
415 2647 498 2715 ullos
520 2646 597 2714 mihi
619 2649 765 2730 supersit
816 2646 849 2713 hi
878 2665 954 2712 uero
982 2643 1212 2727 praeferuntur.

88 2771 162 2834 onte
188 2766 279 2834 anim
310 2771 437 2849 praetor
463 2765 585 2833 tibersa
618 2771 712 2832 uocat
749 2773 813 2832 tam
846 2781 920 2832 suos
952 2765 1085 2832 heredes
1116 2778 1211 2844 qnam
1229 2769 1264 2821 to

93 2887 318 2970 mummium
339 2887 388 2952 his
406 2903 471 2952 non
490 2886 691 2966 extantibus,
710 2885 888 2968 adgnatos:
916 2884 1061 2966 adgestis
1083 2901 1145 2948 non
1164 2882 1212 2947 in-

93 3005 357 3084 teruenienn'bns,
382 3006 507 3090 cognati
535 2999 747 3085 uocabantur,
774 3005 808 3070 in
833 3003 948 3088 quisue
974 3001 1064 3069 liberi
1093 3001 1153 3067 mei
1176 3001 1213 3065 tn

59 3121 242 3208 madoptiua
273 3121 393 3192 familia
421 3127 554 3208 primum
588 3124 731 3208 optinent
763 3125 874 3191 locum.
930 3125 982 3187 14.
1021 3117 1107 3187 flacc
1140 3125 1215 3185 ante

98 3244 194 3310 omnia
215 3251 381 3328 perspecta
403 3243 529 3312 habeas
573 3243 607 3311 Si
630 3251 694 3311 tres
716 3243 831 3310 liberos
853 3243 886 3309 in
904 3249 1064 3327 potestate
1086 3238 1215 3316 habens,

99 3379 188 3428 nnnrn
209 3365 267 3430 tibi
289 3363 323 3431 in
344 3365 543 3448 adoptionem
558 3365 640 3447 dem,
661 3369 795 3431 uocatur
808 3363 885 3430 haec
899 3361 1027 3446 adoptio
1052 3377 1124 3426 »ex
1146 3356 1214 3422 tri·
1230 3373 1265 3426 ts

100 3481 164 3580 bns
184 3483 395 3552 maribus«
425 3489 528 3550 otest
550 3484 857 3551 senatusconsultum
879 3481 1113 3559 atiniarum,
1138 3492 1213 3560 quo
