2876 4712
660 285 889 350 ..303-

215 474 462 558 prehensum
491 475 614 555 est«.¹)
666 473 801 537 Δυνατδν
830 472 865 535 δὲ
895 474 944 536 καὶ
965 473 1083 558 ἑτέρως
1109 473 1204 558 αότῆν
1226 473 1328 555 όνομῖι·

218 601 271 639 σαι
301 577 348 638 καὶ
378 575 500 640 καλέσαι
531 575 664 659 »tum¹)
693 575 833 660 quibus
860 597 906 641 ex
932 573 1154 658 legibuw)
1198 576 1226 639 8.
1259 573 1358 638 Πολύ

218 680 280 742 λιῦν
302 677 339 742 δὲ
360 677 462 742 οόσιῒιν
483 683 546 743 τιῦν
561 680 619 744 ύπδ
635 678 689 743 τοῦ
703 679 871 764 pra6toros
888 679 1132 766 ἐπινενοημένων
1148 680 1328 764 διακοτοχὸιν

217 781 364 844 καὶκατὰ
390 782 475 853 τάξιν
501 782 722 864 συγκειμένων,
753 782 859 868 ἐπειδὴ
890 783 1053 865 συμβαίνει
1082 781 1115 843 ἐν
1141 783 1200 866 μιᾷ
1221 781 1327 866 ἑκάστη

219 882 386 970 διακατοχῆ
401 883 496 946 πολλὰ
515 883 587 947 ἐσθ’
611 885 664 947 ότε
687 885 805 949 ὑπεῖναι
829 886 982 969 πρόσωπα
1005 884 1112 948 ἀνίσου
1127 883 1265 966 βαθμοῦ,
1287 881 1329 944 ἵνα

183 986 260 1071 δμῆ
290 989 349 1048 τῶν
380 984 568 1056 οτοθύίότωα
597 989 628 1050 αί
657 989 780 1070 διγωγοῒ
806 988 851 1063 ελς
882 987 1050 1070 ὑπέρθεσιν
1085 985 1231 1067 ἄγωνται,
1267 985 1329 1047 ἀλλ’

219 1087 319 1177 ἔχοιεν
351 1088 379 1150 οί
407 1086 562 1152 δανεισταὶ
593 1089 663 1164 τούς
692 1089 883 1174 δυναμένους
910 1087 1158 1173 μεθοδεύεσθαι,
1190 1088 1329 1171 όπωςμὴ

216 1189 336 1276 ῥαδίως
350 1189 399 1254 ἐπὶ
418 1191 543 1277 νομῆνί)
567 1190 762 1275 πέμποιντοί)
786 1191 848 1255 τῶν
872 1195 925 1255 τοῦ
941 1191 1182 1278 τελευτήσαντος
1198 1192 1329 1275 πραγμά-

218 1315 282 1357 των
305 1291 356 1356 διδ
379 1297 435 1379 τῆς
459 1297 555 1380 νομῆς
576 1294 699 1369 ἑαυτοῖς
722 1296 756 1357 τδ
779 1295 947 1380 ἀμέριμνον
968 1297 1206 1380 περιποιοῦντες,
1228 1297 1329 1358 τούτου

215 1395 307 1482 χάριν
335 1395 352 1456 δ
383 1392 521 1477 ρταύίωτ
548 1393 621 1478 μιίκν
651 1395 783 1482 ἑκάστην
816 1395 1000 1482 διακατογῆν
1031 1399 1120 1484 ῥητῷ
1152 1397 1329 1482 περιέκλεισε

171 1507 202 1558 10
214 1498 341 1584 χρόνῳ,
369 1493 407 1558 οῦ
438 1495 695 1582 περιδραμόντος,
732 1502 794 1573 τοῖς
822 1497 896 1583 ἑξῆς
926 1498 1039 1579 γίνεται
1065 1501 1168 1589 χώρα.
1217 1485 1330 1562 Ἆνιοῦσι

219 1599 277 1682 μὲν
301 1597 355 1662 οῦν
380 1600 429 1662 καί
452 1602 587 1662 κατιοῦσι
616 1598 706 1663 τοῦτο
735 1599 792 1684 μὲν
800 1600 825 1684 ⁶)
850 1606 990 1683 φυσικοῖς
1018 1605 1107 1667 τοῦτο
1137 1601 1204 1682 δέλ)
1233 1601 1329 1676 θετοῐς

223 1701 362 1766 ἐνιαυτόν
385 1701 522 1765 δέδωκεν
545 1702 562 1763 ό
582 1699 723 1784 ρταὸλωτ
746 1703 788 1775 είς
811 1701 926 1789 αἴτησιν
949 1701 1134 1792 διακατοχῆς
1150 1687 1258 1790 πάσης,
1281 1706 1329 1788 ἁρ-

221 1803 379 1891 μοζούσης
402 1804 506 1877 αὐτοῖς
528 1804 562 1867 ἐκ
583 1803 769 1892 διαθῆκηςῆ
788 1804 826 1878 ἐξ
845 1805 1031 1885 ἀδιαθέτου·
1056 1808 1165 1872 τούτου
1186 1807 1221 1871 δέ
1240 1830 1328 1891 παρα·

225 1907 399 2006 δραμόντας
421 1911 475 1970 τοῦ
490 1908 618 1997 χρόνον,
642 1907 730 1984 ἐκτός
744 1913 800 1996 τῆς
818 1910 1016 1997 ἁρμοζούσης
1031 1910 1135 1986 αὐτοῖς
1150 1911 1326 1994 γενήσονται,
1407 1941 1408 1981 ι

175 2017 206 2069 15
226 2008 423 2098 διακατοχῆς·
446 2015 511 2086 τοῖς
532 2010 567 2074 δὲ
590 2013 704 2088 λοιποῖς
727 2017 798 2076 πᾶσι
823 2014 983 2096 συγγενέσι
998 2015 1047 2077 καὶ
1062 2013 1218 2088 ἐξωτικοῖς
1231 2012 1327 2074 ἑκατόν

222 2113 350 2198 ῆμερῶν
374 2115 452 2199 πρὸς
474 2115 594 2195 τοῦτοθ)
618 2114 737 2179 δέδωκε
761 2115 922 2202 διάστημα.
978 2118 1007 2181 9.
1041 2114 1099 2180 Καὶ
1121 2115 1176 2179 ἐάν
1200 2137 1241 2190 τις
1261 2113 1327 2177 εἴσω
1341 2121 1360 2170 ⁹-

221 2215 339 2308 τρύτων
370 2217 461 2297 τῶνθ)
492 2217 619 2302 ῆμεριῦν
646 2219 700 2304 τὴν
730 2218 881 2302 ἁρμοδίαν
904 2218 1066 2302 ἐπιγνῶναι
1084 2203 1252 2304 ῥαθυμῆση
1273 2215 1329 2278 δια·

226 2321 365 2407 κατοχὴν,
390 2318 418 2381 ελ
437 2319 494 2403 μέν
518 2342 597 2394 τινες
618 2319 681 2383 είεν
702 2324 757 2384 τοῦ
780 2319 876 2384 αὐτοῦ
896 2319 1035 2404 βαθμοῦ,
1061 2323 1096 2385 τὸ
1120 2324 1175 2383 τοῦ
1195 2320 1238 2406 μῆ
1258 2317 1329 2403 αλτίγ

223 2443 334 2496 σαντος
354 2423 454 2506 μέρος
476 2421 602 2499 ἐκείνοις
626 2424 802 2510 προσαύξει.
828 2425 854 2487 ελ
876 2427 910 2488 δὲ
932 2425 1042 2512 μηδείς
1061 2423 1095 2487 ἐκ
1112 2421 1165 2486 τοῦ
1182 2422 1272 2485 αὐτοῦ
1286 2423 1329 2504 ὁρ

171 2527 205 2579 20
224 2530 319 2609 μῦται
338 2525 479 2610 βαθμοῦ,
503 2527 531 2590 οἱ
553 2528 587 2590 ἐκ
609 2530 663 2591 τοῦ
678 2527 753 2614 ἑξῆς
774 2531 1041 2612 παραγενήσοντοι
1062 2523 1192 2611 βαθμοῦ
1215 2526 1258 2599 ὡς
1277 2523 1328 2586 ἀπὸ

224 2626 439 2722 εαοσθεείούοε
447 2630 499 2711 ¹⁰),
530 2631 643 2694 ὡσανεὶ
662 2629 745 2717 μηδὲ
765 2632 929 2713 γεγονότος
956 2629 1011 2694 τοῦ
1042 2625 1328 2714 προηγησαμένοοῑῑ)

223 2730 273 2792 καὶ
293 2731 336 2815 μῆ
359 2730 591 2816 αλιῆσαντος.1’)
635 2724 772 2818 Ἥρμοσέ
793 2755 845 2816 μοι
868 2733 1033 2819 διακατοχῆ
1056 2732 1104 2793 καὶ
1127 2727 1193 2792 ἔδει
1211 2751 1251 2814 με
1273 2725 1329 2788 ταύ

225 2855 279 2918 την
302 2831 422 2919 αλτῆσαι
444 2832 516 2898 εἴσω
539 2833 691 2913 ἐνιαυτιιῦ,
715 2835 747 2896 έν
770 2831 800 2922 ᾧ
823 2833 989 2922 ἐτύγχανον
1009 2833 1070 2897 τιῦν
1086 2833 1233 2897 ἀνιόντων
1248 2829 1266 2916 ῆ
1280 2835 1330 2892 τῶν

226 2933 402 3014 κατιόντων,
424 2934 444 3021 ῆ
467 2935 539 3000 εἴσω
560 2963 583 3024 ρ
604 2939 741 3024 ῆμεριῦν,
765 2937 799 3000 ἐν
822 2935 851 3022 ᾧ
874 2935 982 3023 ἕτερός
998 2957 1041 3010 τις
1057 2936 1212 3023 ὑπῆρχον·
1228 2941 1332 3014 'crepa

112 3049 116 3058 “
171 3050 204 3102 25
224 3035 373 3100 diateusa
395 3036 534 3126 ramb
552 3041 588 3103 ού
617 3039 746 3123 λέγομεν
772 3039 851 3115 ὥςτε
877 3043 992 3126 χρῆναι
1023 3037 1195 3122 περιμένειν
1224 3035 1282 3111 ἕως
1301 3031 1331 3097 οῦ

223 3138 410 3226 πορέλθηη)
436 3135 672 3228 ιδ’λειπόμενον
695 3147 749 3206 τοῦ
768 3143 889 3232 χρόνου
913 3141 946 3204 ἐν
969 3144 1013 3228 τῷ
1035 3141 1168 3226 ἐνιαυτῷ
1191 3139 1209 3226 ῆ
1232 3139 1331 3210 ἐντοῖς

220 3233 412 3329 μῆμέραις,
445 3243 492 3306 ἵνα
515 3247 584 3310 τότε
605 3248 701 3336 χώρα
727 3245 849 3333 γένηται
872 3250 934 3320 τοῖς
957 3244 1046 3330 ἑξῆς,
1075 3241 1145 3306 ἀλλ’
1176 3241 1290 3313 εὐθέως
1308 3239 1331 3302 ολ

224 3343 278 3409 τοῦ
300 3345 458 3429 ἑπομένου
478 3346 609 3433 βαθμοῦ
631 3348 651 3435 ῆ
673 3350 701 3413 οί
726 3353 783 3437 τῆς
812 3347 965 3434 ἑπομένης
995 3347 1114 3420 τάξεως
1144 3343 1332 3432 κληθήσονται

224 3450 272 3513 ἐπὶ
296 3451 349 3536 τῆν
372 3449 605 3540 διακατοχῆνδί)
645 3453 691 3517 10.
715 3449 748 3516 Ὁ
763 3453 881 3541 χρόνος
902 3452 964 3533 6¹⁵)
987 3447 1049 3513 τιῦν
1071 3448 1260 3534 διακατοχιῦν
1279 3443 1368 3512 uti-10.

300 3669 321 3733 ¹)
336 3683 412 3719 τουπ.
431 3663 539 3725 ολςτισιν
559 3661 601 3715 ἵνα
621 3663 692 3734 δοθῇ
712 3664 784 3733 νόμῳ
801 3665 818 3733 ἢ
840 3663 990 3732 συγκλήτου
1008 3662 1173 3725 θεσπίσματι
1191 3661 1208 3728 ἢ
1224 3653 1331 3714 διατάξει

229 3752 359 3826 βασιλικῇ
377 3751 597 3822 προηγγελμένον
615 3749 696 3804 ἐστίν.
715 3749 757 3803 αδ.
774 3747 814 3802 vi.
832 3747 863 3802 R.
942 3747 966 3813 1)
985 3747 1034 3816 τὴν
1054 3744 1094 3800 vi.
1113 3745 1145 3800 R.
1224 3744 1246 3810 ⁸)
1261 3741 1330 3812 ῆγουν

230 3835 270 3898 νίς
288 3855 358 3890 τισιν
378 3837 408 3890 ἐκ
427 3836 510 3899 νόμον
534 3835 578 3890 Ιθ.
597 3834 639 3888 vi.
657 3833 689 3888 R.
799 3835 823 3899 ⁴)
840 3835 907 3901 -ῆς
923 3831 961 3884 Μ.
980 3829 1024 3885 Ll.
1041 3830 1085 3884 122.
1197 3831 1330 3896 1)-ονται

230 3921 271 3978 vi.
291 3921 323 3976 G.
431 3922 455 3987 6)
480 3918 528 3974 νῦν
552 3919 588 3974 ad
609 3918 652 3974 11².
772 3914 1044 3983 ⁷)1a2ins.vi.R.
1165 3914 1187 3981 ⁸)
1210 3907 1328 3968 (Lm

230 4009 253 4078 ⁹)
272 4009 330 4060 τῶν
348 4006 443 4059 έκατδν
463 4005 566 4058 τούτων
584 4003 626 4058 Vi.
643 4002 674 4056 R„
744 4003 779 4069 ¹⁰)
800 3999 861 4071 ῆτοι
879 4001 932 4054 ἀπὸ
950 3999 1075 4070 διαδοχῆς
1092 3998 1136 4052 [θ.
1205 4000 1238 4065 11)
1249 3993 1329 4064 mi.

227 4091 462 4164 13)οίον1δ.αδ.
532 4091 566 4157 11)
586 4090 701 4146 Μαοε).
721 4090 805 4140 -δνυ
875 4085 1026 4156 11)διοδοχ.
1045 4084 1090 4140 [θ.
1161 4085 1197 4150 11)
1214 4082 1238 4138 (λ.
1257 4077 1329 4136 m
