2936 4704
532 372 764 436 -161—

78 577 105 630 1³.
115 557 151 622 13.
177 555 282 623 Potest
303 562 410 624 autem
433 563 565 624 testator
588 557 681 640 plura
703 559 812 626 eudem
839 559 980 643 exemplo
1009 561 1145 630 seribere
1167 567 1214 628 te-

116 682 258 755 stamenta,
280 677 325 742 ite
346 681 453 745 tamen
474 681 510 742 ut
531 675 692 760 singulum
713 677 860 761 quodque
881 679 1050 744 secundum
1073 679 1214 762 optinen-

113 797 207 860 teuin
230 797 428 862 testamentis
450 795 702 863 obseruationem
723 795 913 863 conficiatur.
937 797 1093 864 interdum
1108 805 1213 866 autem

117 915 305 981 necessarium
335 921 384 981 est
410 915 502 997 plura
531 920 788 982 testamentorum
819 916 1007 998 exemplaria
1034 913 1111 984 lieri.
1159 917 1215 984 uli·

114 1035 217 1112 quando
240 1034 321 1099 enim
343 1035 414 1118 quis
436 1034 642 1116 nauigaturns
664 1053 770 1101 aecum
793 1039 1015 1102 testamentum
1037 1035 1108 1102 uult
1122 1035 1214 1116 terre,
1248 1035 1266 1088 ὓ

112 1152 285 1236 alterumque
308 1153 391 1219 dumi
409 1153 587 1237 relinquere
602 1155 643 1220 ad
657 1154 842 1222 iudiciorum
865 1173 992 1220 suorum
1015 1155 1215 1222 contestatio-

113 1289 174 1337 nem.
219 1277 250 1339 et
270 1278 400 1355 propter
421 1273 499 1338 alias
522 1273 697 1354 complures
724 1291 853 1351 causas,
879 1290 961 1355 quae
989 1273 1135 1340 humanis
1164 1292 1215 1342 ne

111 1391 288 1458 cessitatibus
303 1391 476 1472 imminent,
492 1393 701 1458 necessarium
715 1392 749 1458 id
768 1391 821 1473 fit3
842 1390 1000 1459 interdum
1016 1392 1099 1459 enim
1114 1410 1216 1460 exem·

113 1510 167 1592 plur
187 1531 280 1577 nnnm
301 1512 385 1578 lurto
401 1511 560 1592 abripitur
573 1513 625 1577 uel
641 1511 696 1592 qui
710 1510 744 1576 in
759 1512 935 1593 depositum
949 1511 1071 1593 accepit
1085 1531 1215 1596 peregre

79 1629 158 1708 rpinit
176 1649 231 1696 nee
252 1632 351 1712 liquet
374 1633 428 1698 ubi
451 1632 554 1714 degat.
595 1633 644 1695 14.
676 1629 763 1697 Haec
785 1630 889 1697 omnia
912 1631 950 1696 de
973 1629 1097 1713 seriptis
1120 1635 1215 1698 testa-
1234 1635 1269 1688 10

117 1750 213 1814 mentis
235 1749 417 1833 intellegere
440 1755 581 1836 oportet;
604 1750 632 1814 si
653 1749 724 1834 quis
745 1755 850 1816 antem
872 1749 940 1816 sine
967 1750 1092 1835 seriptis
1119 1755 1216 1816 testa-

114 1875 232 1934 mentum
247 1870 394 1936 ordinare
410 1869 546 1936 uoluerit
569 1869 651 1953 (iure
665 1887 776 1950 nempe
791 1867 893 1947 ciuili3
914 1875 1041 1952 praetor
1062 1869 1143 1934 enim
1167 1875 1215 1934 nt·

118 1995 177 2068 pote
195 1989 247 2070 qui
268 1989 361 2072 signa
382 2008 505 2073 semper
526 1989 666 2070 requirat
687 1991 753 2056 sine
775 1989 900 2071 seriptis
916 1994 1138 2056 testamentum
1153 2005 1214 2054 nun

116 2108 258 2191 admittit),
281 2112 309 2176 si
332 2110 551 2192 praesentibus
577 2115 696 2192 septem
725 2109 858 2175 testibus
887 2108 1045 2190 propriam
1073 2105 1217 2172 nolunta-

117 2233 167 2294 tem
187 2247 287 2297 coram
311 2232 357 2296 eis
380 2229 624 2312 nuncupauerit,
650 2228 823 2312 perfeetum
852 2227 1054 2311 umidumque
1082 2245 1120 2292 ex
1147 2225 1216 2290 iure
1235 2238 1268 2289 15

118 2347 183 2412 ciuili
203 2347 355 2416 eiusmodi
377 2353 600 2415 testamentum
622 2348 692 2415 erit

324 2961 372 3026 De
395 2959 521 3026 militari
544 2965 740 3026 testamento.
784 2959 907 3026 Titulus
932 2961 981 3024 ll.

182 3145 332 3230 Superius
365 3145 586 3230 proposuimus
619 3146 774 3228 quomodo
811 3149 1000 3211 testamenta
1037 3145 1102 3212 sint
1133 3147 1216 3212 ordi·

116 3267 211 3330 nanda
256 3273 306 3332 set
328 3271 419 3332 touta
445 3263 498 3330 illa
528 3265 707 3331 obseruatio
733 3263 917 3348 suptilitatis
945 3264 1038 3346 plena
1061 3263 1095 3330 iu
1122 3281 1217 3346 paga·

117 3401 206 3451 nurum
227 3387 424 3452 testamentis
447 3385 623 3464 adhibetur,
645 3383 679 3448 in
700 3383 888 3449 militaribus
914 3390 1019 3449 autem
1049 3389 1217 3450 testamen·

116 3501 148 3566 tia
166 3507 258 3571 omnis
281 3507 359 3574 baec
382 3505 463 3571 ratio
492 3512 541 3570 est
568 3505 707 3569 remissa.
757 3505 941 3586 permissum
969 3508 1018 3568 est
1045 3501 1126 3568 enim
1156 3502 1216 3568 illis
1233 3511 1269 3564 ao

118 3637 148 3685 er
166 3625 432 3691 constitutionibus
452 3631 580 3708 propter
601 3622 679 3688 iuris
706 3621 893 3703 imperitiam
920 3621 999 3686 citra
1027 3620 1215 3688 sollemnita-

121 3745 171 3803 tem
190 3747 302 3808 testari.
330 3745 436 3826 itaque
452 3743 478 3808 si
502 3743 552 3808 uel
575 3761 636 3808 uno
659 3747 739 3808 teate
761 3746 925 3823 praesente
947 3740 1054 3806 testati
1069 3741 1142 3818 sint,
1166 3739 1217 3807 uel

121 3858 141 3921 si
159 3859 273 3928 heredis
296 3882 406 3929 nomen
435 3864 562 3945 propria
588 3881 682 3928 manu
710 3879 771 3929 non
798 3862 995 3944 scripserint,
1025 3878 1135 3928 eornm
1162 3877 1217 3926 nn-
