2932 4704
677 359 887 424 -93..

276 681 345 780 ¹De
367 681 523 764 suspectis
544 679 705 782 tutoribus
728 685 761 746 st
783 679 994 746 curatoribus.
1005 681 1030 762 ¹)
1074 677 1197 744 fitulus
1219 679 1271 743 26.

320 869 468 946 Ελπύντες
515 870 552 933 τὰ
591 871 660 953 περί
699 873 763 934 τῶν
802 867 1037 934 εκαυεπέἰύηωιι
1080 866 1215 952 εἴπωμεν
1259 867 1352 949 καῖ’)

225 975 294 1057 περὶ
339 975 393 1058 τῆς
432 971 620 1058 κατηγορίας
661 976 721 1035 τῶν
760 970 940 1053 ευερὸολωη
980 970 1154 1056 ἐπιτρόπων
1195 974 1244 1036 καί
1281 995 1355 1035 κου-

221 1074 387 1160 ρατύρων·
411 1073 523 1161 ταύτην
547 1073 583 1138 δὲ
605 1075 659 1161 τὴν
681 1075 866 1161 κατηγορίαν
896 1075 912 1138 b
941 1073 1177 1148 δωδεκάθελτος
1200 1072 1356 1160 ἐπενόησε

225 1177 327 1262 νύμος.
374 1181 403 1241 1.
437 1177 494 1242 Καί
518 1179 722 1263 σκοτησωμεν
747 1176 825 1251 τίνες
848 1177 1023 1262 ἀκροῶνται
1045 1179 1100 1263 τῆς
1131 1175 1275 1261 τοιαύτης
1295 1198 1356 1238 κα·
1377 1180 1399 1229 l.

188 1280 371 1366 υτηγορίας
394 1281 443 1344 καὶ
463 1279 544 1355 τίνες
571 1281 615 1354 ώς
645 1279 774 1343 ὕποπτοι
800 1278 1001 1362 ἐκβάλλοντα
1028 1281 1077 1342 καί
1106 1279 1186 1355 τίνες
1212 1282 1275 1342 τών
1297 1297 1358 1343 su·

222 1380 362 1465 spsctsn
384 1385 566 1470 κατηγορεῖν
593 1381 750 1447 δύνανται.
801 1385 1046 1468 κατηγοροῦνται
1073 1382 1102 1444 οῖ
1127 1379 1286 1464 sfispoctoi
1315 1377 1359 1442 ἐν

221 1483 279 1568 μὲν
300 1487 339 1570 τῇ
359 1482 467 1571 Ῥώμη
490 1484 577 1569 παρὰ
599 1487 644 1569 τῷ
666 1483 822 1567 ρταέίοτὶ,
854 1483 891 1548 ἐν
920 1483 955 1548 δὲ
978 1487 1043 1559 τσῖς
1073 1483 1235 1571 ἐπαρχίαις
1263 1484 1360 1566 παρὰ

224 1589 287 1660 τοῖς
315 1584 463 1674 άργουσιν
492 1583 594 1648 ἔτιδὲ
617 1587 664 1649 καῖ
692 1587 777 1669 παρὰ
807 1588 853 1670 τῷ
882 1585 1037 1671 λεγάτῳί)
1065 1587 1121 1648 τοῦ
1156 1584 1358 1652 ἀνθυπάτου.

223 1689 253 1752 2.
289 1685 433 1762 Ελπύντες
468 1687 540 1764 τούς
572 1688 730 1774 ἀκροατὰς
763 1687 897 1772 εἴπωμεν
905 1687 931 1771 ⁴)
967 1690 1039 1774 περί
1067 1691 1129 1750 τών
1158 1687 1401 1771 summust

174 1799 206 1849 10
225 1786 338 1852 εἰδέναι
360 1791 422 1875 χρὴ
453 1789 499 1852 ὅτι
525 1791 639 1865 πάντες
672 1791 701 1852 οῖ
729 1787 887 1874 ἐπίτροποι
917 1788 978 1854 εἴτε
1008 1789 1066 1853 είσῖ
1093 1788 1359 1856 λθελυωυπίύτίοἱ

224 1889 285 1953 εἴτε
307 1890 418 1975 ἑτέρου
441 1891 551 1972 γένους
580 1890 690 1976 ὀρθῶς
717 1894 969 1976 κατηγοροῦνται.
1020 1889 1096 1956 ὅθεν
1126 1892 1175 1956 καὶ
1201 1894 1219 1955 ὁ
1244 1891 1359 1975 logiti-

223 2009 292 2057 mos
315 1993 391 2073 ὡς’)
418 1993 582 2075 suspectos
604 1995 809 2056 άποκινεῖται·
832 1993 859 2056 ελ
882 1993 919 2056 θέ
941 1993 1022 2076 καῖ’)
1050 1995 1177 2079 πάτρων
1207 1992 1283 2068 ἐστὶ,
1317 2001 1361 2056 τὸ

223 2093 299 2158 αὐτὸ
332 2096 475 2178 ἐροῦμεν.
527 2093 616 2160 τοῦτο
647 2095 752 2177 μέντοι
780 2093 894 2158 ελθέναι
918 2099 1000 2183 γρη,
1030 2097 1077 2159 ὅτι
1103 2095 1154 2158 δεῖ
1181 2093 1362 2181 φείδεσθαι

224 2201 279 2282 τῆς
306 2195 360 2261 τοῦ
389 2199 544 2283 πάτρονος
570 2197 734 2282 ἐπιτιμίας,
763 2198 791 2262 εί
820 2201 869 2262 καλ
897 2201 941 2274 ώς
971 2197 1136 2282 ssspoctos
1164 2196 1362 2284 άποκινηθῇ·

175 2325 205 2374 15
224 2299 258 2359 τίν
285 2299 346 2382 γίῳ
376 2303 431 2384 τῆς
460 2299 598 2381 ὑποψίας
626 2298 824 2386 δικαστήριον
874 2301 1052 2384 άτιμύποιύν
1082 2299 1175 2366 ἐστιν.
1220 2299 1249 2364 3.
1283 2295 1361 2363 Νῦν
1379 2321 1405 2372 3,

223 2399 395 2464 ἀκόλουθόν
417 2400 500 2466 ἐστιν
523 2403 616 2464 εἰπεῖν
640 2403 718 2475 τίνες
745 2406 806 2464 τῶν
835 2400 1017 2486 susp6ctwn
1045 2403 1192 2467 δύνανται
1217 2423 1362 2486 κατηγο-

221 2505 299 2585 ρεῖν.
324 2503 373 2566 καί
394 2503 446 2566 θεῖ
463 2503 578 2566 ελθέναι
600 2505 654 2591 την
678 2503 819 2592 τοιαύτην
843 2507 1029 2592 κατηγορίαν
1051 2503 1130 2569 εἶναι
1152 2502 1359 2585 psiblioan‚²)

224 2604 359 2668 τουτέστι
381 2609 469 2669 πᾶσιν
491 2603 672 2691 ἀνθρώποις
694 2605 920 2692 ἐπιτετράφθαι
941 2609 976 2670 τὸ
998 2609 1118 2670 τοιοῦτο
1140 2609 1231 2669 κινεῖν
1261 2606 1360 2669 δικα-

224 2704 359 2793 στήριον.
381 2707 418 2769 τὸ
440 2707 532 2772 πλέον
554 2709 633 2793 φημί
654 2709 701 2772 ύτι
723 2709 772 2772 καί
794 2711 934 2788 γυναῖκες
954 2707 1241 2796 προςθεγθὴσονται
1263 2711 1357 2791 πρὸς

172 2832 206 2882 20
224 2807 278 2894 τὴν
312 2807 453 2893 τοιαύτην
486 2811 687 2897 κατηγορίαν,
724 2809 898 2885 διατάξεως
926 2809 1077 2899 Σεβηρου
1105 2811 1156 2876 καὶ
1182 2809 1362 2876 Ἀντονίνου

224 2915 287 2974 τῶν
309 2909 478 2973 θειοτάτων
502 2912 737 2998 ἐπιτρεπούσης,
753 2912 825 2976 ἀλλ’
848 2911 962 2977 ἐκείνω
974 2914 1077 2995 μύναι,
1099 2915 1168 2976 θσαι
1191 2915 1246 2999 τῆς
1260 2910 1361 2976 εύσε·

222 3012 317 3095 βείας
344 3013 463 3100 ἀνάγκη
487 3013 673 3091 πεισθεῖσαι,
697 3013 855 3102 προῆλθον
880 3016 925 3092 είς
948 3017 1049 3095 τοῦτο,
1071 3013 1136 3076 οἷον
1150 3015 1253 3101 μήτηρ
1275 3036 1360 3096 τρο·

224 3116 285 3200 φὸς
305 3117 432 3202 μάμμη·
455 3114 491 3180 ού
513 3116 696 3198 κωλύεταιῧ)
725 3116 800 3180 ου’θέ
822 3116 955 3204 άθελφη.
999 3116 1028 3178 ελ
1049 3115 1086 3178 δὲ
1107 3114 1159 3178 καί
1187 3136 1229 3190 τις
1251 3115 1360 3199 ἑτέρα

223 3219 308 3304 γυνη,
332 3217 370 3305 ἧς
392 3218 409 3279 ὁ
431 3216 571 3300 prastwr
594 3220 657 3304 ύρᾷ
679 3219 733 3305 τὴν
756 3219 882 3306 γνώμην
902 3218 1067 3303 ῥέπουσαν
1082 3216 1126 3291 ελς
1144 3219 1177 3279 τὸ
1195 3213 1358 3298 εὐσεβεῖν,

172 3340 205 3391 25
224 3319 260 3382 οὐ
280 3319 342 3404 μὴν
365 3315 626 3408 ἀναισχυντούσαν
656 3317 731 3382 οὐδὲ
759 3319 812 3405 την
842 3323 897 3404 τῆς
927 3319 1057 3404 φύσεως
1084 3319 1226 3392 ἐξιοῦσαν
1256 3317 1358 3401 αλδῶ,

223 3421 293 3481 ἀλλ’
322 3419 380 3483 ὑπὸ
410 3425 464 3507 τῆς
492 3420 655 3504 εὐσεβείας
688 3422 855 3509 ἑλκομένην
890 3423 927 3486 ου’
966 3419 1120 3487 δύνασθαι
1147 3419 1281 3508 κατέχειν
1314 3421 1357 3486 ἐν

222 3520 320 3605 ἑαυτῇ
339 3522 395 3606 την
418 3522 494 3584 κατὰ
515 3526 578 3585 τῶν
600 3522 730 3609 άνηβων
753 3523 913 3611 γινομένην
943 3524 1077 3600 ἀδικίαν,
1102 3521 1308 3605 προςδέξετπι
1316 3523 1347 3605 ⁹)

228 3691 427 3702 ——-

293 3795 315 3860 1)
334 3791 398 3860 περί
416 3791 540 3845 ὑπόπτων
558 3791 711 3860 ἐπαράτων
730 3794 773 3844 καί
791 3794 966 3862 κουρατόρισν
985 3791 1048 3847 add.
1065 3792 1134 3847 libri.
1190 3791 1214 3859 ¹)
1232 3793 1266 3844 τά
1283 3792 1357 3849 uid.

223 3877 266 3930 vi.
283 3875 317 3932 Β.
408 3878 432 3944 ⁸)
450 3877 533 3948 ἤγουν
552 3881 592 3947 τῷ
610 3876 639 3928 ἐκ
657 3877 804 3946 προσώπου
822 3877 863 3932 vi.
882 3876 914 3931 R.
933 3892 993 3932 oum
1012 3875 1072 3932 edd.
1090 3882 1143 3931 unt.
1165 3876 1196 3930 F.
1211 3876 1259 3947 “τῇ
1276 3875 1356 3947 αἰτίᾳ

223 3963 273 4014 τοῦ
291 3961 414 4014 θανάτου
432 3964 480 4014 τοῦ
497 3960 701 4031 τοπορητῖρος’
720 3960 771 4014 Ιιῖ.
898 3963 922 4030 ⁴)
939 3961 983 4013 καί
1002 3961 1062 4016 add.
1081 3961 1112 4015 F.
1129 3959 1162 4016 R
1293 3963 1320 4024 ⁵)
1339 3965 1357 4016 ά

223 4046 254 4100 Ρ.
341 4045 408 4115 ⁶)d.
426 4046 455 4099 P.
542 4046 565 4112 ⁷)
583 4046 716 4114 publicam
736 4045 768 4099 F.
785 4047 916 4115 δημοσίαν
936 4044 977 4100 vi.
996 4046 1028 4102 R.
1106 4045 1129 4115 8)
1148 4046 1182 4098 αὖ
1200 4046 1356 4101 κεκώλυται

223 4131 255 4184 δέ
271 4131 315 4186 Vi.
333 4131 366 4185 R.
468 4133 492 4199 ⁹)
509 4133 655 4204 -δέγιται
675 4130 766 4185 F¹.R
