2920 4750
539 390 578 397 --
626 355 687 417 471
738 389 777 397 -

106 528 187 591 modi
211 529 426 612 exceptionem
450 531 686 612 contempserit,
715 529 760 593 ita
788 548 892 593 secum
922 528 1081 610 cogitans:
1108 527 1216 591 »iudici

105 655 253 737 obrepam
276 661 307 718 et
331 675 438 736 agam:
464 655 514 718 uel
538 661 622 719 certe
647 655 673 718 si
695 655 838 737 exceptio
863 659 1048 736 opponatur,
1074 661 1137 715 tum
1161 673 1216 735 per

104 784 216 842 memet
239 779 306 860 ipsc
331 799 424 860 agam
449 785 480 844 et
503 779 640 843 delutum
663 798 850 861 persequar«
875 798 945 842 sese
974 777 1098 861 decipit.
1144 798 1216 840 nam

103 903 127 966 si
152 909 263 985 postca
287 904 401 985 egerit,
435 903 694 987 peremptoria
722 903 777 966 rei
811 903 1002 967 iudicatae
1031 902 1216 984 exceptione

102 1028 313 1092 remouebitur
340 1037 469 1112 propter
496 1029 558 1092 iam
586 1029 719 1092 relatam
748 1029 824 1092 iuris
852 1028 1008 1109 regulam:
1038 1027 1216 1091 dilatoriam
1255 1039 1269 1088 5

101 1153 328 1236 exceptionem,
354 1175 436 1235 quae
457 1154 602 1238 opposita
627 1160 674 1219 est
698 1161 791 1235 atque
809 1154 950 1237 optinuit,
974 1152 1215 1236 peremptoriam

101 1277 231 1359 gignere
255 1279 481 1361 exceptionem.
518 1278 574 1343 sed
592 1280 670 1344 haec
686 1279 725 1344 dc
742 1279 873 1343 infamia
890 1279 963 1344 olim
983 1278 1214 1358 tractabantur;

100 1401 194 1466 hodie
225 1410 344 1483 autem,
381 1423 450 1467 oum
485 1405 517 1468 in
552 1404 675 1468 iudiciis
710 1425 771 1468 non
805 1403 1055 1484 frequententur,
1089 1409 1217 1486 propter

98 1527 336 1591 desuetudinem
370 1529 409 1592 de
437 1528 568 1594 infautia
595 1549 634 1594 nc
667 1529 794 1593 tractari
827 1529 952 1610 quidem
981 1533 1098 1610 potest,
1134 1547 1216 1608 qnao

98 1659 336 1733 procuratorum
361 1675 458 1717 eausa
487 1655 629 1718 obicitur.
677 1654 846 1718 absurdum
875 1653 967 1734 enim,
996 1673 1066 1716 enm
1095 1652 1147 1732 qui
1177 1651 1215 1714 de
1238 1663 1269 1712 10

98 1796 257 1861 personae
270 1777 420 1859 qualitate
434 1779 602 1860 contendit,
615 1779 713 1864 ipsius
726 1778 845 1862 negotii
858 1779 1068 1864 cognitionem
1082 1775 1215 1841 differre.

367 2459 416 2524 De
438 2458 705 2543 replicationibus.
750 2458 874 2523 'litulns
900 2463 949 2525 14.

187 2617 275 2682 Sicut
291 2618 477 2693 actionibuS,
501 2639 582 2699 quae
599 2619 665 2683 iure
683 2617 806 2700 quidem
823 2620 940 2700 ualent,
957 2619 1093 2683 naturali
1110 2625 1215 2684 autem

88 2743 252 2824 aequitati
275 2745 452 2807 contrariae
477 2750 562 2825 sunt,
587 2745 787 2828 exceptiones
812 2752 1022 2828 opponuntur,
1051 2745 1096 2809 ita
1119 2745 1212 2809 etiam

88 2868 347 2952 exceptionibus,
373 2889 453 2949 quae
478 2869 585 2934 stricto
601 2869 668 2934 inre
685 2871 801 2951 ualent,
825 2878 939 2934 natura
962 2877 1066 2935 antem
1087 2871 1214 2952 iniquae

88 2993 260 3073 uidentur,
294 2993 443 3076 allegatio
480 2995 634 3074 quaedam
664 2995 704 3058 ab
735 2997 892 3060 actoribus
921 2997 1103 3080 opponitur,
1133 3002 1266 3077 quaele

85 3117 303 3201 replicatio
328 3119 448 3183 dicitur.
487 3119 559 3183 inde
584 3127 687 3184 autem
712 3141 824 3184 nomen
841 3121 943 3201 sumit,
968 3121 1041 3201 qnia
1064 3141 1121 3204 per
1144 3142 1212 3185 eam

84 3243 309 3326 replicatur
333 3251 368 3307 et
390 3245 597 3308 resoluitur
613 3244 661 3308 ius
682 3246 889 3329 exceptionis;
915 3246 1016 3329 plico
1033 3248 1114 3310 enim
1130 3246 1211 3309 idem

85 3375 139 3431 est
168 3389 209 3436 ao
233 3367 350 3450 πλέκω,
375 3369 519 3451 replico
543 3369 626 3440 idem
650 3376 744 3452 atque
767 3368 940 3440 cirraula'au
958 3377 988 3439 ct
1004 3367 1142 3432 α’ναλίω.
1181 3369 1212 3436 id
