2898 4712
520 365 557 377 -
604 327 751 390 236-

80 523 159 594 snnt,
181 519 229 582 ita
249 524 286 582 at
300 517 458 582 hereditas
472 515 561 582 XXV
577 516 680 582 aureis
695 514 900 592 decresceret,
915 517 1012 597 atque
1026 515 1066 579 ad
1081 513 1195 580 LXXV

80 636 253 714 reducetur,
276 637 448 702 autetiam
471 635 619 702 adLXX
648 635 874 700 tantummodo.
918 635 1009 700 heres
1039 632 1067 699 si
1093 633 1195 706 adeat,

79 754 198 836 cogitur
226 755 351 838 integra
380 755 485 838 legata
512 756 652 834 soluere;
685 753 846 822 testatoris
875 757 955 822 enim
982 757 1093 821 mortis
1119 763 1196 820 tem

79 894 148 955 pore
174 881 281 957 utpote
303 875 357 957 qui
380 893 418 939 ex
445 875 512 939 eius
544 875 705 940 uoluntate
735 875 941 957 quadrantem
968 875 1113 954 haberet,
1141 873 1196 940 fal·

80 993 155 1058 cidia
178 1013 239 1058 non
264 993 433 1074 indigebat
477 995 584 1076 itaque
607 995 757 1060 eiusmodi
781 1013 856 1060 casu
878 1003 934 1061 aut
955 993 1031 1059 nihil
1055 996 1194 1062 lucratur
1228 987 1246 1045 ὗ
1347 1061 1350 1068 ,

81 1119 127 1177 aut
150 1114 246 1178 etiam
269 1115 414 1178 damnum
437 1114 547 1194 sentit3
570 1131 672 1195 neque
694 1133 764 1178 eum
787 1114 928 1195 grauiter
950 1113 1033 1180 ferre
1055 1119 1193 1193 oportet:

81 1231 187 1297 licebat
215 1234 296 1298 cuim
323 1233 352 1300 ei
379 1233 438 1298 hoc
467 1234 569 1298 uitare
601 1234 828 1299 incommodum
862 1253 921 1299 uon
951 1233 1092 1299 adeunti:
1132 1250 1194 1313 quo
1272 1223 1273 1228 ’

82 1351 188 1418 lactum
213 1361 297 1418 esset
317 1360 352 1418 ut
374 1355 517 1435 legatarii
538 1355 635 1436 probe
657 1357 801 1432 scientes,
824 1354 876 1419 illo
899 1355 1093 1435 repudiante,
1116 1353 1194 1418 nihil

82 1491 140 1536 sese
163 1491 203 1538 ex
225 1473 336 1552 legatis
359 1480 590 1549 consecuturae,
615 1479 739 1556 pactum
762 1475 878 1538 inirent
900 1493 969 1538 curn
986 1474 1108 1546 herede,
1124 1492 1195 1538 sese

82 1599 161 1672 perte
189 1592 404 1657 tautummodo
437 1594 615 1658 relictorum
641 1594 814 1674 legatorum
844 1593 909 1658 iore
937 1577 1109 1659 contentos.
1162 1598 1194 1658 ut
1214 1603 1246 1656 10

83 1711 154 1792 quod
177 1711 304 1777 falcidia
326 1731 386 1778 non
410 1713 582 1787 tribuisset,
604 1713 636 1777 id
659 1709 788 1778 artificio
804 1712 895 1778 heres
911 1714 1106 1794 optinuisset,
1122 1729 1191 1777 cum

53 1847 110 1898 ase
130 1832 367 1912 repudiaturum
396 1833 522 1898 diceret.
567 1833 595 1898 3.
632 1830 788 1899 Bonorum
818 1835 977 1914 quantitas
1004 1835 1050 1898 ita
1072 1839 1192 1915 specta-

84 1959 135 2014 tur.
185 1951 353 2017 deducitur
378 1951 460 2017 enim
490 1972 543 2017 aes
565 1951 701 2018 alienum
725 1952 896 2026 testatoris,
917 1951 1034 2018 funeris
1057 1971 1192 2034 expensa

83 2078 167 2149 atque
188 2072 289 2152 pretia
311 2071 575 2136 manumissorum
589 2089 768 2137 seruorum:
792 2070 905 2136 deinde
919 2079 1081 2152 spectatur
1095 2090 1190 2154 quan-

85 2196 141 2254 tum
162 2191 273 2272 reliqui
302 2193 437 2274 supersit
466 2193 511 2274 (id
542 2193 621 2256 enim
652 2210 764 2274 purum
793 2192 1015 2272 patrimonium
1041 2190 1192 2272 intellegi·
1212 2193 1243 2243 ¹⁵

86 2311 150 2391 tur),
172 2319 265 2392 atque
287 2313 355 2377 eius
378 2313 537 2392 quadrans
567 2311 730 2377 retinetur.
782 2318 818 2378 ut
847 2330 931 2377 ecce:
959 2312 1095 2377 decessit
1124 2313 1191 2392 qui·

85 2430 156 2508 dam,
177 2434 230 2513 qui
253 2429 365 2496 DCCC
394 2450 561 2497 aureorum
591 2430 812 2513 patrimonium
840 2430 984 2497 haberet:
1015 2429 1120 2496 CCCC
1149 2432 1192 2495 le-

85 2551 176 2627 gauit:
203 2551 409 2616 creditoribus
424 2549 475 2617 CC
491 2552 638 2618 debebat:
662 2549 714 2616 CL
737 2552 914 2617 aestimatio
937 2560 1006 2616 erat
1027 2569 1192 2616 seruorum

85 2672 344 2735 manumissorum:
368 2669 394 2735 L
415 2673 445 2735 in
463 2674 530 2736 eius
552 2671 646 2736 danus
668 2679 743 2737 sunt
764 2674 901 2754 erogati3
924 2678 1094 2752 supersunt
1116 2688 1191 2751 ergo

88 2785 193 2862 CCCC,
216 2798 310 2872 atque
339 2799 374 2857 ut
396 2811 433 2857 er
456 2789 561 2857 CCCC
584 2791 609 2858 C
637 2798 711 2858 sunt
739 2791 908 2869 retinendi,
938 2809 999 2855 non
1028 2789 1121 2855 sicuti
1153 2809 1190 2855 ex
1209 2807 1243 2858 ao

89 2904 192 2985 DCCC,
214 2909 273 2976 CC.
318 2913 364 2976 ita
394 2912 529 2978 dodrans
558 2913 717 2992 legatariis
747 2912 891 2992 debitur;
920 2912 1096 2994 quadrans,
1120 2909 1139 2972 i.
1163 2929 1190 2972 e.

88 3029 165 3097 aurei
185 3027 223 3110 C,
248 3032 332 3114 apud
359 3030 505 3100 heredem
534 3032 718 3099 remanebit.
762 3050 834 3098 cum
862 3031 934 3115 quis
956 3027 1060 3098 CCCC
1082 3048 1191 3094 aureo·
