2926 4708
529 333 761 398 -196-

67 517 155 592 sehim
183 523 411 583 testamentum
438 519 506 584 sine
519 548 523 554 ¹
536 517 631 586 dubio
659 519 777 585 nullum
807 525 865 585 eet
917 520 947 584 8.
981 520 1099 586 Eedem
1129 539 1201 588 eon·

93 635 243 701 stitutione
266 637 341 702 illud
365 653 491 718 quoque
513 644 654 716 conetur,
678 657 718 704 ne
740 639 891 704 eiusmodi
913 639 1071 704 institutio
1086 640 1200 715 uolent,

91 775 137 838 que
165 755 314 822 heredem
343 754 413 838 quis
443 755 610 822 Gaesarem
637 757 801 837 instituet,
829 775 900 824 eum
930 755 1017 823 litem
1046 759 1200 825 aduersus

90 875 231 958 quendem
258 875 382 942 hebetet.
431 893 533 956 neque
561 877 644 941 enim
671 877 776 944 ualida
803 877 983 943 huiusmodi
1012 883 1201 944 testamenta

90 1012 141 1061 ose
163 995 220 1074 eit,
243 1013 346 1076 neque
367 995 596 1063 institutionem
619 997 767 1079 principis
789 996 873 1063 nude
895 1016 972 1064 uoee
993 996 1107 1063 factem
1130 1015 1201 1064 sese
1235 997 1251 1048 ὃ

90 1114 285 1180 admissurum
301 1133 401 1197 neque
417 1134 455 1180 ex
470 1115 535 1181 ulle
549 1116 706 1195 scripture
721 1115 839 1197 eiiquid
854 1119 1055 1197 accepturum
1077 1133 1198 1198 expres·

90 1235 210 1310 sitnisi
232 1233 312 1298 iuris
333 1235 506 1300 auotoritas
529 1234 709 1317 plenissime
730 1235 869 1300 accedet„
921 1235 1093 1300 seeundum
1119 1236 1200 1301 hane

89 1353 329 1419 eonstitntionem
359 1353 424 1418 diui
447 1352 584 1420 Seuerus
614 1359 646 1419 et
675 1351 851 1419 Antoninus
880 1353 1005 1435 saepius
1035 1355 1200 1436 rescripse-

89 1477 165 1537 mut:
188 1471 262 1536 lieet
283 1473 367 1537 enim
388 1473 510 1554 tegibus
537 1472 631 1538 soluti
653 1490 778 1547 sumus,
806 1479 947 1538 ettamen
975 1471 1097 1554 legibus
1120 1473 1200 1538 uini-

89 1609 156 1656 mus.
203 1609 300 1673 quem
332 1609 441 1657 uocem
470 1592 549 1657 edeo
579 1591 717 1657 diuinum
747 1610 804 1656 nos
837 1591 1048 1674 magnifacere
1076 1599 1200 1673 oportet
1222 1599 1253 1648 1⁰

88 1729 119 1776 eo
139 1712 261 1795 saepius
282 1710 476 1793 praedicere.

281 2321 330 2388 De
351 2293 524 2388 inotfieioso
546 2327 744 2388 testamento.
789 2321 914 2387 Titulus
939 2321 989 2386 18.

164 2509 305 2574 Diximus
327 2511 472 2590 superius
494 2527 587 2592 posse
610 2517 757 2591 parentes
786 2507 818 2572 in
847 2509 1043 2574 testamentis
1066 2509 1200 2574 conden-

88 2628 131 2694 dis
150 2628 261 2695 liberos
288 2629 420 2695 heredes
449 2646 510 2694 non
544 2628 696 2706 seribere,
731 2633 780 2692 set
812 2627 981 2693 exheredes
1014 2627 1118 2692 faeere
1150 2626 1200 2692 uel

89 2749 256 2829 praeterire,
280 2748 469 2830 inquorum
491 2765 603 2828 nempe
624 2751 765 2830 personis
786 2748 969 2830 praeteritio
996 2765 1053 2829 pro
1075 2745 1201 2813 exhere-

89 2866 201 2934 datione
222 2869 385 2950 accipitur.
409 2877 457 2934 set
479 2888 517 2934 ee
540 2865 689 2934 ieeoitete
704 2867 794 2933 ebusi
815 2873 962 2950 petentes
985 2865 1102 2932 liberos
1124 2884 1199 2932 suos
1222 2887 1252 2937 15

90 2985 259 3070 plerumque
298 2987 465 3053 laedebant
502 3003 556 3051 eos
599 2986 632 3050 in
670 2991 811 3066 egestate
850 2983 1085 3068 relinquentes;
1129 3003 1201 3050 nem

88 3107 110 3169 si
147 3106 215 3190 quis
252 3125 291 3172 ex
327 3105 511 3189 parentibus
549 3106 718 3172 exheredes
754 3106 868 3171 liberos
909 3103 1056 3188 iecisset,
1099 3122 1202 3186 neque

88 3222 146 3305 ipso
176 3227 245 3293 inre
278 3227 450 3292 inualidum
478 3232 547 3290 eret
577 3230 816 3304 testamentum,
849 3243 951 3308 neque
983 3225 1024 3290 eb
1053 3223 1201 3289 intestato

90 3342 168 3409 iberi
198 3347 287 3412 edire
319 3352 467 3428 poterent
502 3345 669 3428 (quomodo
698 3343 780 3410 enim
809 3349 936 3410 extante
966 3341 1201 3424 memmenni),

90 3480 179 3543 neque
198 3484 218 3530 e
238 3471 386 3548 praetore
407 3465 559 3532 honorum
581 3467 808 3548 possessionem
835 3469 946 3531 contre
974 3462 1101 3528 tehuine
1123 3463 1203 3545 opti·
1219 3488 1254 3540 20

90 3583 207 3666 nebant3
229 3584 412 3667 praeteritis
434 3586 514 3652 enim
545 3603 607 3650 non
635 3584 832 3650 exheredatis
860 3583 968 3649 libetis
997 3601 1036 3648 ea
1062 3582 1202 3650 coneedi-
