2876 4712
511 341 744 406 -tta-

68 527 135 593 inre
158 527 298 594 defuncti
321 529 402 596 hona
424 529 582 611 consequi,
605 529 631 598 si
655 529 865 612 conscguinac
879 535 972 608 esset,
995 529 1078 597 idest
1092 549 1196 600 soror:

68 647 92 711 si
116 666 195 712 uero
214 649 311 712 amita
333 655 417 715 esset
438 648 488 714 uel
511 647 619 714 fratris
641 647 714 726 lilia,
738 649 890 731 nequibat
911 657 948 715 ut
969 651 1108 733 adgnata
1128 669 1198 718 snc-

68 767 194 850 cedere3
224 767 347 832 omnino
377 768 458 832 enim
488 768 569 832 scire
601 768 696 834 debes
730 767 870 834 feminini
898 789 992 836 sexus
1020 789 1196 854 personam,

69 905 148 968 quae
172 887 472 968 consanguineitatis
494 890 629 969 gradum
660 888 875 962 transcendat,
902 890 1104 974 signationis
1126 891 1196 958 iure

69 1009 275 1074 hereditatem
299 1028 358 1076 uon
383 1028 503 1092 capere.
548 1008 575 1074 si
598 1027 676 1074 nero
704 1009 819 1076 femina
840 1020 964 1077 mortua
987 1012 1044 1091 sit,
1077 1029 1196 1078 mascn-
1229 1011 1248 1066 ὅ

70 1129 116 1194 lus
139 1137 247 1194 antem
270 1130 310 1194 ad
333 1130 400 1195 eins
424 1135 552 1195 uocetur
581 1131 789 1197 hereditatem
821 1132 889 1197 siue
916 1129 987 1196 111⁰
1015 1133 1083 1198 sina
1111 1129 1198 1196 11110

70 1251 134 1314 siue
166 1247 211 1310 V⁰
240 1248 283 1314 sit
312 1250 429 1331 modu,
463 1251 664 1331 adgnationis
694 1252 762 1317 iure
793 1251 997 1320 hereditatem
1025 1252 1120 1334 cupit.
1170 1254 1197 1316 si

70 1367 179 1434 fratris
202 1369 254 1433 uel
275 1371 380 1448 patrui
403 1369 463 1434 mei
486 1367 566 1446 tilia,
596 1377 652 1435 cut
680 1371 706 1436 si
736 1371 834 1436 amita
861 1378 986 1436 munuc
1013 1377 1078 1450 est,
1108 1371 1198 1438 uelut

71 1488 228 1567 adgnatus
255 1507 313 1569 ego
344 1487 549 1554 hereditatem
580 1489 757 1569 capiebam3
790 1488 818 1556 si
854 1507 930 1555 uero
963 1509 1021 1573 ego
1054 1497 1196 1556 mortuus

71 1625 188 1686 essem,
222 1607 309 1690 ipsae
331 1608 530 1689 adgnationis
563 1609 631 1674 iura
658 1627 756 1675 meam
790 1628 852 1674 non
887 1610 1016 1676 adibant
1042 1609 1197 1702 heredita·
1218 1617 1249 1669 ¹⁰

71 1737 138 1792 tem.
188 1728 277 1806 Quae
299 1729 344 1792 ita
366 1747 436 1794 sese
459 1729 629 1804 habebunt,
651 1749 720 1794 cum
744 1729 934 1814 reipublicae
957 1730 1065 1797 utilius
1093 1733 1196 1796 uisum

72 1856 151 1912 esset
166 1847 325 1914 musculos
347 1849 542 1932 frequentius
557 1868 651 1931 quam
667 1850 799 1916 laminas
814 1851 854 1916 ad
870 1849 1063 1916 hereditates
1077 1851 1196 1916 ncwi:

72 1969 256 2049 reipublicae
268 1970 350 2034 enim
367 1970 494 2036 masculi
511 1969 697 2049 inseruiunt,
713 1987 783 2036 cnm
802 1970 873 2036 belli
889 1975 956 2035 tuns
972 1971 1002 2035 in
1015 1969 1196 2036 muneribus

73 2097 102 2154 et
115 2091 361 2172 magistratibus.
383 2100 431 2156 set
449 2109 519 2156 cum
536 2089 705 2156 absurdum
718 2096 897 2173 reputatum
911 2091 951 2154 sit
963 2107 1017 2156 eas
1028 2089 1060 2155 in
1073 2090 1197 2155 uniuer-

75 2227 137 2274 sum
153 2228 171 2276 a
187 2209 385 2275 morientium
401 2213 599 2277 successione
616 2211 772 2276 extraneis
787 2207 906 2276 similes
928 2210 1046 2291 repelli,
1068 2217 1197 2292 praetor
1216 2222 1246 2273 ts

76 2329 244 2394 naturalem
269 2329 440 2411 respiciens
456 2331 646 2413 aequitatem
662 2329 813 2395 bonorum
835 2328 1063 2412 possessionem
1083 2331 1195 2394 »unde

76 2450 259 2530 cognati·
284 2449 360 2529 ipsis
383 2447 540 2530 pollicitus
570 2458 638 2515 est:
673 2469 711 2516 ex
743 2469 781 2514 ea
811 2433 920 2532 nempe
947 2457 1036 2532 parte
1065 2466 1119 2514 eas
1141 2468 1196 2514 uu·

77 2585 158 2642 cans,
188 2585 249 2650 qua
282 2568 424 2650 cognatis
447 2569 486 2634 ad
510 2568 741 2634 successionem
763 2568 803 2633 ab
819 2569 968 2634 intestato
983 2569 1101 2634 aditum
1123 2587 1193 2634 con-

78 2687 180 2762 cessit,
213 2687 246 2753 id
281 2697 330 2755 est
363 2707 432 2754 cunr
467 2705 568 2770 neque
601 2689 756 2770 adgnatus
778 2686 862 2754 ullus
894 2703 995 2769 nequa
1027 2687 1195 2770 proximior

78 2813 218 2888 cognatus
239 2807 447 2874 inueniretur.
1212 2819 1246 2872 20

41 2943 79 2995 aa
160 2927 210 2990 3⁸
241 2927 331 3006 Quod
364 2933 468 2993 autem
504 2928 594 2992 nohis
625 2927 742 2992 dictum
772 2935 821 2992 est
849 2925 972 2992 feminis
998 2925 1195 3008 adgnationis

81 3044 143 3111 iura
162 3047 284 3112 succedi
307 3065 409 3128 posse,
433 3065 494 3112 uon
519 3049 603 3129 ipsas
626 3066 702 3113 uero
717 3047 895 3125 succedere,
918 3049 944 3111 si
961 3045 1194 3128 consanguinei·

82 3165 149 3230 tatis
169 3167 298 3248 gradum
322 3165 386 3231 siut
408 3175 671 3249 praetergressos,
694 3185 754 3232 noa
778 3173 827 3233 est
848 3164 917 3248 lege
938 3163 1001 3232 XII
1017 3165 1194 3232 tabularum

85 3287 285 3356 constitutum.
329 3288 378 3352 lex
405 3288 486 3352 enim
514 3284 579 3350 XlI
606 3286 784 3353 tabularum
812 3283 1043 3370 simplicitatem
1072 3283 1194 3366 legibus

86 3405 200 3470 amicam
219 3405 362 3490 amplexa
376 3405 468 3472 anniti
485 3406 577 3472 modo
593 3423 700 3473 omnes
715 3406 874 3487 adgnatos
890 3414 922 3472 et
937 3404 1195 3486 adgnatascuius·
1212 3421 1248 3474 ao

88 3538 204 3606 cunque
214 3527 331 3607 modus
343 3527 381 3592 ad
397 3525 633 3594 siniticudtnen
649 3545 777 3594 snorum
793 3523 945 3592 heredum
959 3525 999 3589 ad
1015 3521 1130 3590 mortni
1141 3541 1194 3586 uc·
1252 3563 1256 3574 ·
