2926 4708
669 315 902 379 -189-

229 501 275 584 τῷ
296 497 437 584 ραφλλλῳ.
482 499 578 564 ταῦτα
598 502 656 586 μὲν
679 503 750 585 περὶ
773 505 827 587 τῆς
856 501 1029 584 uulgaria.
1081 504 1135 589 τήν
1157 501 1194 566 δὲ
1215 500 1351 586 pupilla·

228 601 299 666 τίνα
320 602 568 666 ὑποκατάστασιν
590 604 678 690 ήνὶκα
700 625 744 678 τις
764 604 913 687 βούλεται
935 607 1076 668 τοπῶσαι
1097 603 1214 686 λεγέτω
1236 604 1350 680 οὕτως·

228 702 330 769 ἔστω
360 705 477 789 μοοδ
511 705 594 781 οξδς
625 707 890 793 κληρονόμος,
923 705 989 770 ἐὰν
1022 704 1066 768 δὲ
1097 707 1147 792 μή
1180 706 1350 793 γένηται,

228 805 329 871 ἔστω
354 830 428 892 μου
462 809 479 869 ό
514 807 624 872 δεῖνα
656 809 910 895 κληρονόμος.
955 809 1004 870 καὶ
1023 807 1103 891 μεθ’
1133 808 1151 868 δ
1181 809 1350 896 καταλείῴη

193 907 414 993 ὀέπιτρόποος
442 909 591 996 ληγάταῑ)
618 909 865 976 fideiodmmissa
891 909 1084 993 ἐλεοδερίας,
1107 909 1140 975 ἐν
1163 913 1211 998 τῷ
1233 911 1351 995 κότω’)

225 1013 317 1098 μέρει
347 1016 402 1098 τής
430 1012 583 1100 διαδήκης
612 1012 649 1076 τὰ
672 1013 801 1101 βήματα
830 1013 980 1099 γραφέτω
1011 1013 1128 1087 οότως·
1162 1014 1228 1077 ἐὰν
1261 1014 1304 1079 δὲ
1334 1017 1352 1076 δ

228 1121 319 1190 παῖς
352 1115 462 1200 μοοθ)
495 1116 717 1201 γενόμενος
756 1116 999 1201 κληρονόμος
1036 1117 1186 1201 ἄνηβος
1218 1120 1352 1182 τελεο-

228 1220 345 1306 τήση,
367 1217 466 1283 ἔστω
488 1217 649 1282 αδτοῦό
679 1219 789 1283 δεῖνα
818 1219 1072 1305 κληρονόμος.
1122 1221 1172 1282 καὶ
1198 1223 1290 1284 τοῦτο
1318 1223 1353 1282 τὸ

226 1321 325 1408 μέρος
345 1319 490 1395 ἰδιάζοντι
511 1320 585 1406 λίνῳ
608 1321 762 1405 δεσμεὶτω
784 1322 833 1383 καὶ
851 1319 1002 1395 ἰδιάζοντι
1029 1322 1228 1406 σφραγιζέτω
1255 1325 1353 1407 κηρῷ.

180 1434 211 1486 10
228 1424 262 1487 έν
282 1423 387 1508 μέντοι
407 1427 469 1498 τοῖς
492 1423 657 1507 προτέροις
672 1427 726 1509 τῆς
741 1422 894 1510 διαδήκης
906 1423 1017 1508 μέρεσι
1025 1425 1051 1505 ⁴)
1075 1424 1112 1486 τὰ
1131 1424 1258 1511 ῥήματα
1280 1448 1354 1510 γρα-

229 1525 316 1610 φέτω
349 1529 460 1589 ταῦτα·
494 1526 539 1590 οό
569 1525 768 1610 βούλομαι
802 1525 841 1586 τδ
872 1527 1097 1611 κατώτερον
1129 1526 1257 1610 μέρος
1290 1530 1355 1612 τής

229 1627 423 1716 διαθήκης
445 1629 658 1714 ἀνοιγῆναι
681 1629 828 1703 ζῶντός
847 1652 922 1709 μου
955 1631 1019 1692 τοῦ
1049 1627 1193 1704 παιδός
1215 1632 1275 1692 καὶ
1297 1625 1355 1693 ἔτι

229 1729 380 1815 ἀνήβου
403 1727 523 1807 ὄντος.
568 1729 651 1794 οὕτω
677 1730 739 1816 γὰρ
769 1731 938 1816 γενομένης
967 1733 1023 1816 τῆς
1053 1728 1258 1813 pupillaria8‚
1292 1731 1356 1803 ἕξει

229 1831 264 1894 τό
287 1831 548 1914 ἀνεπιβούλευτον
569 1834 586 1894 ό
608 1836 694 1908 παῖς·
725 1830 796 1895 οὔτε
823 1833 884 1913 γὰρ
917 1834 1079 1916 περιόντος
1100 1831 1197 1897 αὐτοῦ
1222 1831 1277 1897 τοῦ
1301 1857 1357 1897 πα-

180 1952 212 2003 15
230 1936 303 2018 πρὸς
325 1933 559 2017 ἐπιβουλεύεται
581 1933 631 1997 διὰ
654 1934 688 1996 τδ
711 1937 813 1998 πᾶσαν
836 1934 1011 1998 κεκλεῒσδαι
1028 1936 1081 2020 τήν
1096 1934 1260 2022 διαδήκην,
1284 1933 1357 1998 οὔτε

227 2038 309 2120 μετὰ
330 2039 474 2124 τελευτήν
495 2035 551 2101 τοῦ
567 2036 685 2123 πατρός
700 2036 750 2100 διὰ
767 2039 802 2099 τὸ
818 2035 999 2118 δγνοεῖσδαι
1014 2037 1052 2099 τὰ
1067 2036 1100 2100 ἐν
1122 2040 1159 2123 τή
1179 2037 1357 2125 ραρὶΗαπίᾳ
1461 2073 1462 2120 γ

230 2141 473 2205 όποκαταστάσει
502 2139 711 2224 γεγραμμένα.
756 2138 971 2223 διατιδέμενός
1001 2161 1044 2214 τις
1070 2141 1119 2202 καὶ
1149 2141 1276 2224 γράψας
1305 2144 1358 2202 τὸν
1461 2123 1462 2190 λ

230 2243 349 2330 ἅνηβον
382 2243 476 2306 παῖδα
508 2239 701 2328 κληρονόμον
735 2238 858 2317 εὐδέως
889 2241 1030 2327 ἐπήγαγε
1057 2243 1112 2327 τήν
1147 2241 1357 2326 ραρίλλατίαα,

230 2346 483 2410 όπακατάστασιν.
541 2341 678 2430 ἔρρωται
710 2343 768 2428 μὲν
803 2343 894 2407 οὐδὲν
929 2342 1020 2430 ήττον
1049 2347 1067 2431 ή
1098 2345 1357 2422 ὑποκατάσταιπς,

179 2469 213 2520 20
231 2449 307 2535 πλήν
329 2449 347 2510 ό
370 2447 470 2524 οὕτως
496 2447 780 2532 βοολεοσάμενοςλ)
811 2449 900 2511 κάκεῖ
924 2449 1048 2533 γράψας
1076 2449 1130 2532 τήν
1158 2446 1356 2530 pupillarian

230 2549 486 2628 ὑποκατάστασιν,
521 2545 601 2612 ἔνδα
635 2550 741 2634 ἑαυτῷ
773 2549 959 2633 ὲνεστήσατο
998 2549 1050 2610 τόν
1082 2546 1175 2610 παῖδα
1210 2552 1357 2635 κληρονό-

228 2653 335 2735 μονθ),
364 2651 564 2726 ἐπικινδύνως
590 2653 666 2716 όσον
700 2651 779 2736 πρδς
814 2654 865 2715 τὸν
900 2649 995 2713 παῖδα
1030 2649 1118 2714 δοκεῖ
1148 2649 1355 2715 διατὶδεσδαι.

230 2756 262 2819 4.
298 2755 339 2817 θό
358 2755 456 2839 μόνον
482 2755 684 2840 κληρονόμοις
717 2757 863 2838 γραφεῖα
892 2755 954 2826 τοῖς
982 2752 1113 2838 ἀνήβοις
1143 2755 1225 2817 παισὶ
1252 2753 1394 2837 μαρίλλ

230 2856 368 2941 lariwsf)
391 2858 420 2920 ολ
441 2861 542 2940 γονεῖς
565 2855 774 2920 ὑποκαδιστᾶν
797 2856 951 2936 δύνανται,
972 2855 1049 2918 ἀλλὰ
1070 2857 1132 2940 γὰρ
1154 2858 1204 2919 καὶ
1225 2856 1355 2922 exhere-

179 2981 212 3033 αὖ
231 2958 337 3025 ᾶῖιλοίο
367 2957 472 3037 αὐτοῖς
497 2959 690 3044 γενομένοις·
722 2959 835 3041 ὥςτεῧ)
865 2957 920 3022 οὖν
950 2957 1001 3021 διὰ
1031 2960 1084 3044 τήν
1111 2959 1354 3044 ὑπεξοοσιόιητα

231 3063 312 3146 καλδ)
345 3060 400 3126 οόκ
433 3059 540 3149 ἐπειδή
573 3063 747 3149 γράφονται
776 3057 961 3148 κληρονόμοι
990 3059 1133 3150 δέχονται
1166 3059 1357 3144 pupillarfus

231 3163 517 3238 όποκαταστάτοος·
553 3163 601 3225 διὸ
628 3163 678 3227 καὶ
705 3161 929 3227 θκλιοτοδίιόοὶε
956 3161 1060 3236 καλῶς
1097 3161 1357 3246 δποιιαδιστώμεν

232 3269 294 3340 τοῖς
316 3265 426 3330 παισίν.
470 3263 540 3328 ἀλλ’
563 3263 628 3353 ἔχει
650 3285 693 3340 πς
716 3263 825 3329 ελπεῖν·
850 3265 947 3327 καλά
972 3267 1102 3350 λήψεται
1132 3265 1150 3325 ό
1180 3267 1233 3327 τοῦ
1262 3263 1358 3328 exhe-

180 3431 181 3438 ,
230 3368 345 3436 redata
366 3367 490 3451 pupsslu
517 3367 786 3447 ὑποκατάστατοςς
810 3367 944 3453 εροῦμεν
966 3369 1010 3430 δτι
1040 3365 1094 3430 ἐάν
1118 3391 1144 3429 τι
1175 3368 1279 3454 σομβή
1306 3370 1356 3450 τῷ

179 3488 214 3540 80
230 3469 363 3556 pupsslq1
392 3471 453 3534 ἀπὸ
485 3471 692 3557 κληρονομίας
725 3469 744 3556 ή
772 3471 913 3557 ληγάτων
944 3470 962 3558 ή
991 3471 1124 3555 δωρεῶν
1153 3475 1306 3552 συγγενῶν
1334 3469 1356 3554 ἢ

231 3571 393 3659 πατρῴων
410 3573 508 3655 φίλων
530 3571 768 3657 προςγενέσδαι,
793 3571 882 3637 τοῦτο
905 3574 987 3638 ἅπαν
1016 3573 1096 3659 πρός
1124 3574 1179 3637 τόν
1209 3574 1355 3638 δποκοτά·

233 3697 345 3739 στατον
367 3657 532 3739 έλεόσεται.
578 3675 616 3737 τὰ
638 3673 785 3760 εἰρημένα
816 3678 887 3760 περὶ
908 3680 964 3761 τῆς
988 3675 1273 3752 δποκαταστάσεως
1293 3679 1353 3737 τῶν

303 3847 323 3910 Ι)
341 3844 431 3912 Ιοςόλα
448 3842 499 3896 1ιὶ.
602 3843 625 3911 ²)
643 3844 793 3913 κακωτέρῳ
812 3843 853 3899 vi.
872 3843 904 3900 R.
1009 3847 1032 3912 ³)
1050 3845 1075 3900 d.
1094 3845 1138 3901 vi.
1158 3845 1190 3900 R
1283 3849 1304 3909 ⁴)
1321 3843 1353 3893 ἐν

233 3973 239 3984 .
257 3971 265 3987 .
284 3974 291 3986 .
307 3929 413 3999 βήμασι
429 3929 478 3982 L⁶.
650 3929 673 3996 ὓ)
691 3928 861 3994 βουλόμενος
878 3930 919 3983 Μ.
1073 3931 1097 3998 ⁶)
1115 3931 1154 3985 ιλ.
1172 3949 1202 3984 τ.
1221 3949 1245 3984 π.
1265 3929 1302 3983 vi.
1317 3928 1353 3981 R

232 4016 347 4155 ήὶ-Ιηὶο
364 4017 402 4072 Μ.
482 4016 504 4080 ⁸)
523 4015 615 4084 ὥςπερ
634 4014 668 4081 ej.
686 4013 718 4068 R.
739 4015 785 4084 [cf.
803 4015 889 4069 Glom.
910 4013 1032 4084 Theoph.
1051 4016 1077 4070 11
1100 4019 1187 4085 13011.
1287 4015 1308 4078 ⁹)
1321 4013 1353 4066 ct
