3092 4702
593 343 805 410 ..75-

337 609 340 613 ’
393 631 442 700 oo
462 631 626 700 eunome
647 633 757 702 utne
801 633 925 702 umus
950 633 1000 698 ro.

225 819 356 888 Praeter
377 820 439 886 iam
462 821 562 887 motos
584 821 700 888 tutelis
722 819 785 888 alia
806 837 930 906 qunque
952 825 1012 902 est,
1032 838 1114 904 qnae
1132 818 1259 888 fiducie·

136 937 186 1005 ria
208 938 396 1022 appellatur.
429 939 456 1005 si
480 939 561 1006 euim
583 938 682 1005 lilium
704 959 807 1007 meum
830 941 1067 1023 emanoipnuero
1090 937 1142 1007 uel
1163 938 1259 1006 liliam

137 1055 192 1126 uel
215 1065 361 1142 nepotem
383 1059 435 1125 nel
457 1065 580 1142 neptem
608 1058 659 1125 uel
686 1065 887 1142 pronepotem
918 1061 969 1127 nel
996 1065 1178 1142 proneptem
1204 1059 1261 1124 im-

137 1179 287 1262 puberes,
315 1197 373 1262 ego
395 1179 531 1262 quidem,
554 1181 647 1247 sicuti
668 1180 809 1264 proximo
824 1181 918 1248 titulo
933 1181 1160 1266 proposuimus,
1183 1179 1261 1264 legi·

139 1299 238 1366 timus
265 1318 372 1365 eorum
401 1307 488 1367 tutor
513 1300 563 1367 lio.
613 1301 704 1368 liberi
733 1303 816 1368 enim
843 1303 954 1386 eapitis
983 1302 1189 1368 manumissor
1218 1299 1260 1366 ad
1293 1306 1312 1358 t

136 1418 347 1486 imitationem
370 1420 448 1498 eins,
470 1421 545 1504 qnia
566 1439 586 1487 a
607 1441 684 1490 uere
705 1421 860 1489 seruitute
884 1422 1094 1502 manumittit,
1115 1420 1157 1486 ed
1178 1424 1259 1485 tuta·

136 1539 203 1604 lem
226 1539 400 1606 uocabitur.
424 1539 472 1606 ein
493 1547 598 1606 eutem
620 1539 734 1607 morier
756 1541 863 1608 liberis
886 1541 986 1608 uirilis
1008 1557 1101 1608 sexus
1128 1537 1260 1606 extanti·

135 1657 217 1736 bue,
250 1657 304 1722 isti
332 1655 486 1724 lidnoiorii
514 1666 636 1726 tutores
669 1660 840 1743 impuberis
866 1659 1056 1738 efficientur,
1088 1659 1177 1724 ouius
1203 1675 1260 1740 per

135 1777 418 1858 emancipationem
440 1778 609 1860 legitimam
631 1780 761 1846 tutelam
783 1785 894 1846 neotus
920 1795 999 1846 sum.
1050 1797 1108 1844 neo
1137 1781 1259 1843 tantum

135 1893 174 1961 tit
196 1894 299 1962 freter
320 1897 410 1962 fratri
432 1895 614 1964 fiduciarius
636 1905 737 1978 tutor,
760 1903 809 1965 set
835 1900 929 1966 etium
956 1903 1089 1981 patruus
1119 1896 1224 1980 nepoti
1233 1895 1260 1962 ⁸)
1279 1907 1312 1961 ro

138 2021 197 2080 eut
220 2022 313 2099 puter
333 2015 407 2082 lilio.
450 2023 483 2083 et
503 2017 602 2083 frater
624 2018 747 2101 quidem
775 2017 866 2084 fratri
894 2019 949 2084 ito.
1000 2017 1079 2083 duos
1105 2014 1260 2083 habebam

138 2135 231 2214 lilios,
255 2151 389 2216 quorum
411 2137 492 2201 alter
513 2135 618 2202 XXVI
639 2154 790 2203 annorum
805 2143 862 2203 aut
875 2137 975 2203 maior
989 2142 1070 2212 eret,
1091 2135 1171 2201 alter
1184 2153 1261 2201 uero

139 2255 295 2336 impubes.
332 2255 525 2338 impuberem
549 2275 619 2323 oum
641 2257 903 2340 emancipassem‚
928 2254 1102 2338 legitimam
1124 2255 1191 2320 eius
1213 2258 1262 2321 tu·

139 2373 235 2438 telam
260 2381 372 2439 nactus
400 2393 497 2440 eram.
549 2383 731 2442 meantem
759 2375 920 2446 delunoto.
948 2374 1047 2441 frater
1073 2373 1128 2454 oui
1158 2377 1262 2439 aetate

140 2492 241 2558 maior
264 2499 323 2570 est
346 2491 528 2562 fiduciarius
550 2500 636 2560 tutor
658 2498 725 2560 eius
747 2493 810 2560 liet.
855 2495 992 2560 Patruus
1021 2499 1127 2560 autem
1155 2493 1261 2575 nepoti
1280 2495 1314 2548 lb

139 2609 325 2694 quomodo?
347 2630 417 2679 oum
440 2611 538 2678 lilium
559 2614 647 2682 XXV
670 2615 760 2680 nuum
781 2616 931 2680 maiorem
952 2612 1100 2679 buberem
1122 2617 1156 2677 et
1168 2629 1262 2692 nepo·

139 2737 205 2796 tem
227 2751 266 2797 ex
287 2730 352 2797 lilio
379 2741 592 2814 praemortuo,
622 2739 766 2816 nepotem
794 2731 998 2816 emenoiponi.
1049 2749 1107 2814 ego
1137 2731 1262 2816 quidem

137 2847 211 2916 eius
232 2850 405 2932 legitimum
426 2853 559 2918 tutelam
581 2854 752 2930 nanciscor,
774 2871 825 2918 me
846 2857 952 2918 autem
975 2857 1110 2930 mortno,
1131 2855 1263 2934 panum

135 2967 322 3036 lidumamus
344 2977 431 3037 tutor
450 2973 520 3038 erit.
564 2973 658 3039 Peter
680 2981 786 3040 nutem
807 2971 863 3038 lilii
885 2971 939 3036 ita
963 2989 1033 3037 oum
1055 2967 1152 3035 filium
1174 2967 1263 3034 XXV

135 3091 233 3154 anuis
254 3091 403 3157 maiorem
426 3092 573 3158 haberem
596 3097 628 3157 et
649 3097 792 3174 nepotem
815 3109 854 3157 ex
875 3109 912 3156 eo
934 3089 1140 3171 impuberem,
1170 3103 1263 3166 nepo·
1279 3092 1314 3144 2⁰

135 3214 205 3274 tem
230 3209 433 3292 emancipaui.
477 3209 545 3276 eiua
566 3210 692 3290 quidem
714 3208 885 3292 legitimam
908 3207 1038 3274 tutelam
1062 3224 1119 3290 ego
1142 3205 1263 3272 nancis-

135 3345 203 3406 ω,
230 3336 300 3409 post
322 3335 427 3396 autem
450 3329 517 3396 eius
540 3335 672 3397 mortem
693 3335 784 3412 pater
802 3327 983 3396 fiduciarius
1006 3334 1092 3393 tutor
1113 3327 1183 3394 erit

230 3445 287 3512 Set
307 3448 368 3514 erit
390 3449 445 3530 qui
466 3449 560 3516 dicat
582 3447 739 3532 quomodo
760 3448 796 3515 lit
818 3455 854 3514 ut
875 3447 1000 3531 patroni
1021 3447 1112 3514 liberi
1131 3442 1263 3526 legitimi

134 3564 340 3650 impuberum
371 3568 553 3634 libertorum
589 3573 709 3635 tutores
742 3566 903 3648 dicantur,
937 3565 1198 3652 quemadmodum
1232 3569 1265 3630 et

135 3687 199 3768 ipsi
224 3688 366 3768 patroni,
388 3685 480 3754 liberi
503 3695 608 3755 autem
630 3693 810 3770 parentum,
842 3685 898 3769 qui
926 3685 1104 3768 impuberes
1131 3682 1264 3750 emanci-
1280 3685 1314 3739 2⁵

209 3929 244 3992 a)
266 3930 309 3978 »et
325 3939 407 3994 nepos
423 3933 536 3996 patruo«
555 3926 618 3982 odoi
635 3930 753 3995 poterut,
770 3929 812 3979 set
824 3923 899 3980 Thus
917 3923 992 3980 uultu
1007 3919 1141 3992 probabili
1158 3919 1263 3976 ratione

136 4009 240 4066 omisit
