2870 4716
550 439 587 450 -
633 402 780 466 343—

60 583 222 664 odeum,
244 584 329 667 qnod
346 585 447 651 uoluit
468 591 684 668 consequetur.
718 589 768 652 20.
792 586 826 652 Si
847 605 923 654 uero
944 588 1062 655 nullam
1083 605 1215 672 poenum

103 704 301 788 stipulationi
322 706 441 772 inserat
461 706 638 789 stipulator,
660 725 718 773 sua
739 711 844 772 autem
864 708 999 786 intersit,
1022 707 1140 791 placuit
1161 707 1215 774 sti

102 825 297 907 puletionem
318 825 433 891 ualere.
468 825 494 890 si
516 843 600 908 ergo,
623 827 728 891 Primo
750 830 782 891 et
802 825 943 892 Secundo
965 827 1123 893 tutoribus
1145 845 1216 892 con-

102 944 241 1024 stitutis,
271 945 394 1011 Primus
417 944 560 1012 Secundo
587 945 743 1011 contutori
765 945 1033 1012 administratione
1055 946 1160 1025 cedat,
1184 950 1216 1011 et

102 1065 276 1148 stipuletur
297 1067 393 1132 abeo
416 1065 536 1136 aduam
559 1071 591 1130 et
616 1066 801 1131 ineolumem
823 1065 932 1148 pupilli
954 1084 1020 1132 rem
1041 1065 1118 1145 fore,
1140 1078 1249 1148 quoe

101 1185 189 1251 niam
211 1186 344 1253 interest
368 1185 564 1271 stipulatoris
591 1184 668 1251 haec
689 1183 756 1250 fieri
783 1188 957 1269 (teneretur
984 1186 1067 1251 enim
1095 1186 1217 1250 actione

101 1305 241 1387 tutelae,
270 1306 297 1372 si
319 1305 481 1372 Secundus
503 1305 584 1372 male
605 1323 656 1370 res
678 1303 841 1387 gesserit),
864 1304 950 1370 umet
970 1305 1149 1387 stipulatio,
1171 1305 1218 1369 ita

101 1431 139 1490 ut
168 1432 201 1492 et
228 1425 332 1492 Primo
362 1426 515 1494 aduersus
537 1424 714 1492 Secundum
741 1423 896 1491 efficacem
924 1425 1076 1490 actionem
1102 1423 1215 1507 pariat

100 1545 250 1612 similiter
277 1547 359 1613 etsi
384 1547 455 1629 quis
484 1546 680 1630 procuratori
710 1563 767 1612 suo
795 1563 844 1610 me
873 1545 1020 1611 daturum
1047 1545 1216 1628 stipulatus

101 1665 154 1744 sit,
179 1666 267 1732 ualet
287 1667 458 1750 stipulatio.
497 1666 577 1733 forte
599 1666 681 1732 enim
703 1670 777 1731 tuus
798 1670 985 1748 procurator
1006 1664 1079 1730 abbi
1101 1663 1216 1747 degens
1237 1676 1268 1727 ιο

100 1786 256 1868 pecuniae
286 1785 446 1869 indigebat
474 1786 514 1851 ad
545 1785 713 1869 uectigalia
744 1784 894 1851 soluenda
926 1784 978 1850 uel
1006 1783 1046 1850 ad
1078 1782 1218 1850 aedificia

101 1906 315 1972 restauranda
335 1906 387 1972 uel
413 1905 454 1971 ed
482 1905 596 1972 lundos
618 1906 817 1972 excolendos:
847 1923 935 1971 ame
954 1905 1016 1970 iter
1037 1923 1074 1970 eo
1095 1902 1217 1980 facturo

101 2025 276 2109 stipulatus
318 2045 364 2092 es:
419 2025 662 2109 »spondesne
705 2025 800 2091 dare
842 2024 1093 2109 procuratori
1135 2042 1217 2090 meo

102 2161 250 2210 aureos
265 2143 328 2210 Ge?
349 2162 420 2212 eece
434 2145 516 2211 enim
537 2163 607 2211 mea
622 2163 747 2227 quoque
769 2144 915 2224 interest,
936 2163 1010 2209 nam
1031 2144 1058 2210 si
1072 2161 1220 2227 procura-

101 2265 166 2328 tori
188 2282 260 2330 meo
280 2266 412 2348 pecunia
431 2283 493 2330 non
516 2265 622 2344 detur,
651 2285 688 2331 ex
716 2265 782 2330 eius
811 2265 917 2347 inopia
938 2265 1051 2330 damno
1080 2263 1215 2330 adficiat.
1238 2272 1267 2324 ιι

101 2383 189 2450 idem
211 2387 261 2450 est
281 2384 307 2450 si
323 2384 508 2451 creditorem
522 2385 647 2460 habeas,
671 2385 721 2450 cui
743 2384 824 2450 forte
846 2403 896 2450 res
918 2390 990 2450 tuas
1011 2383 1132 2468 pigneri
1154 2389 1217 2448 tra·

102 2503 237 2583 dicistis,
260 2509 292 2570 et
313 2509 350 2569 ut
371 2523 424 2570 eas
445 2503 597 2570 uenderet
618 2503 672 2568 nbi
692 2521 755 2568 non
777 2504 916 2569 solueros
939 2503 1142 2581 concesseris,
1165 2502 1216 2567 uel

102 2623 202 2690 etiam
223 2642 355 2707 poenam
381 2626 574 2708 promiserim
602 2644 675 2690 nam
702 2625 770 2692 sia
798 2644 848 2691 me
869 2623 1042 2707 stipuleris:
1073 2621 1216 2687 »eredi-

102 2745 182 2808 tori
204 2761 284 2808 meo
310 2748 368 2810 tot
393 2763 541 2810 aureos
569 2744 666 2810 dare
692 2744 921 2827 spondescl,
950 2761 1071 2826 egoque
1095 2741 1128 2806 id
1153 2759 1216 2806 uon

102 2862 235 2943 faciam,
259 2865 389 2930 tenebor
410 2864 467 2930 tibi
492 2863 588 2944 inid,
612 2865 700 2930 cuius
722 2865 868 2944 interest,
895 2863 950 2929 ubi
975 2862 1123 2928 damnum
1148 2879 1218 2928 sen·
1234 2871 1268 2922 ao

103 2983 196 3062 seris,
219 2983 399 3065 pigneribus
415 2984 573 3050 distractis
596 2984 647 3050 uel
661 3003 763 3066 poena
784 2983 957 3049 commissa
994 2983 1037 3048 Et
1051 2982 1127 3048 haec
1148 2981 1216 3063 qui-

52 3103 178 3170 ctdem
200 3103 239 3169 de
255 3104 508 3187 stipulationibus
524 3123 604 3186 quae
622 3104 655 3168 in
670 3103 772 3168 dando
794 3103 976 3170 consistunt.
1011 3107 1060 3168 21.
1085 3102 1117 3167 Si
1140 3119 1216 3168 uero

104 3224 177 3306 quis
199 3225 366 3306 promittat
385 3224 517 3290 alterum
533 3223 650 3307 aliquid
665 3223 831 3302 facturum,
854 3223 969 3288 ueluti:
995 3223 1124 3287 »illum
1146 3221 1216 3286 tibi

104 3343 253 3409 domum
275 3343 615 3422 aedificaturum«,
638 3343 817 3410 nullomodo
839 3343 1013 3420 tenebitur,
1036 3343 1094 3407 nisi
1116 3359 1217 3422 poena

104 3463 302 3545 stipulationi
335 3465 508 3542 inseratur3
541 3469 590 3529 est
621 3463 775 3546 quaedam
806 3463 904 3544 igitur
936 3461 1109 3527 differentia
1134 3460 1216 3524 inter
1233 3469 1266 3520 uo
