2898 4712
513 397 552 408 -
598 361 744 426 250-

83 566 154 612 mur.
195 564 320 628 possum
343 546 425 612 enirn
448 547 593 614 heredem
617 567 718 614 meum
742 565 867 630 rogare,
891 557 926 614 ut
947 547 1034 614 ilium
1063 566 1189 616 seruam

86 685 175 731 neum
197 667 405 746 manumittat,
428 665 480 731 uel
501 667 686 750 legatarium
709 667 760 734 uel
782 666 1110 734 fideicommissariam.
1132 687 1189 736 nec

85 789 204 850 interest
224 793 330 852 utrum
352 787 392 852 de
413 807 482 853 mco
506 806 599 853 seruo
622 805 726 870 rogem
750 807 789 854 au
813 789 852 854 de
867 807 903 853 eo
918 789 972 870 qui
987 786 1112 853 heredis
1133 794 1190 854 aut

84 903 215 986 legatarii
248 915 304 970 aut
332 905 493 973 cuiusdam
523 909 663 973 extranei
691 909 740 973 sit
795 925 921 990 possum
954 909 1034 974 euim
1069 905 1187 972 dicere:

89 1042 189 1104 »rogo
222 1033 285 1104 te,
325 1027 435 1093 heres
477 1026 528 1093 uel
561 1029 755 1109 legatarie
788 1035 829 1094 ut
862 1029 963 1094 huuc
996 1027 1188 1093 homiuem
1222 1027 1240 1081 ⁶

87 1153 178 1207 tuum
203 1143 253 1209 uel
277 1145 420 1212 Maeuii
448 1166 599 1213 seruum
629 1147 915 1213 manumittas«
961 1149 1083 1229 cogitur
1106 1147 1187 1212 euim

87 1261 154 1326 hunc
174 1265 325 1330 redimere
348 1275 441 1347 atque
464 1271 691 1334 manumittere.
735 1268 846 1349 quodsi
869 1267 1010 1332 domiuus
1033 1286 1103 1332 eum
1126 1283 1186 1330 nun

87 1384 186 1447 uendat
208 1388 283 1466 (nou
306 1389 386 1451 enim
410 1391 477 1470 cogi
500 1389 627 1470 potest),
650 1409 710 1454 non
733 1389 816 1454 dicat
838 1389 908 1471 quia
936 1389 1074 1468 extingui
1096 1386 1187 1453 liber·

86 1510 166 1566 tatem
182 1521 238 1582 per
251 1503 519 1572 fideicommissum
535 1509 691 1574 relictam:
708 1526 778 1572 nam
802 1526 840 1574 ea
860 1509 964 1590 potius
986 1507 1018 1571 iu
1040 1505 1186 1586 pendenti

85 1629 233 1702 astatque
256 1623 401 1689 differtur
421 1635 467 1704 et,
490 1627 517 1691 si
545 1645 680 1708 unquam
710 1625 778 1692 fieri
807 1626 939 1710 poterit,
964 1625 1185 1708 praestabitur.
1207 1632 1238 1684 ιο

85 1739 148 1806 haec
169 1762 242 1808 uero
266 1743 294 1808 si
317 1743 401 1810 serui
424 1745 568 1812 dominas
591 1746 665 1811 nihil
693 1765 730 1812 er
758 1745 870 1812 iudicio
900 1745 1060 1811 testatoris
1082 1763 1187 1826 perce·

84 1863 135 1941 pit;
156 1883 223 1928 nam
246 1865 275 1928 si
296 1866 371 1945 quid
395 1885 430 1930 er
453 1866 591 1932 defuncti
606 1866 768 1932 uoluntate
783 1873 967 1932 consecutus
982 1873 1040 1939 eat,
1062 1866 1185 1932 omuino

85 2000 197 2048 seruum
220 1981 359 2050 alienare
381 1986 512 2068 cogitur.
546 1988 572 2052 si
594 2005 687 2053 serua
709 2005 777 2052 mec
800 1983 1116 2052 fideicommissariam
1138 2005 1186 2050 re·

85 2101 189 2182 iiquero
216 2105 408 2182 libertatem,
442 2105 651 2172 manumissus
678 2123 765 2171 meus
797 2104 928 2170 libertus
957 2123 1018 2169 non
1051 2102 1105 2170 fiet
1137 2109 1186 2170 set

86 2223 149 2298 eiua,
171 2226 221 2302 qui
245 2225 469 2304 manumiserit,
492 2227 545 2305 qui
568 2245 678 2307 nempe
699 2225 815 2290 tactum
839 2222 996 2290 addiderit
1020 2222 1236 2288 mammis-15

84 2341 176 2407 sionis.
219 2345 267 2409 sin
292 2352 395 2410 autem
419 2347 536 2411 directo
559 2365 685 2412 seruum
708 2365 809 2412 meum
837 2344 968 2410 liberum
998 2361 1067 2410 esse
1088 2345 1185 2410 iusse-

86 2459 148 2538 rim,
180 2463 241 2528 dixi
272 2465 367 2529 enim:
405 2466 543 2531 »iubeo
576 2463 748 2532 Stichum
781 2464 950 2531 liberum
984 2481 1096 2528 esse·
1134 2461 1184 2528 uel

89 2579 256 2648 =Stichus
279 2583 384 2650 iiber
406 2595 519 2664 esto«,
543 2586 672 2650 libertus
696 2603 783 2650 meus
799 2582 922 2650 Stichus
945 2581 1007 2662 fiet
1031 2582 1185 2648 etaudiet

85 2701 155 2780 apud
176 2704 408 2771 iurisconsultos
434 2706 621 2771 »orcinus
648 2705 851 2770 libertus«
898 2703 984 2768 iiiam
1012 2720 1087 2767 uero
1116 2707 1184 2766 tan·

87 2824 227 2888 tummodo
250 2843 376 2888 seruum
399 2845 499 2890 meum
524 2795 641 2891 directo
663 2825 884 2890 manumittere
905 2828 1094 2887 testamento
1116 2837 1184 2902 pos·
1203 2831 1238 2884 20

87 2957 152 3018 sun,
174 2945 224 3023 qni
247 2951 380 3026 utroque
411 2953 549 3026 tempore
579 2947 608 3010 in
638 2963 707 3010 mea
736 2945 830 3010 fuerit
856 2950 1029 3024 potestate,
1061 2947 1093 3007 et
1123 2956 1184 3022 quo

88 3065 255 3127 testamento
279 3063 402 3129 fecerim
426 3073 457 3129 et
479 3085 540 3148 quo
564 3073 704 3130 mortuus
734 3066 802 3130 sim.
853 3064 971 3128 directa
1000 3067 1104 3127 autem
1132 3060 1184 3125 he-

89 3179 189 3245 reditas
211 3191 284 3250 tunc
307 3185 374 3248 dari
401 3184 536 3263 uidetur,
565 3205 634 3250 cum
663 3204 722 3251 non
745 3184 841 3250 alium
870 3193 1004 3252 testator
1032 3185 1123 3263 rogat
1150 3183 1186 3244 ut
