2884 4728
549 378 790 441 -sm-

111 551 265 618 rationem
288 551 414 633 reddat,
443 571 513 617 oum
541 553 775 619 exaotissimam
798 559 830 618 et
852 572 1005 618 summam
1033 551 1235 633 diligentiam·

109 676 141 740 in
163 676 302 759 negotiis
326 676 472 759 gerendis
500 677 651 742 adhibere
678 678 802 742 debeat.
848 695 906 742 neo
935 677 1017 741 euim
1046 675 1161 741 suffieit
1188 677 1237 758 ei‚.

108 821 147 866 ne
172 802 298 866 notione
320 802 520 886 negotiorum
545 808 706 885 gestorum
729 808 885 884 teneatur,
912 801 1008 866 talem
1032 801 1235 884 diligentiam·

107 927 141 991 in
164 927 278 991 alienis
301 929 397 992 rebus
419 927 595 1009 ostendere,
620 927 746 1008 qualem
771 927 836 992 suis
859 928 955 991 rebus
971 925 1121 991 adhibere
1138 927 1228 1008 solet,

109 1051 255 1116 simodo
280 1051 362 1116 alius
386 1052 567 1136 diligentior
589 1052 785 1117 commodius
807 1051 921 1117 fuisset
942 1051 1071 1134 negotia
1099 1050 1229 1116 admini-
1267 1062 1287 1113 o

109 1182 280 1242 straturus:
304 1183 378 1242 tuno
402 1177 485 1242 enim
508 1195 572 1242 non
595 1175 637 1240 ad
659 1177 759 1260 ipsius
784 1176 934 1259 genimis,
963 1183 1012 1240 set
1035 1174 1229 1240 adulterius

76 1301 307 1385 adfligendum
331 1301 561 1368 administratio
585 1301 751 1368 iudicatur.
799 1305 828 1368 2.
852 1303 987 1366 Tutores
1011 1320 1151 1382 quoque,
1176 1300 1230 1382 qui

107 1427 229 1492 tutelae
256 1426 372 1491 iudicio
400 1431 559 1508 tenentur,
588 1446 651 1490 nou
678 1425 807 1510 proprie
835 1445 875 1490 ex
903 1431 1066 1490 eontraotu
1094 1425 1230 1508 obligati

108 1551 344 1634 intelleguntur.
378 1571 451 1615 nam
475 1551 570 1632 quale
586 1551 746 1633 negotium
762 1550 844 1615 inter
859 1556 993 1615 tutorem
1022 1555 1053 1614 et
1074 1549 1229 1634 pupillum

108 1675 315 1758 oonluahituu,
338 1675 526 1759 praesertim
542 1695 613 1740 oum
629 1675 733 1740 insons
749 1675 889 1759 pupillus
913 1675 973 1740 sit?
997 1681 1046 1739 set
1068 1674 1144 1756 quia
1166 1695 1229 1739 non
1250 1684 1292 1737 10.

109 1820 149 1866 ex
174 1801 329 1866 maleficio
353 1805 498 1865 tenentos
520 1805 640 1866 tutores
657 1799 764 1884 (quale
785 1800 867 1864 enim
884 1799 1032 1864 deliotum
1048 1800 1148 1864 tutela
1172 1805 1228 1880 est,

108 1945 194 2008 quae
219 1925 261 1990 ad
283 1925 475 2009 pupillorum
491 1923 721 2008 prouidentiam
746 1931 795 1988 est
810 1923 1033 2008 introduota‘t),
1058 1923 1170 2004 quasi
1185 1942 1229 1987 ex

109 2055 311 2117 contractu
334 2049 434 2114 teneri
457 2049 612 2114 uidentur.
647 2055 679 2113 et
694 2049 754 2113 hoo
770 2048 866 2114 etiem
881 2067 959 2113 oasu
982 2048 1063 2113 ultro
1087 2047 1228 2128 eitroque

108 2180 284 2240 naseuntur
306 2174 461 2256 autiones3
485 2193 548 2239 non
563 2179 684 2238 tantum
701 2173 784 2238 enim
800 2173 938 2256 pupillus
954 2179 1089 2238 tutorem
1106 2173 1228 2237 notione

107 2301 230 2365 tutelae
253 2300 427 2382 obligatum
451 2298 556 2380 habet,
581 2304 629 2363 set
653 2317 692 2362 ex
716 2297 872 2364 contrario
896 2316 1021 2379 quoque
1041 2299 1110 2381 ipse
1133 2297 1229 2362 tutori
1250 2307 1290 2358 15.

109 2425 272 2490 oonluaria
287 2423 406 2489 tutelae
422 2423 546 2489 actione
562 2430 695 2505 tenetur,
721 2423 748 2486 si
766 2423 820 2487 uel
842 2421 1030 2506 impenderit
1053 2421 1174 2503 aliquid
1196 2421 1229 2486 in

108 2570 178 2616 rem
200 2549 324 2634 pupilli,
348 2549 400 2614 uel
423 2569 481 2633 pro
506 2568 544 2615 eo
568 2548 662 2614 fuerit
685 2547 844 2630 obligatus
861 2547 913 2612 uel
928 2566 995 2612 rem
1011 2567 1101 2612 suam
1116 2546 1233 2631 pupilli

75 2673 260 2739 eoreditori
292 2673 490 2756 obligauerit.
541 2677 570 2742 3.
593 2675 672 2738 Item
706 2673 787 2738 inter
821 2671 1031 2755 obligationes
1066 2671 1159 2752 quasi
1190 2690 1230 2736 ex

110 2803 274 2863 oonuaotu
301 2799 380 2863 haee
408 2798 531 2882 speeies
558 2798 705 2863 refertur:
742 2797 770 2863 si
800 2796 881 2861 inter
905 2796 1029 2877 aliquos
1056 2795 1229 2861 eommunis

109 2941 162 2987 res
185 2921 228 2988 sit
250 2923 319 2988 sine
342 2923 508 2988 societate:
537 2922 638 2987 ueluti
667 2922 743 3004 quia
770 2921 893 2986 duobus
921 2921 1015 2985 simul
1042 2920 1155 2986 eadem
1178 2940 1229 2985 res
1248 2929 1292 2980 20·

109 3046 221 3129 legata
249 3045 407 3112 donataue
434 3048 502 3111 suit.
549 3052 580 3113 et
602 3047 674 3111 hino
703 3048 784 3112 alter
807 3046 899 3111 alteri
921 3051 1046 3111 tenetur
1073 3046 1230 3110 communi

111 3170 285 3237 diuidundo
300 3171 428 3256 indicio,
446 3172 529 3253 quod
545 3173 631 3238 solus
646 3172 766 3236 fruetus
782 3171 854 3236 inde
870 3171 1057 3255 pereeperit,
1080 3170 1134 3235 uel
1150 3169 1231 3234 ulter

113 3315 182 3360 oum
211 3296 311 3362 altero
344 3316 383 3363 eo
410 3297 537 3363 nomine
565 3297 641 3378 agit,
669 3296 754 3378 qnod
786 3296 985 3361 necessarias
1013 3295 1174 3378 impensas
1197 3293 1230 3358 in

113 3439 309 3485 communem
324 3440 391 3486 rem
403 3421 521 3486 leoerit.
556 3441 614 3486 neo
625 3421 707 3486 enim
723 3421 849 3504 proprie
866 3420 1060 3502 intellegitur
1075 3417 1236 3484 eiusmodi
