<?xml version="1.0" encoding="UTF-8"?>
<!DOCTYPE html PUBLIC "-//W3C//DTD XHTML 1.0 Transitional//EN"
    "http://www.w3.org/TR/xhtml1/DTD/xhtml1-transitional.dtd">
<html xmlns="http://www.w3.org/1999/xhtml" xml:lang="en" lang="en">
 <head>
  <title>
</title>
<meta http-equiv="Content-Type" content="text/html;charset=utf-8" />
  <meta name='ocr-system' content='tesseract 3.04.00' />
  <meta name='ocr-capabilities' content='ocr_page ocr_carea ocr_par ocr_line ocrx_word'/>
</head>
<body>
  <div class='ocr_page' id='page_1' title='image "./institutionumgr02linggoog_0658.png"; bbox 0 0 2876 4712; ppageno 0'>
   <div class='ocr_carea' id='block_1_1' title="bbox 519 358 753 423">
    <p class='ocr_par' dir='ltr' id='par_1_1' title="bbox 519 358 753 423">
     <span class='ocr_line' id='line_1_1' title="bbox 519 358 753 423; baseline -0.017 0"><span class='ocrx_word' id='word_1_1' title='bbox 519 358 753 423; x_wconf 80' lang='lat'><strong>-312-</strong></span> 
     </span>
    </p>
   </div>
   <div class='ocr_carea' id='block_1_2' title="bbox 78 540 1229 1122">
    <p class='ocr_par' dir='ltr' id='par_1_2' title="bbox 78 540 1229 1122">
     <span class='ocr_line' id='line_1_2' title="bbox 78 540 1194 626; baseline -0.002 -19"><span class='ocrx_word' id='word_1_2' title='bbox 78 542 228 626; x_wconf 77' lang='lat' dir='ltr'>»ideoque</span> <span class='ocrx_word' id='word_1_3' title='bbox 250 541 281 608; x_wconf 94' lang='lat' dir='ltr'>in</span> <span class='ocrx_word' id='word_1_4' title='bbox 304 563 341 609; x_wconf 89' lang='lat' dir='ltr'>ea</span> <span class='ocrx_word' id='word_1_5' title='bbox 371 562 466 610; x_wconf 86' lang='lat' dir='ltr'>causa</span> <span class='ocrx_word' id='word_1_6' title='bbox 488 543 570 609; x_wconf 87' lang='lat' dir='ltr'>buna</span> <span class='ocrx_word' id='word_1_7' title='bbox 587 563 661 609; x_wconf 88' lang='lat' dir='ltr'>esse</span> <span class='ocrx_word' id='word_1_8' title='bbox 684 547 851 626; x_wconf 85' lang='lat' dir='ltr'>ceperunt,</span> <span class='ocrx_word' id='word_1_9' title='bbox 875 547 910 607; x_wconf 91' lang='lat' dir='ltr'>ut</span> <span class='ocrx_word' id='word_1_10' title='bbox 933 540 1033 607; x_wconf 86' lang='lat' dir='ltr'>ueniri</span> <span class='ocrx_word' id='word_1_11' title='bbox 1056 561 1075 606; x_wconf 90' lang='lat' dir='ltr'>a</span> <span class='ocrx_word' id='word_1_12' title='bbox 1096 541 1194 607; x_wconf 89' lang='lat' dir='ltr'>credi-</span> 
     </span>
     <span class='ocr_line' id='line_1_3' title="bbox 79 660 1195 747; baseline -0.001 -20"><span class='ocrx_word' id='word_1_13' title='bbox 79 663 218 730; x_wconf 81' lang='lat' dir='ltr'>»taribus</span> <span class='ocrx_word' id='word_1_14' title='bbox 245 663 395 744; x_wconf 80' lang='lat' dir='ltr'>debeant,</span> <span class='ocrx_word' id='word_1_15' title='bbox 424 667 603 747; x_wconf 89' lang='lat' dir='ltr'>competens</span> <span class='ocrx_word' id='word_1_16' title='bbox 630 665 835 746; x_wconf 78' lang='lat' dir='ltr'><strong>magistratus</strong></span> <span class='ocrx_word' id='word_1_17' title='bbox 865 661 905 726; x_wconf 92' lang='lat' dir='ltr'>ab</span> <span class='ocrx_word' id='word_1_18' title='bbox 928 679 964 726; x_wconf 91' lang='lat' dir='ltr'>eo</span> <span class='ocrx_word' id='word_1_19' title='bbox 992 660 1111 740; x_wconf 84' lang='lat' dir='ltr'>aditus,</span> <span class='ocrx_word' id='word_1_20' title='bbox 1140 663 1195 743; x_wconf 88' lang='lat' dir='ltr'>qui</span> 
     </span>
     <span class='ocr_line' id='line_1_4' title="bbox 78 781 1195 851; baseline -0.002 -3"><span class='ocrx_word' id='word_1_21' title='bbox 78 787 284 849; x_wconf 70' lang='lat' dir='ltr'>»mstamente</span> <span class='ocrx_word' id='word_1_22' title='bbox 317 785 527 851; x_wconf 86' lang='lat' dir='ltr'>manumissus</span> <span class='ocrx_word' id='word_1_23' title='bbox 560 785 644 849; x_wconf 86' lang='lat' dir='ltr'>bena</span> <span class='ocrx_word' id='word_1_24' title='bbox 677 783 737 849; x_wconf 92' lang='lat' dir='ltr'>sibi</span> <span class='ocrx_word' id='word_1_25' title='bbox 766 782 869 848; x_wconf 81' lang='lat' dir='ltr'>addici</span> <span class='ocrx_word' id='word_1_26' title='bbox 899 783 970 847; x_wconf 93' lang='lat' dir='ltr'>nult</span> <span class='ocrx_word' id='word_1_27' title='bbox 1002 781 1195 847; x_wconf 88' lang='lat' dir='ltr'>libertatium</span> 
     </span>
     <span class='ocr_line' id='line_1_5' title="bbox 78 903 1197 986; baseline -0.001 -17"><span class='ocrx_word' id='word_1_28' title='bbox 78 905 285 970; x_wconf 80' lang='lat' dir='ltr'>»tuendarum</span> <span class='ocrx_word' id='word_1_29' title='bbox 301 925 406 986; x_wconf 74' lang='lat' dir='ltr'>cansa,</span> <span class='ocrx_word' id='word_1_30' title='bbox 430 905 597 972; x_wconf 89' lang='lat' dir='ltr'>adeuntem</span> <span class='ocrx_word' id='word_1_31' title='bbox 614 905 722 971; x_wconf 82' lang='lat' dir='ltr'>audiet</span> <span class='ocrx_word' id='word_1_32' title='bbox 736 911 769 970; x_wconf 92' lang='lat' dir='ltr'>et</span> <span class='ocrx_word' id='word_1_33' title='bbox 783 904 866 969; x_wconf 90' lang='lat' dir='ltr'>bona</span> <span class='ocrx_word' id='word_1_34' title='bbox 882 904 909 969; x_wconf 89' lang='lat' dir='ltr'>ei</span> <span class='ocrx_word' id='word_1_35' title='bbox 926 903 1059 982; x_wconf 82' lang='lat' dir='ltr'>addicet,</span> <span class='ocrx_word' id='word_1_36' title='bbox 1082 904 1126 969; x_wconf 92' lang='lat' dir='ltr'>ita</span> <span class='ocrx_word' id='word_1_37' title='bbox 1150 909 1197 969; x_wconf 89' lang='lat' dir='ltr'>ta-</span> 
     </span>
     <span class='ocr_line' id='line_1_6' title="bbox 79 1023 1229 1122; baseline -0.005 -33"><span class='ocrx_word' id='word_1_38' title='bbox 79 1043 176 1103; x_wconf 67' lang='lat' dir='ltr'>rmen,</span> <span class='ocrx_word' id='word_1_39' title='bbox 200 1029 237 1090; x_wconf 92' lang='lat' dir='ltr'>nt</span> <span class='ocrx_word' id='word_1_40' title='bbox 258 1030 291 1090; x_wconf 90' lang='lat' dir='ltr'>et</span> <span class='ocrx_word' id='word_1_41' title='bbox 311 1025 474 1091; x_wconf 76' lang='lat' dir='ltr'>libertates</span> <span class='ocrx_word' id='word_1_42' title='bbox 490 1044 572 1108; x_wconf 89' lang='lat' dir='ltr'>quae</span> <span class='ocrx_word' id='word_1_43' title='bbox 595 1024 714 1090; x_wconf 90' lang='lat' dir='ltr'>directo</span> <span class='ocrx_word' id='word_1_44' title='bbox 736 1043 855 1107; x_wconf 90' lang='lat' dir='ltr'>eaeque</span> <span class='ocrx_word' id='word_1_45' title='bbox 878 1043 960 1107; x_wconf 89' lang='lat' dir='ltr'>quae</span> <span class='ocrx_word' id='word_1_46' title='bbox 982 1044 1039 1107; x_wconf 90' lang='lat' dir='ltr'>per</span> <span class='ocrx_word' id='word_1_47' title='bbox 1056 1023 1229 1122; x_wconf 56' lang='lat' dir='ltr'>⁸speciem5</span> 
     </span>
    </p>
   </div>
   <div class='ocr_carea' id='block_1_3' title="bbox 49 1145 1250 3740">
    <p class='ocr_par' dir='ltr' id='par_1_3' title="bbox 78 1145 1249 3155">
     <span class='ocr_line' id='line_1_7' title="bbox 78 1145 1197 1228; baseline -0.002 -18"><span class='ocrx_word' id='word_1_48' title='bbox 78 1145 325 1211; x_wconf 80' lang='lat' dir='ltr'>»fideicommissi</span> <span class='ocrx_word' id='word_1_49' title='bbox 359 1146 486 1212; x_wconf 90' lang='lat' dir='ltr'>relictae</span> <span class='ocrx_word' id='word_1_50' title='bbox 519 1147 583 1212; x_wconf 91' lang='lat' dir='ltr'>siut</span> <span class='ocrx_word' id='word_1_51' title='bbox 612 1150 856 1225; x_wconf 69' lang='lat' dir='ltr'>conseruntur,</span> <span class='ocrx_word' id='word_1_52' title='bbox 891 1151 986 1228; x_wconf 87' lang='lat' dir='ltr'>atque</span> <span class='ocrx_word' id='word_1_53' title='bbox 1019 1149 1112 1210; x_wconf 88' lang='lat' dir='ltr'>antea</span> <span class='ocrx_word' id='word_1_54' title='bbox 1139 1162 1197 1226; x_wconf 88' lang='lat' dir='ltr'>per</span> 
     </span>
     <span class='ocr_line' id='line_1_8' title="bbox 79 1255 1196 1331; baseline 0 -3"><span class='ocrx_word' id='word_1_55' title='bbox 79 1263 295 1331; x_wconf 80' lang='lat' dir='ltr'>»fideiussores</span> <span class='ocrx_word' id='word_1_56' title='bbox 310 1266 362 1331; x_wconf 89' lang='lat' dir='ltr'>uel</span> <span class='ocrx_word' id='word_1_57' title='bbox 383 1266 476 1330; x_wconf 89' lang='lat' dir='ltr'>aliter</span> <span class='ocrx_word' id='word_1_58' title='bbox 496 1264 607 1330; x_wconf 90' lang='lat' dir='ltr'>idonee</span> <span class='ocrx_word' id='word_1_59' title='bbox 630 1255 839 1331; x_wconf 75' lang='lat' dir='ltr'>creditoribus</span> <span class='ocrx_word' id='word_1_60' title='bbox 862 1270 1014 1331; x_wconf 89' lang='lat' dir='ltr'>caueatur</span> <span class='ocrx_word' id='word_1_61' title='bbox 1036 1264 1074 1330; x_wconf 89' lang='lat' dir='ltr'>de</span> <span class='ocrx_word' id='word_1_62' title='bbox 1096 1264 1196 1329; x_wconf 89' lang='lat' dir='ltr'>solida</span> 
     </span>
     <span class='ocr_line' id='line_1_9' title="bbox 80 1383 1197 1469; baseline 0 -20"><span class='ocrx_word' id='word_1_63' title='bbox 80 1385 182 1467; x_wconf 75' lang='lat' dir='ltr'>»qued</span> <span class='ocrx_word' id='word_1_64' title='bbox 204 1387 316 1469; x_wconf 89' lang='lat' dir='ltr'>cuique</span> <span class='ocrx_word' id='word_1_65' title='bbox 340 1384 472 1451; x_wconf 90' lang='lat' dir='ltr'>debetur</span> <span class='ocrx_word' id='word_1_66' title='bbox 501 1384 662 1452; x_wconf 84' lang='lat' dir='ltr'>soluendo.</span> <span class='ocrx_word' id='word_1_67' title='bbox 709 1384 769 1463; x_wconf 82' lang='lat' dir='ltr'>Qui</span> <span class='ocrx_word' id='word_1_68' title='bbox 791 1403 867 1450; x_wconf 89' lang='lat' dir='ltr'>uero</span> <span class='ocrx_word' id='word_1_69' title='bbox 896 1383 1047 1450; x_wconf 84' lang='lat' dir='ltr'>directam</span> <span class='ocrx_word' id='word_1_70' title='bbox 1069 1383 1197 1449; x_wconf 87' lang='lat' dir='ltr'>liberta-</span> 
     </span>
     <span class='ocr_line' id='line_1_10' title="bbox 79 1504 1196 1589; baseline -0.001 -19"><span class='ocrx_word' id='word_1_71' title='bbox 79 1512 158 1570; x_wconf 73' lang='lat' dir='ltr'>rtcm</span> <span class='ocrx_word' id='word_1_72' title='bbox 183 1511 258 1571; x_wconf 90' lang='lat' dir='ltr'>sunt</span> <span class='ocrx_word' id='word_1_73' title='bbox 284 1505 390 1589; x_wconf 89' lang='lat' dir='ltr'>adepti</span> <span class='ocrx_word' id='word_1_74' title='bbox 418 1506 548 1589; x_wconf 88' lang='lat' dir='ltr'>perinde</span> <span class='ocrx_word' id='word_1_75' title='bbox 575 1504 666 1569; x_wconf 89' lang='lat' dir='ltr'>liberi</span> <span class='ocrx_word' id='word_1_76' title='bbox 694 1509 802 1583; x_wconf 85' lang='lat' dir='ltr'>erunt,</span> <span class='ocrx_word' id='word_1_77' title='bbox 831 1511 927 1586; x_wconf 89' lang='lat' dir='ltr'>atque</span> <span class='ocrx_word' id='word_1_78' title='bbox 955 1505 982 1570; x_wconf 88' lang='lat' dir='ltr'>si</span> <span class='ocrx_word' id='word_1_79' title='bbox 1011 1505 1102 1570; x_wconf 90' lang='lat' dir='ltr'>heres</span> <span class='ocrx_word' id='word_1_80' title='bbox 1129 1505 1196 1587; x_wconf 90' lang='lat' dir='ltr'>ipse</span> 
     </span>
     <span class='ocr_line' id='line_1_11' title="bbox 80 1623 1249 1709; baseline -0.003 -19"><span class='ocrx_word' id='word_1_81' title='bbox 80 1626 211 1691; x_wconf 79' lang='lat' dir='ltr'>»adierit</span> <span class='ocrx_word' id='word_1_82' title='bbox 241 1626 336 1709; x_wconf 88' lang='lat' dir='ltr'>(idest</span> <span class='ocrx_word' id='word_1_83' title='bbox 363 1626 459 1690; x_wconf 84' lang='lat' dir='ltr'>arcini</span> <span class='ocrx_word' id='word_1_84' title='bbox 490 1624 597 1690; x_wconf 90' lang='lat' dir='ltr'>liberti</span> <span class='ocrx_word' id='word_1_85' title='bbox 623 1623 727 1708; x_wconf 86' lang='lat' dir='ltr'>fient):</span> <span class='ocrx_word' id='word_1_86' title='bbox 761 1641 814 1689; x_wconf 89' lang='lat' dir='ltr'>eos</span> <span class='ocrx_word' id='word_1_87' title='bbox 844 1629 967 1708; x_wconf 87' lang='lat' dir='ltr'>autem,</span> <span class='ocrx_word' id='word_1_88' title='bbox 996 1623 1110 1706; x_wconf 91' lang='lat' dir='ltr'>quibus</span> <span class='ocrx_word' id='word_1_89' title='bbox 1141 1641 1198 1705; x_wconf 90' lang='lat' dir='ltr'>per</span> <span class='ocrx_word' id='word_1_90' title='bbox 1217 1634 1249 1686; x_wconf 84' lang='grc' dir='ltr'>ιο</span> 
     </span>
     <span class='ocr_line' id='line_1_12' title="bbox 81 1744 1196 1829; baseline -0.001 -19"><span class='ocrx_word' id='word_1_91' title='bbox 81 1745 327 1812; x_wconf 81' lang='lat' dir='ltr'>»fideicommissi</span> <span class='ocrx_word' id='word_1_92' title='bbox 350 1746 483 1829; x_wconf 88' lang='lat' dir='ltr'>speciem</span> <span class='ocrx_word' id='word_1_93' title='bbox 505 1745 635 1812; x_wconf 87' lang='lat' dir='ltr'>libertas</span> <span class='ocrx_word' id='word_1_94' title='bbox 658 1751 707 1812; x_wconf 89' lang='lat' dir='ltr'>est</span> <span class='ocrx_word' id='word_1_95' title='bbox 727 1745 845 1823; x_wconf 89' lang='lat' dir='ltr'>relicta,</span> <span class='ocrx_word' id='word_1_96' title='bbox 868 1745 1071 1809; x_wconf 82' lang='lat' dir='ltr'>manumittet</span> <span class='ocrx_word' id='word_1_97' title='bbox 1096 1744 1124 1808; x_wconf 89' lang='lat' dir='ltr'>is</span> <span class='ocrx_word' id='word_1_98' title='bbox 1147 1744 1196 1810; x_wconf 92' lang='lat' dir='ltr'>cui</span> 
     </span>
     <span class='ocr_line' id='line_1_13' title="bbox 82 1864 1197 1946; baseline -0.002 -15"><span class='ocrx_word' id='word_1_99' title='bbox 82 1866 179 1932; x_wconf 77' lang='lat' dir='ltr'>»bona</span> <span class='ocrx_word' id='word_1_100' title='bbox 201 1866 328 1933; x_wconf 88' lang='lat' dir='ltr'>addicta</span> <span class='ocrx_word' id='word_1_101' title='bbox 350 1873 434 1946; x_wconf 82' lang='lat' dir='ltr'>sunt,</span> <span class='ocrx_word' id='word_1_102' title='bbox 458 1872 490 1932; x_wconf 89' lang='lat' dir='ltr'>et</span> <span class='ocrx_word' id='word_1_103' title='bbox 507 1868 574 1932; x_wconf 89' lang='lat' dir='ltr'>eius</span> <span class='ocrx_word' id='word_1_104' title='bbox 590 1867 736 1932; x_wconf 90' lang='lat' dir='ltr'>nimirum</span> <span class='ocrx_word' id='word_1_105' title='bbox 752 1866 858 1932; x_wconf 90' lang='lat' dir='ltr'>liberti</span> <span class='ocrx_word' id='word_1_106' title='bbox 879 1864 963 1930; x_wconf 87' lang='lat' dir='ltr'>fient</span> <span class='ocrx_word' id='word_1_107' title='bbox 995 1865 1070 1930; x_wconf 88' lang='lat' dir='ltr'>licet</span> <span class='ocrx_word' id='word_1_108' title='bbox 1092 1870 1197 1930; x_wconf 87' lang='lat' dir='ltr'>autem</span> 
     </span>
     <span class='ocr_line' id='line_1_14' title="bbox 82 1984 1196 2065; baseline -0.004 -13"><span class='ocrx_word' id='word_1_109' title='bbox 82 1988 141 2064; x_wconf 72' lang='lat' dir='ltr'>nei,</span> <span class='ocrx_word' id='word_1_110' title='bbox 165 1986 217 2052; x_wconf 90' lang='lat' dir='ltr'>cui</span> <span class='ocrx_word' id='word_1_111' title='bbox 237 1987 321 2052; x_wconf 88' lang='lat' dir='ltr'>bona</span> <span class='ocrx_word' id='word_1_112' title='bbox 343 1990 417 2052; x_wconf 93' lang='lat' dir='ltr'>sunt</span> <span class='ocrx_word' id='word_1_113' title='bbox 439 1985 581 2065; x_wconf 82' lang='lat' dir='ltr'>addicta,</span> <span class='ocrx_word' id='word_1_114' title='bbox 611 1986 713 2052; x_wconf 90' lang='lat' dir='ltr'>dicere</span> <span class='ocrx_word' id='word_1_115' title='bbox 742 2005 811 2052; x_wconf 85' lang='lat' dir='ltr'>sese</span> <span class='ocrx_word' id='word_1_116' title='bbox 833 2005 895 2051; x_wconf 87' lang='lat' dir='ltr'>non</span> <span class='ocrx_word' id='word_1_117' title='bbox 918 1985 1011 2051; x_wconf 90' lang='lat' dir='ltr'>aliter</span> <span class='ocrx_word' id='word_1_118' title='bbox 1032 1985 1116 2050; x_wconf 88' lang='lat' dir='ltr'>bona</span> <span class='ocrx_word' id='word_1_119' title='bbox 1137 1984 1196 2050; x_wconf 90' lang='lat' dir='ltr'>sibi</span> 
     </span>
     <span class='ocr_line' id='line_1_15' title="bbox 83 2104 1197 2190; baseline -0.004 -18"><span class='ocrx_word' id='word_1_120' title='bbox 83 2107 200 2172; x_wconf 81' lang='lat' dir='ltr'>»addici</span> <span class='ocrx_word' id='word_1_121' title='bbox 230 2107 328 2186; x_wconf 77' lang='lat' dir='ltr'>uelle,</span> <span class='ocrx_word' id='word_1_122' title='bbox 356 2125 451 2190; x_wconf 89' lang='lat' dir='ltr'>quam</span> <span class='ocrx_word' id='word_1_123' title='bbox 479 2107 538 2172; x_wconf 86' lang='lat' dir='ltr'>hac</span> <span class='ocrx_word' id='word_1_124' title='bbox 568 2107 748 2172; x_wconf 85' lang='lat' dir='ltr'>condicione</span> <span class='ocrx_word' id='word_1_125' title='bbox 777 2105 857 2171; x_wconf 92' lang='lat' dir='ltr'>ntii</span> <span class='ocrx_word' id='word_1_126' title='bbox 884 2105 979 2170; x_wconf 91' lang='lat' dir='ltr'>etiam</span> <span class='ocrx_word' id='word_1_127' title='bbox 1001 2104 1057 2188; x_wconf 89' lang='lat' dir='ltr'>qui</span> <span class='ocrx_word' id='word_1_128' title='bbox 1079 2104 1197 2169; x_wconf 86' lang='lat' dir='ltr'>directo</span> 
     </span>
     <span class='ocr_line' id='line_1_16' title="bbox 84 2225 1248 2311; baseline -0.004 -19"><span class='ocrx_word' id='word_1_129' title='bbox 84 2228 276 2294; x_wconf 72' lang='lat' dir='ltr'>»libertatem</span> <span class='ocrx_word' id='word_1_130' title='bbox 303 2229 493 2311; x_wconf 86' lang='lat' dir='ltr'>acceperint,</span> <span class='ocrx_word' id='word_1_131' title='bbox 521 2227 571 2294; x_wconf 88' lang='lat' dir='ltr'>sui</span> <span class='ocrx_word' id='word_1_132' title='bbox 598 2226 676 2293; x_wconf 87' lang='lat' dir='ltr'>fiant</span> <span class='ocrx_word' id='word_1_133' title='bbox 702 2227 816 2292; x_wconf 89' lang='lat' dir='ltr'>liberti.</span> <span class='ocrx_word' id='word_1_134' title='bbox 861 2225 920 2292; x_wconf 87' lang='lat' dir='ltr'>hcc</span> <span class='ocrx_word' id='word_1_135' title='bbox 949 2225 1032 2290; x_wconf 91' lang='lat' dir='ltr'>enim</span> <span class='ocrx_word' id='word_1_136' title='bbox 1059 2225 1085 2290; x_wconf 92' lang='lat' dir='ltr'>si</span> <span class='ocrx_word' id='word_1_137' title='bbox 1107 2243 1198 2306; x_wconf 89' lang='lat' dir='ltr'>prae·</span> <span class='ocrx_word' id='word_1_138' title='bbox 1218 2232 1248 2287; x_wconf 84' lang='lat' dir='ltr'>m</span> 
     </span>
     <span class='ocr_line' id='line_1_17' title="bbox 83 2345 1195 2433; baseline -0.003 -21"><span class='ocrx_word' id='word_1_139' title='bbox 83 2348 209 2413; x_wconf 81' lang='lat' dir='ltr'>»tendat</span> <span class='ocrx_word' id='word_1_140' title='bbox 230 2348 378 2414; x_wconf 89' lang='lat' dir='ltr'>audietur</span> <span class='ocrx_word' id='word_1_141' title='bbox 406 2353 502 2432; x_wconf 86' lang='lat' dir='ltr'>atque</span> <span class='ocrx_word' id='word_1_142' title='bbox 528 2348 595 2416; x_wconf 91' lang='lat' dir='ltr'>eius</span> <span class='ocrx_word' id='word_1_143' title='bbox 624 2349 807 2433; x_wconf 87' lang='lat' dir='ltr'>petitionem</span> <span class='ocrx_word' id='word_1_144' title='bbox 830 2347 978 2429; x_wconf 86' lang='lat' dir='ltr'>Princeps</span> <span class='ocrx_word' id='word_1_145' title='bbox 1002 2345 1195 2429; x_wconf 86' lang='lat' dir='ltr'>comprobat,</span> 
     </span>
     <span class='ocr_line' id='line_1_18' title="bbox 83 2465 1198 2554; baseline -0.004 -20"><span class='ocrx_word' id='word_1_146' title='bbox 83 2469 127 2534; x_wconf 82' lang='lat' dir='ltr'>»si</span> <span class='ocrx_word' id='word_1_147' title='bbox 147 2469 239 2535; x_wconf 87' lang='lat' dir='ltr'>modo</span> <span class='ocrx_word' id='word_1_148' title='bbox 261 2471 283 2535; x_wconf 94' lang='lat' dir='ltr'>ii</span> <span class='ocrx_word' id='word_1_149' title='bbox 298 2471 354 2554; x_wconf 86' lang='lat' dir='ltr'>qui</span> <span class='ocrx_word' id='word_1_150' title='bbox 369 2471 487 2538; x_wconf 77' lang='lat' dir='ltr'>duecte</span> <span class='ocrx_word' id='word_1_151' title='bbox 502 2472 681 2538; x_wconf 88' lang='lat' dir='ltr'>libertatem</span> <span class='ocrx_word' id='word_1_152' title='bbox 697 2470 875 2554; x_wconf 88' lang='lat' dir='ltr'>acceperint</span> <span class='ocrx_word' id='word_1_153' title='bbox 889 2467 1094 2534; x_wconf 86' lang='lat' dir='ltr'>consentiant.</span> <span class='ocrx_word' id='word_1_154' title='bbox 1120 2465 1198 2532; x_wconf 94' lang='lat' dir='ltr'>illud</span> 
     </span>
     <span class='ocr_line' id='line_1_19' title="bbox 85 2585 1194 2672; baseline -0.005 -18"><span class='ocrx_word' id='word_1_155' title='bbox 85 2607 223 2672; x_wconf 78' lang='lat' dir='ltr'>»quoque</span> <span class='ocrx_word' id='word_1_156' title='bbox 238 2591 420 2657; x_wconf 84' lang='lat' dir='ltr'>constitutio</span> <span class='ocrx_word' id='word_1_157' title='bbox 437 2592 525 2657; x_wconf 86' lang='lat' dir='ltr'>addit</span> <span class='ocrx_word' id='word_1_158' title='bbox 539 2591 580 2657; x_wconf 90' lang='lat' dir='ltr'>ad</span> <span class='ocrx_word' id='word_1_159' title='bbox 593 2592 799 2658; x_wconf 88' lang='lat' dir='ltr'>humanitatis</span> <span class='ocrx_word' id='word_1_160' title='bbox 814 2609 891 2656; x_wconf 90' lang='lat' dir='ltr'>suae</span> <span class='ocrx_word' id='word_1_161' title='bbox 914 2585 1194 2652; x_wconf 86' lang='lat' dir='ltr'>confirmationem:</span> 
     </span>
     <span class='ocr_line' id='line_1_20' title="bbox 84 2707 1198 2790; baseline -0.002 -18"><span class='ocrx_word' id='word_1_162' title='bbox 84 2709 146 2772; x_wconf 79' lang='lat' dir='ltr'>»ait</span> <span class='ocrx_word' id='word_1_163' title='bbox 166 2710 246 2774; x_wconf 91' lang='lat' dir='ltr'>enim</span> <span class='ocrx_word' id='word_1_164' title='bbox 269 2711 311 2790; x_wconf 80' lang='lat' dir='ltr'>si,</span> <span class='ocrx_word' id='word_1_165' title='bbox 334 2712 457 2777; x_wconf 84' lang='lat' dir='ltr'>neurine</span> <span class='ocrx_word' id='word_1_166' title='bbox 479 2711 632 2790; x_wconf 76' lang='lat' dir='ltr'>adeunte,</span> <span class='ocrx_word' id='word_1_167' title='bbox 655 2709 748 2777; x_wconf 87' lang='lat' dir='ltr'>fiscus</span> <span class='ocrx_word' id='word_1_168' title='bbox 771 2715 808 2775; x_wconf 88' lang='lat' dir='ltr'>ut</span> <span class='ocrx_word' id='word_1_169' title='bbox 830 2708 977 2775; x_wconf 89' lang='lat' dir='ltr'>uacantia</span> <span class='ocrx_word' id='word_1_170' title='bbox 997 2707 1081 2772; x_wconf 89' lang='lat' dir='ltr'>bona</span> <span class='ocrx_word' id='word_1_171' title='bbox 1103 2724 1198 2788; x_wconf 82' lang='lat' dir='ltr'>agno·</span> 
     </span>
     <span class='ocr_line' id='line_1_21' title="bbox 86 2830 1248 2911; baseline -0.005 -17"><span class='ocrx_word' id='word_1_172' title='bbox 86 2848 186 2895; x_wconf 79' lang='lat' dir='ltr'>»scere</span> <span class='ocrx_word' id='word_1_173' title='bbox 205 2831 356 2910; x_wconf 82' lang='lat' dir='ltr'>uoluerit,</span> <span class='ocrx_word' id='word_1_174' title='bbox 379 2850 441 2896; x_wconf 88' lang='lat' dir='ltr'>non</span> <span class='ocrx_word' id='word_1_175' title='bbox 462 2831 524 2896; x_wconf 90' lang='lat' dir='ltr'>alia</span> <span class='ocrx_word' id='word_1_176' title='bbox 545 2830 725 2897; x_wconf 87' lang='lat' dir='ltr'>condicione</span> <span class='ocrx_word' id='word_1_177' title='bbox 747 2849 818 2895; x_wconf 90' lang='lat' dir='ltr'>eum</span> <span class='ocrx_word' id='word_1_178' title='bbox 841 2847 952 2911; x_wconf 89' lang='lat' dir='ltr'>capere</span> <span class='ocrx_word' id='word_1_179' title='bbox 972 2846 1077 2910; x_wconf 85' lang='lat' dir='ltr'>posse,</span> <span class='ocrx_word' id='word_1_180' title='bbox 1101 2845 1197 2909; x_wconf 90' lang='lat' dir='ltr'>qnam</span> <span class='ocrx_word' id='word_1_181' title='bbox 1214 2835 1248 2886; x_wconf 81' lang='lat' dir='ltr'>ao</span> 
     </span>
     <span class='ocr_line' id='line_1_22' title="bbox 87 2945 1198 3034; baseline -0.001 -22"><span class='ocrx_word' id='word_1_182' title='bbox 87 2955 140 3012; x_wconf 71' lang='lat' dir='ltr'>unt</span> <span class='ocrx_word' id='word_1_183' title='bbox 159 2951 189 3014; x_wconf 93' lang='lat' dir='ltr'>in</span> <span class='ocrx_word' id='word_1_184' title='bbox 211 2951 265 3029; x_wconf 88' lang='lat' dir='ltr'>eis,</span> <span class='ocrx_word' id='word_1_185' title='bbox 288 2951 404 3034; x_wconf 85' lang='lat' dir='ltr'>quibus</span> <span class='ocrx_word' id='word_1_186' title='bbox 419 2951 548 3017; x_wconf 87' lang='lat' dir='ltr'>libertas</span> <span class='ocrx_word' id='word_1_187' title='bbox 565 2956 754 3017; x_wconf 89' lang='lat' dir='ltr'>testamento</span> <span class='ocrx_word' id='word_1_188' title='bbox 772 2948 883 3015; x_wconf 88' lang='lat' dir='ltr'>relicta</span> <span class='ocrx_word' id='word_1_189' title='bbox 897 2953 955 3028; x_wconf 86' lang='lat' dir='ltr'>est,</span> <span class='ocrx_word' id='word_1_190' title='bbox 979 2945 1117 3013; x_wconf 84' lang='lat' dir='ltr'>defuncti</span> <span class='ocrx_word' id='word_1_191' title='bbox 1133 2965 1198 3012; x_wconf 86' lang='lat' dir='ltr'>ser-</span> 
     </span>
     <span class='ocr_line' id='line_1_23' title="bbox 88 3067 1197 3155; baseline -0.001 -22"><span class='ocrx_word' id='word_1_192' title='bbox 88 3075 192 3135; x_wconf 72' lang='lat' dir='ltr'>»uetur</span> <span class='ocrx_word' id='word_1_193' title='bbox 206 3071 364 3152; x_wconf 86' lang='lat' dir='ltr'>uoluntas,</span> <span class='ocrx_word' id='word_1_194' title='bbox 382 3073 469 3138; x_wconf 89' lang='lat' dir='ltr'>cuius</span> <span class='ocrx_word' id='word_1_195' title='bbox 486 3078 590 3138; x_wconf 90' lang='lat' dir='ltr'>essent</span> <span class='ocrx_word' id='word_1_196' title='bbox 606 3072 712 3155; x_wconf 89' lang='lat' dir='ltr'>adepti</span> <span class='ocrx_word' id='word_1_197' title='bbox 726 3069 919 3148; x_wconf 87' lang='lat' dir='ltr'>beneficium,</span> <span class='ocrx_word' id='word_1_198' title='bbox 941 3069 968 3134; x_wconf 91' lang='lat' dir='ltr'>si</span> <span class='ocrx_word' id='word_1_199' title='bbox 983 3067 1079 3133; x_wconf 91' lang='lat' dir='ltr'>aditio</span> <span class='ocrx_word' id='word_1_200' title='bbox 1095 3067 1197 3132; x_wconf 89' lang='lat' dir='ltr'>locum</span> 
     </span>
    </p>

    <p class='ocr_par' dir='ltr' id='par_1_4' title="bbox 49 3187 1250 3740">
     <span class='ocr_line' id='line_1_24' title="bbox 49 3187 1199 3274; baseline 0.001 -23"><span class='ocrx_word' id='word_1_201' title='bbox 49 3202 70 3251; x_wconf 89' lang='lat' dir='ltr'>a.</span> <span class='ocrx_word' id='word_1_202' title='bbox 89 3187 288 3256; x_wconf 80' lang='lat' dir='ltr'>»habuisset«</span> <span class='ocrx_word' id='word_1_203' title='bbox 334 3193 362 3256; x_wconf 82' lang='lat'>2.</span> <span class='ocrx_word' id='word_1_204' title='bbox 386 3192 454 3258; x_wconf 88' lang='lat' dir='ltr'>Hoc</span> <span class='ocrx_word' id='word_1_205' title='bbox 477 3198 583 3258; x_wconf 90' lang='lat' dir='ltr'>autem</span> <span class='ocrx_word' id='word_1_206' title='bbox 605 3192 792 3274; x_wconf 89' lang='lat' dir='ltr'>rescriptum</span> <span class='ocrx_word' id='word_1_207' title='bbox 814 3209 877 3255; x_wconf 92' lang='lat' dir='ltr'>non</span> <span class='ocrx_word' id='word_1_208' title='bbox 899 3195 1024 3254; x_wconf 89' lang='lat' dir='ltr'>tantum</span> <span class='ocrx_word' id='word_1_209' title='bbox 1046 3188 1199 3254; x_wconf 85' lang='lat' dir='ltr'>libertati·</span> 
     </span>
     <span class='ocr_line' id='line_1_25' title="bbox 86 3308 1198 3393; baseline 0.002 -22"><span class='ocrx_word' id='word_1_210' title='bbox 86 3308 143 3374; x_wconf 90' lang='lat' dir='ltr'>bus</span> <span class='ocrx_word' id='word_1_211' title='bbox 162 3312 324 3390; x_wconf 85' lang='lat' dir='ltr'>subuenit‚</span> <span class='ocrx_word' id='word_1_212' title='bbox 348 3317 397 3376; x_wconf 87' lang='lat' dir='ltr'>set</span> <span class='ocrx_word' id='word_1_213' title='bbox 418 3312 512 3377; x_wconf 88' lang='lat' dir='ltr'>etiam</span> <span class='ocrx_word' id='word_1_214' title='bbox 536 3311 704 3393; x_wconf 78' lang='lat' dir='ltr'>defunctis,</span> <span class='ocrx_word' id='word_1_215' title='bbox 726 3331 767 3377; x_wconf 90' lang='lat' dir='ltr'>ne</span> <span class='ocrx_word' id='word_1_216' title='bbox 789 3330 897 3378; x_wconf 89' lang='lat' dir='ltr'>eorum</span> <span class='ocrx_word' id='word_1_217' title='bbox 919 3311 1002 3375; x_wconf 86' lang='lat' dir='ltr'>bona</span> <span class='ocrx_word' id='word_1_218' title='bbox 1024 3329 1043 3374; x_wconf 91' lang='lat' dir='ltr'>a</span> <span class='ocrx_word' id='word_1_219' title='bbox 1066 3309 1198 3374; x_wconf 68' lang='lat' dir='ltr'>credita</span> 
     </span>
     <span class='ocr_line' id='line_1_26' title="bbox 87 3427 1250 3513; baseline 0.001 -21"><span class='ocrx_word' id='word_1_220' title='bbox 87 3429 167 3496; x_wconf 85' lang='lat' dir='ltr'>ribus</span> <span class='ocrx_word' id='word_1_221' title='bbox 188 3431 425 3513; x_wconf 87' lang='lat' dir='ltr'>possiderentur</span> <span class='ocrx_word' id='word_1_222' title='bbox 446 3437 542 3513; x_wconf 90' lang='lat' dir='ltr'>atque</span> <span class='ocrx_word' id='word_1_223' title='bbox 562 3433 715 3498; x_wconf 87' lang='lat' dir='ltr'>uenirent.</span> <span class='ocrx_word' id='word_1_224' title='bbox 750 3451 822 3497; x_wconf 90' lang='lat' dir='ltr'>nam</span> <span class='ocrx_word' id='word_1_225' title='bbox 846 3449 916 3496; x_wconf 91' lang='lat' dir='ltr'>cum</span> <span class='ocrx_word' id='word_1_226' title='bbox 938 3431 1021 3495; x_wconf 88' lang='lat' dir='ltr'>bena</span> <span class='ocrx_word' id='word_1_227' title='bbox 1043 3427 1198 3493; x_wconf 89' lang='lat' dir='ltr'>libertatis</span> <span class='ocrx_word' id='word_1_228' title='bbox 1217 3433 1250 3484; x_wconf 78' lang='lat'>25</span> 
     </span>
     <span class='ocr_line' id='line_1_27' title="bbox 87 3547 1197 3634; baseline -0.004 -19"><span class='ocrx_word' id='word_1_229' title='bbox 87 3551 185 3630; x_wconf 81' lang='lat' dir='ltr'>gratia</span> <span class='ocrx_word' id='word_1_230' title='bbox 206 3553 328 3619; x_wconf 90' lang='lat' dir='ltr'>cuidam</span> <span class='ocrx_word' id='word_1_231' title='bbox 350 3571 388 3618; x_wconf 86' lang='lat' dir='ltr'>ex</span> <span class='ocrx_word' id='word_1_232' title='bbox 409 3553 447 3618; x_wconf 89' lang='lat' dir='ltr'>iis</span> <span class='ocrx_word' id='word_1_233' title='bbox 475 3551 679 3633; x_wconf 87' lang='lat' dir='ltr'>addicantur,</span> <span class='ocrx_word' id='word_1_234' title='bbox 707 3552 821 3634; x_wconf 86' lang='lat' dir='ltr'>quibus</span> <span class='ocrx_word' id='word_1_235' title='bbox 848 3552 977 3617; x_wconf 85' lang='lat' dir='ltr'>libertas</span> <span class='ocrx_word' id='word_1_236' title='bbox 1008 3555 1058 3615; x_wconf 86' lang='lat' dir='ltr'>est</span> <span class='ocrx_word' id='word_1_237' title='bbox 1079 3547 1197 3625; x_wconf 82' lang='lat' dir='ltr'>relicta,</span> 
     </span>
     <span class='ocr_line' id='line_1_28' title="bbox 90 3667 1199 3740; baseline -0.002 -5"><span class='ocrx_word' id='word_1_238' title='bbox 90 3679 185 3739; x_wconf 86' lang='lat' dir='ltr'>cessat</span> <span class='ocrx_word' id='word_1_239' title='bbox 208 3675 363 3740; x_wconf 86' lang='lat' dir='ltr'>benorum</span> <span class='ocrx_word' id='word_1_240' title='bbox 390 3673 545 3739; x_wconf 90' lang='lat' dir='ltr'>uenditi0:</span> <span class='ocrx_word' id='word_1_241' title='bbox 576 3673 680 3739; x_wconf 85' lang='lat' dir='ltr'>extitit</span> <span class='ocrx_word' id='word_1_242' title='bbox 709 3673 791 3738; x_wconf 90' lang='lat' dir='ltr'>euim</span> <span class='ocrx_word' id='word_1_243' title='bbox 820 3671 949 3738; x_wconf 87' lang='lat' dir='ltr'>idoneus</span> <span class='ocrx_word' id='word_1_244' title='bbox 980 3669 1119 3736; x_wconf 85' lang='lat' dir='ltr'>defuncti</span> <span class='ocrx_word' id='word_1_245' title='bbox 1147 3667 1199 3733; x_wconf 76' lang='lat' dir='ltr'>de</span> 
     </span>
    </p>
   </div>
   <div class='ocr_carea' id='block_1_4' title="bbox 0 0 1447 4712">
    <p class='ocr_par' dir='ltr' id='par_1_5' title="bbox 0 0 1447 4712">
     <span class='ocr_line' id='line_1_29' title="bbox 0 0 1447 4712; baseline 0 0"><span class='ocrx_word' id='word_1_246' title='bbox 0 0 1447 4712; x_wconf 95' lang='lat' dir='ltr'> </span> 
     </span>
    </p>
   </div>
  </div>
 </body>
</html>
