2926 4708
534 352 770 418 -193-

100 538 162 620 dit),
180 539 339 621 rumpitur
360 538 479 606 iactum
510 544 733 605 testamentum
763 541 838 606 noui
866 541 915 606 sui
946 539 1073 606 heredis
1101 539 1217 624 udgpu»

69 657 88 708 ²-
104 657 184 736 tione,
206 658 340 740 perinde
362 676 399 724 uc
421 659 449 724 si
470 665 636 740 postumus
658 659 825 752 nutuslsit
863 660 894 722 2.
927 657 982 724 Set
1003 666 1036 724 et
1057 659 1216 742 posterius

100 781 311 840 testamentum
343 777 414 842 iure
446 777 619 860 perfectum
648 779 795 861 superius
822 796 968 860 rumpere
997 784 1119 862 potest;
1149 779 1217 854 siue

98 893 159 972 quis
179 913 219 960 ex
241 914 278 961 ec
293 897 386 961 heres
406 897 553 976 extiterit,
569 897 637 962 siue
651 914 712 963 nun
728 897 878 976 extiterit,
901 895 955 980 qui
971 903 1076 963 tamen
1092 898 1216 964 omnino

101 1013 224 1078 existere
244 1014 387 1096 potuerit
408 1013 454 1098 (id
477 1015 560 1082 enim
588 1016 806 1084 tantummodo
833 1021 1012 1098 spectemus
1040 1035 1081 1081 an
1111 1016 1216 1100 aliquo
1250 1016 1268 1069 ὖ

95 1151 163 1198 cusu
183 1133 326 1215 potuerit
348 1133 507 1216 existere).
536 1135 692 1217 quomodo
714 1141 820 1202 sutem
843 1153 914 1200 cum
937 1134 1011 1217 quis
1031 1136 1124 1202 heres
1147 1153 1217 1202 esse

98 1259 201 1332 posset,
228 1271 289 1319 non
313 1251 439 1319 extitit?
461 1251 543 1335 finge
565 1271 637 1318 eum
667 1254 722 1336 qui
751 1253 925 1336 posteriore
954 1259 1143 1320 testamento
1171 1253 1216 1320 in·

97 1371 221 1437 stitutus
242 1381 301 1451 est,
324 1372 532 1439 hereditatem
560 1372 744 1456 repudiasse
773 1373 825 1439 uel
841 1359 927 1439 luiuo
955 1379 1108 1466 testatcre
1134 1390 1216 1437 mor-

97 1466 176 1554 tuum
198 1509 282 1568 esse,
305 1491 358 1558 uel
384 1497 615 1574 postmortem
644 1491 772 1576 quidem
801 1493 979 1573 testatoris,
1009 1499 1083 1558 ante
1110 1477 1256 1558 autem⁴

97 1607 276 1683 editionem
304 1611 355 1676 uel
383 1631 420 1677 eo
449 1612 508 1677 sub
531 1615 711 1678 condicione
734 1612 866 1695 scripte,
898 1611 1109 1678 condicionem
1133 1611 1269 1678 dete-10

96 1727 177 1794 cisse.
224 1738 321 1811 utque
347 1731 379 1794 in
410 1729 562 1796 eiusmodi
589 1731 716 1797 casibus
746 1729 783 1796 fit
810 1738 846 1795 ut
876 1735 1025 1807 testator,
1053 1747 1122 1795 cum
1153 1729 1216 1796 duo

94 1847 263 1914 condiderit
287 1855 495 1928 testamenta,
525 1851 695 1916 intestatus
724 1850 872 1928 decedat,
899 1866 970 1916 cum
997 1848 1086 1932 prius
1114 1849 1215 1914 altero

95 1965 169 2033 [κιο
191 1973 370 2049 rumpetur,
392 1969 550 2050 posterius
570 1987 656 2048 nero,
671 1985 742 2033 cum
765 1987 803 2033 ex
825 1986 861 2034 eo
883 1986 974 2034 nemo
996 1968 1087 2034 heres
1109 1968 1216 2034 extite-

58 2095 78 2144 r.
95 2085 143 2165 rit,
163 2087 267 2151 nullas
288 2086 405 2153 hebeat
427 2087 523 2153 uires.
572 2087 602 2151 3.
637 2087 693 2154 Set
720 2087 747 2152 si
775 2085 847 2180 quis
875 2087 907 2151 in
935 2075 1123 2152 testamento
1146 2085 1215 2182 'Pri-

94 2221 172 2267 mum
193 2204 342 2270 heredem
366 2207 514 2284 instituit,
537 2205 649 2271 deinde
676 2212 748 2286 post
774 2203 900 2288 aliquod
929 2211 1054 2287 tempus
1081 2205 1215 2271 aiterum
1236 2218 1267 2270 15

93 2341 256 2404 aggressus
286 2333 335 2390 est
363 2329 603 2402 testamentum,
631 2323 715 2405 quod
743 2331 776 2390 et
803 2323 873 2389 iure
899 2322 1042 2406 perfecit,
1072 2321 1215 2391 Secundo

92 2439 135 2505 ita
154 2441 272 2508 herede
298 2441 463 2507 instituto:
497 2439 707 2508 Secundus
739 2440 856 2508 heres
891 2449 976 2508 esto
1006 2461 1050 2507 er
1079 2442 1152 2507 illa
1179 2451 1217 2508 et

91 2559 159 2624 iliu
179 2579 233 2640 re,
255 2560 456 2626 nihilomiuus
478 2568 511 2626 et
531 2561 577 2627 itn
598 2561 687 2642 prius
708 2563 864 2643 rumpitur
885 2568 1118 2628 testamentum.
1164 2581 1215 2628 ne

90 2698 148 2759 quc
169 2682 254 2746 enim
281 2679 356 2763 quia
383 2699 421 2746 ex
451 2687 540 2746 certa
567 2698 603 2745 re
629 2680 766 2764 scriptus
794 2687 843 2746 est
873 2678 1035 2748 &enudus
1062 2681 1154 2748 heres
1183 2681 1216 2746 iu

88 2798 261 2876 posteriore
283 2804 484 2876 testnmeuto,
506 2798 577 2864 ideo
599 2798 720 2864 inutilis
745 2797 903 2865 institutio
931 2807 996 2872 est,
1025 2800 1121 2882 idque
1142 2800 1215 2866 'diui
1233 2802 1269 2855 2⁰

90 2915 226 2982 Seuerus
249 2924 283 2984 et
305 2917 482 2984 Antoninus
505 2917 744 3001 rescripserunt
789 2916 857 2984 eius
885 2923 991 2983 nutem
1020 2919 1217 2985 constitutio·

87 3037 134 3102 nis
158 3039 553 3122 seruantissimum
577 3039 658 3104 enim
680 3038 852 3105 absurdum
881 3043 930 3103 est
957 3055 1064 3104 eorum
1088 3038 1216 3103 mentie

89 3176 156 3222 nem
180 3159 307 3232 hahere,
329 3176 400 3224 curn
424 3165 458 3223 et
479 3157 613 3224 aiterum
635 3156 712 3238 quid
735 3156 882 3222 utilitatis
904 3154 977 3222 inde
1004 3157 1122 3238 percipi
1145 3175 1216 3238 pos·

87 3275 150 3356 sit).
199 3282 334 3342 testatus
356 3273 462 3340 iuerat
483 3274 610 3358 quidam
632 3274 801 3358 pluresque
823 3276 992 3358 scripserat
1013 3275 1162 3342 heredes:
1181 3277 1215 3342 iu

86 3395 262 3474 posteriore
294 3400 486 3460 testamento
517 3393 614 3459 elium
650 3393 806 3476 quendam
842 3412 880 3458 ex
914 3395 1011 3459 certis
1045 3394 1140 3459 rebus
1168 3393 1215 3458 in-
1233 3411 1268 3466 ee

87 3515 253 3595 scitamur,
275 3515 397 3580 addens
420 3531 491 3580 sese
512 3513 601 3595 prius
628 3520 851 3580 testamentum
877 3511 1081 3580 nihilominus
1108 3512 1216 3580 ualere

86 3631 177 3697 uelle.
223 3630 302 3698 (ium
324 3638 471 3698 mortuus
493 3639 587 3707 esset,
609 3630 709 3698 reluta
731 3649 782 3697 res
805 3638 855 3698 est
875 3632 916 3696 ad
939 3629 1092 3699 Seuerum
1107 3637 1140 3697 et
1153 3631 1216 3698 Au·
