2936 4704
526 346 759 410 ..143-

95 533 134 594 sat
150 529 244 596 etiam
268 543 419 612 percos,
442 543 521 612 qnos
549 529 583 595 in
604 537 761 614 potestate
784 531 936 599 habemus
957 539 990 599 at
1011 551 1068 615 pou
1088 531 1208 598 discos

96 665 195 727 umus,
216 647 254 714 in
277 647 396 732 quibus
417 648 647 716 usumfructum
673 650 826 717 habemus
856 656 889 717 et
916 668 976 733 per
1000 651 1115 718 liberas
1138 669 1206 732 per·

96 783 170 834 uuus
189 773 226 834 et
248 785 309 852 per
330 767 449 834 alienos
470 787 598 844 seruos,
625 785 705 850 quos
727 768 892 836 bonafide
914 771 1127 852 possidemus,
1155 789 1208 836 no-

96 891 161 953 sbos
172 905 245 955 esse
260 904 373 954 seruos
388 905 443 953 cos
457 889 679 955 existimantes
702 889 871 970 dequibus
886 889 1016 972 singulis
1029 889 1208 974 diligentins

68 1011 84 1060 1·
97 1005 296 1085 dispiciamus.
342 1010 370 1073 1.
403 1007 446 1073 Et
471 1009 504 1074 in
532 1007 641 1092 primis
663 1009 835 1092 adquirunt
864 1009 953 1077 nobis
981 1009 1073 1076 liberi
1099 1010 1209 1090 nostri,
1242 1009 1261 1060 ⁶

96 1126 185 1206 quiin
207 1130 373 1208 potestate
394 1135 502 1194 nostra
526 1133 610 1208 sunt,
633 1133 697 1194 lam
720 1125 851 1193 musculi
871 1145 967 1210 qnam
988 1127 1132 1196 feminae
1159 1136 1209 1194 sot

96 1244 155 1308 olim
172 1245 305 1325 quidem
327 1245 478 1326 quidquid
501 1246 541 1310 ad
564 1263 618 1312 eos
640 1251 830 1326 peruenerat
851 1245 959 1326 nobis,
987 1263 1121 1327 qnorum
1148 1245 1210 1312 iuri

95 1370 171 1428 usuc
196 1363 354 1442 subiecti,
389 1364 599 1446 adquirebam
632 1365 782 1448 (exceptis
811 1366 1023 1432 castrensibus
1051 1365 1208 1448 peculiis):

95 1488 121 1548 c
137 1483 179 1548 ru
196 1459 380 1565 poenulo
394 1481 520 1562 debent,
543 1501 624 1564 quae
644 1503 665 1550 ι
685 1485 793 1550 sineru
807 1485 1058 1568 adquirerentur,
1074 1490 1111 1549 ut
1125 1488 1210 1550 esset

96 1601 132 1666 eis
151 1600 278 1668 licentia
300 1603 384 1684 quod
406 1621 462 1684 per
484 1622 580 1669 uuum
602 1601 699 1668 filium
722 1604 773 1669 uel
795 1623 889 1668 unam
903 1603 1000 1668 filiam
1015 1609 1100 1669 esset
1113 1621 1209 1700 quae·
1229 1613 1262 1665 ιο

94 1720 184 1800 utum,
205 1721 263 1786 alii
279 1719 450 1787 liberorum
465 1722 516 1788 uel
531 1728 678 1790 extraneo
693 1723 810 1790 donam
825 1723 876 1788 uel
899 1723 1036 1790 uendere
1059 1719 1113 1790 uel
1133 1739 1209 1805 quo-

95 1839 312 1919 modocumque
334 1838 515 1906 uensferre,
553 1841 637 1924 quod
659 1859 730 1908 cum
752 1842 955 1908 inhnmanum
977 1859 1047 1908 esse
1068 1841 1208 1924 piissimo

94 1963 187 2025 nosbo
221 1958 358 2041 principi
392 1959 572 2038 uideretur,
606 1961 746 2041 generali
775 1959 999 2026 constitutione
1027 1965 1207 2042 competens

95 2077 228 2144 adhibuit
252 2079 435 2157 remedium,
458 2098 515 2161 per
539 2076 624 2162 qnod
646 2085 679 2145 et
704 2079 813 2146 liberis
839 2079 979 2160 peporcit
1008 2086 1041 2146 et
1063 2079 1207 2159 patribus

97 2197 222 2262 debitum
246 2196 436 2262 reseruanit
480 2197 573 2263 ιιιιιιι
594 2196 677 2264 enim
700 2197 824 2278 siquid
853 2216 891 2262 ex
918 2215 953 2262 re
974 2196 1075 2278 patris
1102 2195 1131 2262 ei
1154 2195 1208 2261 ob
1227 2217 1259 2269 ιι

95 2317 205 2395 neunt,
238 2317 296 2400 qni
325 2317 367 2382 sit
394 2317 425 2382 in
452 2321 624 2398 potestate,
655 2317 754 2382 ueluti
782 2321 872 2401 petre
899 2317 1037 2382 donante
1063 2333 1120 2382 seu
1146 2313 1208 2380 alio

95 2435 223 2516 quolibet
249 2437 345 2503 modo
373 2438 405 2502 in
432 2454 503 2502 eum
533 2435 759 2516 transferente,
787 2436 820 2503 id
847 2438 1018 2506 secundum
1046 2435 1207 2518 antiquam

94 2553 336 2622 obseruationem
358 2561 460 2622 totum
482 2556 606 2640 parenti
628 2555 768 2638 adquiri,
791 2553 893 2638 (nulls
913 2555 996 2622 enlm
1010 2554 1132 2622 inuidia
1148 2560 1206 2634 ost,

93 2673 218 2756 siquod
240 2693 278 2740 ex
298 2673 400 2756 patris
422 2673 586 2741 suessione
607 2674 781 2759 profectum
802 2676 854 2754 sit,
876 2675 910 2740 id
930 2674 1023 2740 simili
1051 2674 1207 2740 modoad

92 2797 206 2870 patrem
228 2794 441 2874 reuertatur):
463 2792 547 2876 quod
574 2796 679 2860 antem
707 2793 770 2858 aliu
798 2811 837 2858 ax
866 2811 963 2859 consa
989 2789 1207 2858 filiusfamilias
1224 2804 1260 2856 uo

92 2909 130 2974 sit
148 2911 290 2993 adeptus,
314 2913 383 2978 eius
399 2911 523 2995 quidem
539 2911 767 2977 usumfructum
790 2911 872 2991 putri
894 2909 1013 2992 quaeri,
1036 2909 1207 2977 dominium

91 3033 190 3094 aulem
212 3030 296 3115 apud
317 3029 416 3096 filium
438 3049 574 3096 manere.
619 3030 760 3111 iniquum
782 3035 832 3096 est
855 3029 936 3096 enim
957 3029 1042 3111 quod
1064 3028 1207 3114 plurimis

91 3145 249 3217 laboribus
269 3151 319 3220 nel
341 3169 493 3234 prospera
514 3151 642 3217 fortuna
664 3149 758 3218 abcoi
780 3149 918 3218 moesus
942 3149 975 3216 id
1000 3147 1055 3215 ulli
1082 3147 1207 3216 cnidum

90 3275 250 3349 pontum
268 3275 300 3335 et
321 3271 499 3336 luctuosum
522 3269 551 3336 ei
573 3271 751 3352 procedere,
773 3270 827 3350 qui
848 3269 889 3335 ab
911 3269 1001 3335 initio
1023 3272 1134 3334 nectus
1149 3271 1206 3344 est

90 3403 145 3452 non
165 3386 251 3454 odeo
271 3389 353 3455 enim
375 3389 446 3469 quis
468 3389 673 3456 contristatur
694 3407 765 3456 cum
787 3386 866 3454 nibil
888 3387 1091 3468 adquisierit,
1113 3401 1207 3468 quam
1224 3411 1259 3464 ιι

55 3505 155 3568 tcum
176 3505 211 3570 id
234 3507 317 3587 qnod
339 3509 382 3573 sit
402 3509 536 3590 adsptm
557 3509 707 3575 amiserit
752 3507 781 3572 ι.
816 3505 897 3575 (lum
919 3513 952 3574 et
980 3513 1055 3572 anto
1076 3503 1208 3586 piissimi

89 3623 284 3706 inperatoris
306 3627 405 3694 nostri
427 3627 681 3694 constitutionem
703 3625 860 3708 quaedam
875 3630 983 3694 essent
1003 3641 1085 3705 quae
1107 3623 1207 3708 patris
