2920 4750
562 353 802 416 -473-

96 537 116 589 3.
127 529 155 591 3.
178 525 296 588 Harum
331 545 407 591 uero
442 527 659 610 exceptionum
694 548 783 592 usum
818 528 948 592 ulterius
983 547 1075 607 quum
1105 527 1238 591 diximus

126 651 263 715 uarietas
286 652 482 733 negotiorum
505 652 687 718 introducit:
711 657 816 736 potest
831 653 913 716 enim
932 651 1136 734 triplicationi
1151 673 1238 732 qua-

126 775 358 858 druplicatio
383 777 508 859 opponi.
547 777 634 840 Haec
650 795 726 840 uero
743 776 847 840 omnia
863 795 902 839 ex
918 775 1031 840 latiore
1047 775 1239 858 digestomm

93 911 115 960 4.
126 919 258 982 corpore
275 899 370 965 focile
386 907 434 966 est
449 920 649 982 cognoscere.
684 907 713 966 4.
730 898 850 976 Quibus
867 900 1102 983 exceptionibus
1118 900 1240 965 debitor

125 1025 171 1088 uti
194 1031 311 1107 potest,
340 1046 396 1090 ees
425 1025 608 1107 plerumque
638 1033 670 1089 et
696 1025 861 1088 fideiussor
888 1025 1025 1107 opponit.
1072 1032 1103 1088 et
1129 1025 1239 1090 merito
1279 1039 1293 1090 5

125 1149 265 1231 quidem;
289 1171 362 1214 nam
385 1149 431 1230 id,
457 1151 541 1230 quod
565 1171 585 1214 o
608 1149 791 1215 fideiussore
815 1150 944 1232 petitur,
968 1170 989 1213 a
1013 1149 1153 1214 debitore
1177 1150 1241 1232 peti

125 1273 263 1354 uidetur;
289 1275 315 1337 si
338 1275 420 1338 enim
443 1273 609 1338 fideiussor
637 1274 780 1356 soluerit,
809 1273 949 1338 mandati
979 1294 1048 1338 cnm
1076 1273 1130 1338 illo
1159 1279 1241 1356 eget.

122 1398 207 1461 unde
232 1399 259 1462 si
282 1406 393 1481 pactus
417 1399 475 1462 sim
492 1419 562 1463 cum
580 1398 721 1463 debitore
745 1419 815 1463 meo
832 1399 872 1462 de
888 1418 950 1462 non
966 1397 1102 1481 petendo
1126 1397 1241 1472 debito,

122 1524 210 1604 pacti
244 1523 387 1607 exceptio
422 1523 460 1586 iis
496 1543 634 1605 quoqne,
670 1523 723 1604 qni
750 1543 807 1606 pro
842 1543 879 1588 eo
915 1543 985 1586 sese
1022 1522 1241 1604 obligauerint,

123 1647 262 1728 dabitur,
287 1647 416 1731 perinde
440 1655 535 1729 atque
559 1649 587 1713 si
604 1655 711 1732 aperte
736 1649 866 1712 dixerim
892 1652 941 1712 ‘ne
961 1669 981 1711 a
1001 1647 1091 1712 uobis
1116 1647 1241 1730 quidem
1262 1659 1295 1711 10

121 1772 263 1835 debitum
278 1773 402 1856 petam’.
438 1773 522 1838 Sane
542 1774 698 1854 quaedam
718 1774 919 1856 exceptiones
941 1781 1021 1851 sunt,
1046 1774 1161 1854 quibus
1176 1792 1240 1836 non

57 1959 63 1970 ,
119 1915 226 1976 aeque
250 1917 319 1960 cum
343 1897 485 1962 debitore
513 1905 544 1962 et
569 1899 734 1962 fideiussor
756 1898 876 1961 fruitur.
923 1907 956 1962 ut
984 1918 1071 1962 ecoe:
1101 1905 1240 1962 mutuum

119 2021 198 2084 dedi
221 2021 325 2084 Primo
353 2028 384 2086 et
408 2021 584 2086 Secundum
611 2023 827 2088 fideiussorem
856 2022 973 2105 accepi.
1023 2022 1145 2085 Primus
1175 2021 1239 2086 suis

119 2145 216 2209 bonis
240 2146 342 2227 cessit,
366 2165 467 2226 neque
492 2147 610 2227 aliquid
627 2147 827 2212 emolumenti
841 2153 955 2230 postea
975 2152 1159 2210 consecutus
1184 2151 1239 2209 est.

118 2269 147 2333 si
176 2291 196 2332 a
221 2288 268 2334 me
292 2269 499 2335 conueniatur
520 2272 635 2354 poterit
658 2271 811 2336 eiusmodi
828 2271 1013 2354 exceptione
1038 2270 1082 2334 uti
1105 2273 1152 2334 ‘at
1166 2268 1239 2332 nisi
1260 2287 1292 2338 15

118 2395 234 2458 bonis
263 2395 390 2472 cessi,
419 2416 481 2477 qua
508 2416 557 2460 me
581 2417 601 2460 a
624 2395 678 2459 lite
706 2397 838 2478 repellit.
884 2396 963 2460 haec
991 2415 1066 2459 uero
1096 2393 1239 2476 exceptio

116 2519 360 2584 fideiussoribus
384 2519 451 2584 eius
474 2540 537 2584 non
559 2520 710 2603 proderit,
734 2520 805 2584 ideo
829 2539 955 2603 nempe,
980 2518 1054 2598 quia
1077 2518 1118 2598 is,
1143 2517 1196 2598 qui
1220 2539 1240 2580 a

116 2645 268 2708 debitore
296 2665 352 2710 suo
381 2644 582 2709 fideiussores
606 2643 734 2727 occipit,
762 2644 823 2708 sibi
850 2644 1044 2727 potissimum
1067 2643 1239 2707 ‘consulens

114 2769 195 2833 ideo
213 2769 337 2852 accipit,
354 2775 387 2834 ut
403 2770 431 2833 si
448 2769 571 2834 debitor
587 2789 650 2833 non
667 2769 817 2833 soluendo
836 2768 906 2844 fiat,
923 2769 1023 2850 possit
1039 2767 1239 2831 fideiussores

114 2894 306 2974 conuenire;
331 2894 379 2958 sin
396 2900 499 2958 autern
517 2893 668 2958 cessionis
685 2893 902 2976 exceptionem
918 2892 1092 2956 fideiussori
1116 2910 1238 2971 quoque
1258 2908 1292 2959 20

114 3019 249 3098 demde,
285 3017 401 3082 inutilis
437 3018 496 3082 erit
529 3018 604 3082 mihi
640 3038 728 3099 curu,
761 3010 824 3098 qu'a
857 3017 1059 3082 fideiussores
1095 3015 1238 3097 occipere

112 3141 237 3206 studui.
