2898 4712
527 350 760 416 -253-

93 541 116 606 si
137 542 205 624 quis
228 547 332 607 cutem
356 538 513 606 codicillos
535 558 604 604 cnm
628 537 749 617 fecerit,
779 539 966 622 superninat
994 545 1089 619 atque
1116 545 1208 606 teste·

95 669 150 738 tur,
172 658 363 742 Papinianus
386 679 446 724 non
469 657 561 724 aliter
583 659 668 724 uires
691 659 807 725 hahere
829 656 987 724 codicillos
1002 667 1096 724 antec
1111 658 1209 724 lectos

95 779 148 857 nit,
177 797 270 860 quam
299 781 325 844 si
348 779 524 862 specialiter
545 780 575 842 in
599 785 786 844 testamento
809 796 863 843 eos
891 776 1138 856 confirmauerit‚
1166 777 1210 843 di·

96 918 176 964 cens:
202 918 320 984 »qnos
342 908 435 965 ante
458 906 742 964 testamentum
770 898 982 965 codicillos
1005 898 1080 965 leci
1103 903 1210 963 ratos

96 1019 248 1084 habeo«.
292 1025 340 1084 set
363 1019 440 1084 haec
468 1019 592 1101 quidem
615 1017 821 1101 Papinianum
847 1020 911 1084 diui
939 1025 1044 1084 antem
1074 1018 1210 1084 Seuerus
1246 1041 1261 1090 u

98 1147 124 1204 et
155 1141 330 1204 Antoninus
368 1139 597 1220 rescripserunt
631 1136 868 1203 fideicommissa
899 1140 930 1203 in
960 1137 1111 1204 codicillis
1139 1147 1211 1203 ante

99 1264 310 1324 testamentum
334 1259 460 1341 scriptis
482 1258 591 1323 relicte
612 1275 743 1338 prorsus
765 1258 830 1340 peti
853 1275 955 1338 posse,
978 1257 1051 1323 licet
1073 1277 1134 1324 non
1150 1260 1213 1324 sint

99 1377 274 1455 confirmati,
298 1378 359 1442 nisi
381 1383 515 1443 testator
540 1377 731 1459 expresserit
759 1395 793 1444 se
822 1395 841 1442 a
871 1376 1036 1443 uoluntate
1063 1396 1156 1458 quam
1180 1379 1211 1442 in

66 1507 86 1557 n.
100 1496 239 1562 codicillis
263 1497 439 1580 scripsisset
461 1496 636 1562 recessisse.
670 1497 700 1559 2.
734 1497 855 1579 Regula
875 1497 954 1562 iuris
977 1496 1132 1577 generalis
1155 1509 1211 1576 est,

101 1636 156 1698 qne
176 1615 326 1683 codicillis
347 1617 505 1682 hereditas
528 1635 629 1698 neque
652 1616 719 1681 dari
748 1633 848 1696 neque
876 1617 971 1681 adimi
999 1623 1113 1697 potest.
1156 1616 1265 1682 itu-10

102 1755 155 1818 qus
182 1756 242 1800 non
267 1754 393 1817 possum
427 1734 584 1802 codicillos
615 1736 662 1801 ita
693 1733 810 1801 facere:
847 1735 939 1802 ›ille
973 1737 1063 1800 mihi
1097 1737 1214 1801 heres

103 1861 220 1929 esto«,
258 1856 308 1921 uel
334 1857 486 1922 scrihere:
524 1856 663 1921 »lilius
693 1874 801 1921 meus
830 1856 992 1921 exheres
1027 1865 1139 1921 esto«
1176 1876 1214 1921 ne

103 1977 324 2042 confunduntur
338 1977 407 2041 iura
423 1980 600 2042 testamenti
616 1984 710 2058 etque
726 1975 935 2042 codicillorum
952 1985 984 2042 et
996 1976 1146 2057 distingui
1162 1995 1214 2041 ne-

104 2102 217 2179 queunt.
264 2096 397 2170 enideo,
420 2098 466 2162 nti
489 2097 605 2162 dictum
628 2103 686 2175 est,
710 2116 810 2178 neque
832 2095 1016 2162 exheredem
1039 2093 1142 2161 lacere
1163 2115 1216 2160 ne-

105 2235 158 2298 que
187 2215 334 2282 heredem
364 2215 529 2282 instituere
561 2217 592 2280 in
625 2215 774 2282 codicillis
808 2213 896 2295 licet3
930 2213 1216 2281 fideicommissario
1236 2222 1266 2271 15

109 2355 175 2400 nero
205 2336 364 2401 hereditas
392 2334 524 2418 relinqui
550 2342 663 2416 potest.
715 2336 793 2401 odeo
821 2354 896 2400 uero
927 2334 1079 2400 eiusmodi
1107 2333 1216 2417 regulo

110 2454 230 2536 optinet,
254 2462 290 2520 ut
312 2455 339 2520 si
362 2454 501 2521 Primum
523 2475 601 2537 pure
630 2457 774 2522 heredem
804 2457 971 2537 scripsero,
1001 2475 1062 2521 non
1091 2473 1216 2536 possum

108 2575 134 2638 in
155 2577 298 2642 codicillis
321 2577 532 2644 condicionem
555 2579 687 2654 adicere,
711 2584 742 2641 et
764 2577 881 2643 dicere:
910 2576 1039 2641 »heres
1062 2584 1161 2649 esto,
1184 2576 1217 2638 si

108 2697 211 2760 nonis
234 2717 275 2762 ex
299 2698 390 2761 Asia
412 2698 597 2761 uenerit«
628 2715 699 2761 nam
723 2699 749 2760 si
772 2695 983 2778 acceperimus
1006 2694 1216 2761 condicionem

109 2815 228 2881 ethaeo
250 2833 312 2881 non
336 2817 488 2894 extiterit,
511 2815 671 2881 uidebitur
694 2823 826 2881 testator
855 2836 910 2898 per
938 2815 1148 2881 condicionem
1171 2833 1217 2880 cn·
1235 2827 1268 2877 an

109 2933 210 3000 diciilis
231 2937 385 3001 adiectam
407 2934 512 3001 Primo
534 2935 738 3002 hereditatem
762 2936 895 3000 auferre.
918 2942 966 3000 set
989 2951 1089 3014 neque
1111 2935 1217 3000 heredi

110 3058 286 3120 testamento
314 3057 457 3121 instituto
487 3056 517 3120 in
547 3055 696 3122 codicillis
719 3055 836 3121 directo
864 3056 1013 3121 substitui
1041 3060 1161 3137 potest,
1184 3060 1220 3118 nt
