3092 4702
594 351 806 418 ..39-

488 641 536 708 De
558 639 686 724 nuptiis.
730 641 856 709 Titulus
880 642 929 706 10.

229 827 333 896 iustas
354 836 461 895 antem
483 828 610 911 nuptias
637 830 719 894 inter
747 847 782 894 se
810 828 1000 896 contrahunt
1028 829 1113 896 eines
1135 831 1266 910 romani,

139 967 214 1016 eum
244 967 284 1016 ea
310 967 392 1032 qnae
419 949 459 1014 (le
491 950 609 1032 nuptiis
637 948 761 1030 legibus
787 949 959 1014 constituta
985 953 1060 1013 sunt
1085 948 1266 1016 obseruont

139 1073 269 1150 oportet
291 1065 373 1132 euim
396 1066 550 1133 masculos
571 1067 706 1150 puberes
730 1085 808 1145 esse,
830 1065 961 1132 feminas
975 1073 1082 1133 autem
1099 1067 1269 1150 uiripoten·

139 1193 208 1266 tes,
240 1187 323 1252 idest
353 1185 424 1251 illos
457 1187 582 1268 quidem
615 1185 920 1266 quattuordecimum
958 1206 1075 1253 annum
1109 1185 1267 1269 implesse,

140 1307 240 1371 hasce
269 1323 345 1371 nero
374 1303 601 1371 duodecimum.
651 1305 729 1370 haee
757 1311 862 1370 autem
890 1305 1037 1381 dicimus,
1066 1307 1134 1373 siue
1162 1313 1268 1389 patres
1302 1295 1320 1348 ⁶

139 1425 279 1491 familias
301 1426 365 1489 sint
386 1427 440 1509 qui
461 1433 585 1504 ooeunt,
608 1425 676 1490 siue
697 1423 754 1490 filii
775 1423 920 1490 familias.
955 1433 1005 1492 set
1034 1429 1066 1491 in
1088 1427 1160 1491 liliis
1182 1426 1270 1492 iami-

139 1547 201 1614 lias
224 1547 361 1614 alterum
384 1547 458 1628 quid
481 1548 690 1628 requirimus,
724 1552 760 1612 ut
782 1566 894 1630 nempe
924 1563 1110 1614 eonsensum
1133 1545 1270 1612 habeant

138 1673 320 1749 parentum,
343 1668 375 1732 in
398 1686 532 1749 quorum
554 1672 711 1747 potestate
736 1671 812 1733 sont
833 1667 887 1750 qui
909 1666 1058 1747 coniungi
1080 1665 1199 1734 uolunt
1237 1665 1270 1732 io

139 1787 227 1852 enim
248 1785 318 1852 fieri
340 1794 487 1868 oportere
509 1795 542 1854 et
563 1787 664 1854 ciuilia
687 1794 720 1854 et
740 1788 894 1854 naturalis
917 1787 999 1853 ratio
1021 1786 1198 1868 persuadet
1226 1784 1271 1852 oi·

140 1904 217 1970 uilis
239 1905 367 1987 quidem
389 1913 518 1989 propter
532 1907 580 1972 ius
595 1906 773 1990 potestatis,
795 1907 880 1990 quod
895 1925 1094 1973 romanorum
1110 1905 1268 1987 proprium
1289 1923 1321 1976 10

141 2033 207 2102 est3
231 2024 387 2090 naturalis
408 2033 512 2092 autem
536 2028 610 2109 qnia
631 2045 765 2108 aequum
788 2033 846 2101 est,
868 2034 904 2091 ut
926 2027 979 2107 qui
1007 2026 1048 2091 ad
1070 2043 1139 2091 eam
1169 2041 1269 2105 usque

141 2149 282 2209 aetatem
312 2142 452 2210 subolem
483 2143 705 2224 educauerint,
731 2145 762 2210 id
791 2145 929 2211 habeant
957 2145 1094 2212 honoris.
1146 2149 1271 2226 oportet

141 2273 249 2332 autem
273 2267 394 2332 iussum
416 2268 556 2349 parentis
579 2269 776 2349 praecedere.
800 2268 882 2335 unde
904 2266 982 2334 illud
1004 2243 1180 2346 quaesitum
1204 2269 1269 2330 est:

142 2384 253 2452 furiosi
268 2367 379 2463 'libert
402 2384 485 2452 filius
507 2385 558 2452 nel
579 2385 661 2464 filia,
683 2387 723 2453 ad
746 2387 977 2454 contrahendas
1008 2386 1134 2468 nuptias
1157 2383 1270 2449 sollini-

144 2503 304 2568 tabantur.
350 2522 452 2586 neque
478 2504 560 2570 enim
588 2514 678 2587 pater
699 2507 774 2586 quia
799 2505 903 2572 iurare
925 2505 1029 2586 eoepit
1055 2504 1125 2570 ideo
1155 2501 1321 2570 desinit1⁵

146 2622 261 2688 liberos
288 2621 321 2688 in
349 2629 505 2704 potestate
533 2622 669 2704 habere;
706 2643 769 2690 non
797 2625 879 2691 enim
907 2643 984 2690 sane
1011 2624 1151 2707 parentis
1181 2640 1269 2688 mens

144 2740 212 2808 eius
241 2741 361 2808 liberos
388 2743 537 2824 potestati
565 2743 699 2821 subicit,
726 2751 762 2810 ot
783 2744 923 2810 dicamus
944 2749 1066 2826 patrem
1089 2741 1145 2825 qni
1166 2747 1270 2808 mente

145 2868 256 2944 eaptus
279 2861 322 2927 sit
342 2861 392 2930 ius
415 2879 539 2945 quoque
554 2863 721 2943 potestatis
736 2863 768 2927 in
783 2862 898 2930 liberos
915 2863 1074 2928 amittere:
1098 2870 1147 2927 set
1162 2880 1270 2930 eorum

145 2998 185 3045 ex
209 2980 305 3046 iustis
338 2978 456 3062 nuptiis
489 2983 673 3062 procreatio.
718 2982 866 3048 uolebant
897 2983 994 3064 igitur
1032 2981 1123 3048 liberi
1164 2982 1271 3046 matri·

145 3099 250 3166 monio
280 3099 447 3184 coniungi,
485 3108 535 3168 set
556 3120 626 3168 enm
656 3101 758 3168 adhue
779 3101 835 3167 filii
857 3100 992 3168 familias
1021 3111 1143 3177 essent,
1170 3098 1271 3184 patris
1288 3115 1322 3166 ao

146 3236 317 3286 eonsensus
339 3220 529 3302 indigebant.
554 3221 730 3286 consentire
744 3227 850 3287 autem
871 3219 1009 3286 furiosus
1031 3239 1102 3286 eum
1125 3227 1269 3299 nequeat,

146 3338 312 3405 uideamus
340 3359 381 3407 an
409 3341 530 3424 possint
558 3339 715 3422 coniungi.
766 3338 794 3406 si
824 3339 956 3406 dicimus
986 3355 1171 3405 eonsensum
1200 3353 1270 3402 esse

148 3473 225 3521 oum
245 3476 389 3541 expresse
404 3461 488 3527 dieat
509 3466 601 3542 pater
622 3460 682 3526 sibi
703 3459 938 3525 matrimonium
959 3457 1093 3541 plaeere,
1117 3456 1270 3524 eiusmodi
