2870 4716
552 339 895 450 -aoa-'

103 569 363 654 prehenduntur‚
392 569 506 636 ueluti:
539 573 785 654 »spondesne
812 571 906 638 dare
932 571 1022 638 mihi
1043 571 1141 638 hune
1163 573 1228 638 ho·

103 691 251 756 minem
288 695 329 756 et
361 690 457 756 huna
490 690 651 756 fundum
684 696 723 757 et
756 692 857 758 huno
889 691 1027 758 librum
1061 697 1097 758 et
1127 691 1228 758 hano

102 811 306 876 uestemrl
349 811 377 875 si
420 810 546 892 quidem
586 811 759 893 promissor
801 811 983 895 simpliciter
1023 811 1227 896 respondeat:

106 931 344 1013 »spondeo«,
372 936 504 1014 propter
530 947 636 996 omnes
664 935 804 996 tenetur:
835 932 861 997 si
889 951 964 997 uero
992 931 1030 996 de
1059 951 1123 997 una
1148 931 1228 998 lorte

103 1049 279 1116 ueletiam
306 1049 345 1116 de
367 1051 468 1116 altera
496 1069 546 1130 re,
576 1068 657 1132 quae
685 1050 888 1133 stipulatione
911 1050 1262 1134 comprehenduntur,5

104 1171 311 1254 respondeat,
339 1176 469 1254 propter
495 1171 551 1237 has
575 1175 699 1237 tantum
722 1171 894 1254 obligatur,
924 1172 963 1236 de
992 1171 1106 1253 quibus
1128 1176 1160 1237 et
1181 1190 1229 1236 re-

104 1292 281 1375 sponderit
334 1312 405 1359 euru
434 1310 508 1375 ergo
536 1293 644 1375 plures
673 1291 752 1360 liant
780 1293 999 1374 stipulationes
1027 1295 1119 1375 (quot
1147 1291 1229 1358 euim

104 1412 314 1495 stipulatione
328 1431 378 1480 res
394 1411 701 1495 eomprehenduntur
722 1417 771 1478 tot
786 1419 862 1478 sunt
875 1413 971 1478 etiam
985 1412 1229 1495 stipulationes),

105 1551 175 1598 una
196 1532 250 1598 uel
272 1533 380 1612 altera,
404 1534 444 1599 ad
466 1553 561 1617 quam
576 1535 749 1618 promissor
771 1535 977 1619 responderit,
1000 1533 1139 1618 perlecta
1161 1552 1229 1599 esse

105 1653 251 1731 uidetur,
281 1652 321 1718 ad
343 1653 482 1736 singulas
511 1655 592 1721 enim
620 1675 670 1722 res
698 1675 780 1738 quae
801 1656 1005 1739 stipulatione
1031 1656 1230 1721 continentur
1250 1660 1281 1712 10

107 1774 295 1858 responderi
324 1778 463 1858 oportet:
491 1775 537 1840 ita
558 1775 639 1840 enirn
661 1775 693 1839 in
723 1776 867 1841 omnibus
889 1773 944 1841 liet
971 1775 1134 1858 stipulatio
1160 1794 1230 1857 per·

59 1903 96 1954 19.
106 1892 202 1962 fecta.
243 1897 290 1959 19.
314 1893 415 1960 Alteri
437 1894 592 1977 stipulari,
614 1902 650 1962 ut
672 1895 909 1981 supradictum
931 1900 989 1975 est,
1011 1914 1103 1962 nemo
1125 1894 1230 1960 ualida

105 2017 230 2096 potest:
258 2013 405 2082 nuentae
432 2020 507 2080 sunt
532 2015 615 2081 euim
641 2016 820 2082 huiusmodi
848 2016 1066 2099 stipulationes
1094 2015 1135 2081 ad
1161 2014 1229 2094 hoe,

106 2141 146 2200 ut
169 2135 388 2218 arnousque
410 2135 469 2202 sibi
493 2135 640 2218 adquirat
668 2135 753 2218 quod
776 2155 834 2202 sua
854 2137 999 2202 interest:
1033 2135 1181 2218 quoniam
1204 2135 1230 2200 si
1317 2221 1321 2230 ἡ

108 2256 183 2338 quis
207 2256 385 2339 stipuletur,
409 2275 479 2323 curn
501 2255 578 2322 nihil
601 2275 659 2323 sua
680 2257 814 2336 intersit,
837 2275 899 2322 non
921 2255 1040 2322 ualebit
1062 2256 1146 2338 quod
1167 2253 1229 2321 lae·
1250 2261 1280 2312 ¹5

108 2383 181 2442 turn
204 2377 273 2442 erit
318 2377 410 2460 plane
433 2377 460 2443 si
482 2377 552 2460 quis
574 2377 632 2442 hoe
659 2376 800 2443 ualidum
823 2375 953 2442 reddere
975 2375 1066 2454 uelit,
1095 2394 1229 2458 poenam

108 2497 260 2580 stipulari
281 2497 390 2577 debet,
413 2502 450 2562 ut
472 2498 498 2563 si
521 2497 553 2562 id
575 2496 692 2562 laetum
713 2516 775 2562 non
798 2496 909 2574 fuerit,
933 2515 1034 2579 poena
1056 2496 1229 2562 committu-

109 2624 183 2696 tur3
217 2618 330 2684 ueluti:
371 2616 618 2699 »spondesne
652 2615 746 2681 dare
775 2615 882 2681 Titio
916 2616 1039 2680 decern
1072 2615 1229 2680 aureos?

110 2734 1229 2818 uisidederis,dab,ismihipoenaenominequinquetseu

110 2854 194 2922 lorte
224 2856 344 2939 plures)
374 2857 561 2922 aureosi«
587 2856 736 2938 competit
762 2856 844 2922 enim
867 2855 942 2920 mihi
967 2855 1078 2938 petitio
1100 2873 1228 2938 poenae,
1247 2859 1281 2910 20

112 2977 186 3042 licet
208 2995 248 3042 an
270 2995 340 3042 mea
354 2977 479 3041 intersit
493 2976 628 3058 probare
642 2995 704 3042 non
727 2976 853 3058 possim.
890 2977 1034 3056 quotiens
1057 2976 1138 3040 enim
1161 2975 1231 3057 quis

112 3115 246 3180 poenam
269 3095 441 3179 stipulatur
469 3114 530 3160 non
552 3096 630 3161 illud
652 3095 833 3178 inspicimus
856 3114 896 3160 au
918 3097 1113 3180 stipulatoris
1136 3096 1231 3159 inter·

113 3217 169 3297 sit,
199 3221 250 3282 set
277 3234 432 3300 quaenam
459 3217 501 3282 sit
527 3235 645 3298 poenae
671 3217 831 3299 quantitas
854 3217 886 3281 in
913 3216 1092 3282 condicione
1114 3217 1232 3280 inserta

114 3337 334 3420 stipulationis.
380 3354 461 3418 quae
489 3341 539 3402 est
566 3340 671 3402 autem
698 3336 909 3418 stipulationis
939 3337 1101 3402 condicio?
1128 3335 1231 3400 idest

116 3457 198 3540 quod
213 3458 245 3522 in
261 3475 298 3524 ea
311 3457 455 3540 ponitur:
481 3457 581 3522 »nisi
595 3457 663 3521 hoe
678 3456 837 3536 leceris,
862 3456 968 3522 dabis
985 3455 1073 3520 mihi
1088 3473 1230 3538 poenae
1248 3467 1281 3518 aa

116 3577 197 3643 loeo
221 3596 361 3643 aureos
383 3576 564 3642 decem?
586 3577 694 3658 itaque
715 3576 742 3642 si
764 3576 834 3658 quis
857 3577 1026 3658 stipuletur
1047 3575 1128 3640 Titio
1151 3574 1229 3654 dari,

117 3699 189 3764 nilril
211 3699 292 3781 agit3
314 3699 342 3764 si
364 3717 439 3764 uero
454 3718 586 3782 poenam
600 3698 720 3764 inserat
734 3698 939 3780 stipulationi,
963 3696 1044 3762 forto
1063 3715 1230 3762 aureorum
