2870 4716
523 415 562 430 ·-
607 383 752 447 346-

79 568 216 634 actiones
239 569 400 648 oriuntur,
429 571 564 651 quaein
587 589 675 635 reum
697 570 816 636 intendi
842 574 975 654 possunt
994 567 1195 653 efficiuntque

78 693 113 752 nt
134 687 374 754 condemnetur:
402 694 493 754 etex
515 690 630 772 quibus
652 690 767 756 solutio
789 689 873 756 faeta
894 689 1111 773 repetitionem
1133 710 1195 756 non

78 808 231 874 admittit:
254 828 355 891 neque
377 810 459 876 enim
481 810 507 876 si
522 810 642 876 inuitus
658 830 730 876 reus
753 811 884 877 soluerit
906 813 1048 892 repetere
1069 811 1194 893 poterit.

77 931 275 996 naturales
298 936 403 996 autem
425 936 509 1011 sunt,
533 949 614 1013 quae
636 949 738 1013 neque
760 931 913 996 actionem
935 930 1073 1014 pariunt,
1095 949 1197 1012 neque

78 1051 368 1118 condemnationem
397 1050 540 1118 afferunt
586 1051 664 1117 duas
692 1070 768 1133 ergo
790 1051 821 1115 in
849 1051 948 1117 isdem
975 1055 1066 1116 notas
1090 1049 1231 1133 ‹lepre-⁵

77 1171 215 1237 hendere
236 1172 325 1250 lieet,
354 1172 440 1254 quod
461 1190 572 1254 nempe
599 1171 714 1237 solutio
737 1191 775 1236 ex
796 1171 844 1237 his
874 1170 958 1237 facta
979 1169 1197 1252 repetitionem

77 1309 137 1355 non
154 1291 304 1372 admittit,
327 1299 360 1358 et
374 1293 459 1374 quod
474 1291 541 1358 dati
555 1291 754 1358 fideiussores
769 1297 886 1358 natura
900 1297 933 1358 et
947 1291 1016 1356 iure
1037 1295 1195 1357 tenentur.

77 1415 123 1476 est
147 1412 232 1478 anim
254 1413 331 1478 iuris
353 1412 476 1494 regula,
504 1430 639 1495 quornm
667 1411 854 1494 principales
876 1411 1065 1476 naturaliter
1091 1414 1198 1474 tenen·

77 1539 138 1612 tur,
164 1530 362 1597 fideiussores
377 1530 566 1596 naturaliter
584 1536 617 1596 et
632 1531 767 1596 ciuiliter
788 1529 930 1612 obligari.
963 1530 994 1594 in
1017 1548 1081 1612 qua
1102 1547 1199 1595 eausa

78 1659 123 1721 ost
145 1653 287 1738 pupillus
309 1652 364 1734 qui
386 1652 453 1718 sine
475 1652 590 1718 tutoris
609 1651 799 1717 auctoritate
813 1655 958 1716 mutuum
982 1650 1107 1732 aoeipit:
1129 1649 1198 1732 ipse
1218 1656 1250 1708 10

77 1775 161 1840 enim
183 1771 372 1840 natmaliter
392 1776 527 1851 tenetur,
549 1769 714 1838 fideiussor
736 1776 842 1837 autem
864 1770 932 1837 eius
954 1769 1144 1836 naturaliter
1166 1773 1199 1835 et

77 1893 223 1960 ciuiliter.
268 1910 337 1957 eum
365 1890 717 1974 haeoperspeotatibi
744 1889 920 1970 sint‚nide
947 1889 1123 1971 quidinde
1151 1908 1198 1955 se

77 2019 205 2097 quatur.
240 2012 374 2078 diximus
397 2029 459 2076 non
479 2011 581 2078 solnm
603 2011 635 2076 in
658 2011 801 2094 ciuilibus
824 2009 1009 2090 actionibus,
1033 2014 1083 2077 set
1103 2008 1198 2075 etiam

76 2131 107 2197 in
129 2130 330 2198 naturalibus
359 2136 446 2196 reete
473 2128 688 2197 fideiussorem
716 2129 814 2213 aeeipi
839 2147 940 2213 posse.
985 2130 1198 2196 naturales

78 2253 217 2320 actiones
239 2250 284 2318 sic
305 2251 468 2332 intellege,
496 2249 595 2315 ueluti
618 2250 644 2315 si
671 2269 782 2316 seruus
809 2254 957 2316 extraneo
988 2249 1112 2315 debitor
1132 2247 1197 2330 fiat,
1218 2254 1250 2307 lt

76 2393 133 2439 seu
156 2373 252 2440 etiam
279 2371 405 2438 domino
434 2370 695 2454 (naturaliter,
722 2378 760 2437 ut
784 2375 887 2453 patat3
916 2388 989 2435 nam
1011 2369 1146 2436 ciuiliter
1166 2370 1199 2436 id

75 2493 144 2560 lieri
167 2513 231 2559 non
253 2494 386 2576 potest),
415 2491 531 2573 detque
556 2490 771 2558 fideiussorem
793 2491 861 2557 siue
884 2496 1032 2558 extraneo
1055 2491 1123 2558 siue
1146 2491 1199 2557 do

77 2614 164 2679 mino
185 2633 244 2680 suo
266 2632 325 2696 pro
346 2613 412 2692 ils,
443 2632 524 2695 quae
547 2612 654 2678 debet:
691 2615 818 2678 tenetur
844 2629 919 2694 ergo
945 2611 1111 2678 fideiussor
1132 2617 1198 2678 tam

75 2734 267 2800 naturaliter
282 2752 377 2816 quum
396 2733 531 2799 ciuiliter
545 2752 616 2800 cum
631 2733 811 2816 principalis
827 2732 959 2812 debitor,
979 2732 1063 2799 idest
1076 2751 1197 2810 seruus,

34 2869 56 2919 2.
74 2855 268 2920 naturaliter
289 2857 414 2918 tantum
437 2853 601 2935 obligetur.
646 2855 675 2918 2.
699 2851 881 2918 Fideiussor
902 2870 965 2917 non
987 2857 1111 2918 tantum
1131 2852 1200 2933 ipse
1216 2853 1251 2905 2⁰

75 2975 252 3056 obligatur,
280 2979 330 3040 set
351 2975 446 3039 etiam
467 2974 602 3039 moriens
629 2991 721 3038 suum
743 2972 890 3039 heredem
912 2971 1085 3053 obligatum
1107 2971 1199 3036 relin-

32 3115 55 3166 3.
74 3097 159 3180 quit
203 3098 232 3161 3.
257 3095 368 3162 Potest
381 3093 547 3162 fideiussor
562 3101 594 3160 et
616 3092 839 3176 obligationem
854 3093 931 3174 eius,
954 3110 1090 3177 proquo
1106 3110 1198 3174 spon·

75 3215 143 3294 det,
169 3215 369 3298 praeoedere;
393 3214 491 3279 ueluti
513 3213 540 3280 si
561 3219 706 3278 mutuum
721 3218 908 3296 accepturus
923 3217 996 3278 anta
1018 3215 1198 3276 contractus

74 3335 337 3402 constitutionem
358 3331 573 3400 fideiussorem
595 3333 723 3412 dedisti,
745 3332 914 3398 ueletiam
936 3335 1104 3414 postquam
1127 3349 1199 3396 eon·

31 3460 203 3527 remotus
226 3451 382 3537 perlectus
405 3458 453 3520 est
478 3473 528 3520 me
549 3451 764 3520 fideiussorem
786 3453 936 3519 adiecisti.
983 3456 1012 3518 4.
1036 3452 1069 3518 Si
1092 3454 1198 3535 plures

73 3577 143 3642 sint
167 3573 374 3653 fideiussores,
402 3579 558 3658 quotquot
579 3580 673 3641 eumt
693 3593 833 3654 numero,
855 3593 918 3639 non
940 3573 972 3638 in
994 3577 1126 3656 partem,
1149 3579 1199 3641 set

72 3698 106 3763 in
132 3695 272 3762 solidum
294 3697 408 3779 singuli
431 3715 539 3763 eorum
562 3701 718 3776 tenentur,
742 3701 778 3762 ut
798 3695 899 3763 libera
920 3695 963 3762 sit
984 3693 1131 3763 creditori
1153 3692 1198 3760 ia·
