2884 4728
524 412 765 475 -401—

94 585 199 666 culpae
224 585 421 649 adscribetur
444 593 475 650 et
497 586 578 668 legis
602 586 740 666 aquiliae
765 585 881 650 actioni
904 585 992 649 locus
1017 585 1085 649 erit.
1121 605 1202 664 qnae

93 709 127 772 de
143 709 279 773 mollone
297 709 431 775 diximus
448 711 488 774 ad
505 731 575 775 enm
592 731 726 791 quoqne,
751 710 804 790 qui
820 729 900 791 equo
920 710 1054 791 uehitur,
1078 709 1203 773 trahere

94 853 268 916 possumns;
293 834 329 915 si,
354 855 424 898 cum
446 836 595 919 impetum
619 835 692 916 equi
708 841 762 899 ant
777 842 907 918 propter
921 835 1133 898 infirmitatem
1151 842 1204 898 aut

93 965 218 1040 propter
244 959 432 1042 imperitiam
466 959 603 1024 retinere
631 981 693 1024 non
721 959 869 1043 potuerit,
904 959 1042 1023 alienum
1079 978 1203 1023 sernum

64 1097 83 1145 9.
94 1083 246 1148 occiderit.
286 1087 314 1150 9.
338 1084 538 1167 Interpretati
562 1105 667 1148 snmus
683 1085 785 1168 prima
804 1085 903 1148 uerba
918 1083 1009 1166 legis,
1035 1083 1074 1148 de
1091 1083 1204 1148 ceteris
1242 1096 1257 1146 ὃ

93 1208 300 1288 dispiciamus.
333 1209 378 1272 ait
394 1209 459 1272 lex:
478 1209 626 1288 »quanti
644 1209 681 1272 in
706 1229 748 1273 eo
764 1229 859 1272 anno
883 1209 1036 1292 plurimi
1057 1209 1204 1272 fuerit«.

92 1331 162 1414 quid
188 1333 249 1396 sibi
272 1333 381 1396 uolunt
396 1333 475 1397 haee
491 1335 611 1398 uerba?
634 1340 665 1398 et
681 1311 812 1398 dicimus
832 1333 985 1397 eiusmodi
1001 1334 1084 1415 legis
1099 1333 1205 1396 uerbis

92 1457 170 1520 hano
187 1457 374 1522 sententiam
391 1457 532 1540 exprimi,
557 1465 590 1521 ut
603 1459 630 1522 si
646 1459 714 1538 quis
732 1459 887 1522 hominem
904 1457 1042 1521 alienum
1060 1456 1205 1521 olaudnm

91 1589 142 1646 aut
165 1581 287 1646 luscum
310 1588 366 1646 aut
387 1602 531 1646 mancum
555 1582 719 1664 occiderit,
748 1583 802 1664 qni
825 1583 857 1647 in
881 1581 991 1646 eodem
1017 1603 1113 1663 anno,
1144 1601 1205 1662 quo

90 1707 203 1771 uulnus
227 1707 394 1788 acceperit,
419 1707 541 1790 integer
563 1708 657 1773 fuerit
681 1713 712 1771 et
731 1709 771 1772 oh
794 1708 827 1771 id
843 1708 1021 1789 pretiosior,
1046 1707 1141 1770 index
1165 1706 1206 1770 ad
1228 1716 1260 1766 to

90 1831 293 1916 praeteritum
305 1837 427 1914 tempus
440 1831 612 1914 respiciens
629 1832 696 1896 eius
713 1832 964 1896 aestimationem
980 1832 1059 1896 inire
1076 1831 1205 1895 debeat:

90 1965 119 2021 et
142 1957 171 2020 si
195 1956 277 2020 forte
301 1975 420 2037 seruire,
446 1957 499 2037 qni
515 1957 637 2021 occisus
661 1965 717 2038 est,
743 1965 815 2022 ante
832 1977 946 2021 nouem
961 1958 1013 2022 uel
1031 1958 1139 2021 decem
1156 1955 1207 2020 uel

89 2080 185 2145 etiam
210 2079 353 2144 undecim
377 2101 501 2145 menses
524 2082 647 2164 integer
673 2083 767 2146 fuerit
790 2087 822 2146 et
844 2081 916 2146 ideo
945 2082 1073 2146 maioris
1103 2080 1205 2163 pretii,

89 2205 152 2270 litis
186 2205 405 2270 aestimatione
437 2205 479 2269 ad
509 2206 542 2269 id
573 2213 696 2290 tempus
728 2207 843 2287 relata,
878 2227 965 2271 reum
997 2205 1206 2270 condemnare

88 2331 221 2412 debeat;
253 2351 315 2411 qna
345 2331 467 2394 ratione
496 2330 629 2395 efficitur
651 2332 816 2414 poenalem
852 2351 922 2395 esse
953 2331 1033 2413 legis
1067 2330 1207 2410 aquiliae
1229 2335 1261 2392 15

87 2457 258 2536 actionem,
276 2455 351 2536 quia
366 2475 428 2519 nou
444 2455 544 2520 solum
560 2456 638 2520 tanti
655 2456 786 2536 quisque
803 2456 1037 2537 condemnatur,
1052 2463 1207 2535 ‚qnantum

89 2581 200 2645 damni
215 2580 346 2662 dederit,
371 2586 420 2644 set
435 2580 606 2662 aliquando
622 2581 729 2664 pluris,
760 2580 894 2660 ideoque
911 2587 1036 2644 constat
1051 2579 1208 2644 actionem

87 2707 119 2769 in
143 2704 296 2768 heredem
319 2724 381 2768 non
404 2705 548 2786 transire,
574 2725 644 2770 oum
667 2705 810 2788 poenalis
827 2705 875 2769 sit.
910 2685 1027 2769 nam‘si
1042 2704 1112 2785 quis
1129 2704 1207 2768 tanti

87 2829 296 2912 obligaretur,
321 2835 470 2910 quantum
495 2830 600 2893 damni
624 2830 772 2910 dedisset,
797 2849 873 2894 sane
897 2829 988 2894 heres
1013 2829 1080 2893 eius
1097 2828 1208 2892 eadem

40 2965 76 3014 ro.
86 2955 217 3019 actione
241 2959 407 3018 teneretur.
445 2958 494 3020 10.
517 2955 605 3019 Haeo
630 2955 755 3036 quidem
778 2975 818 3018 ex
841 2955 921 3037 legis
944 2954 1050 3019 uerbis
1066 2952 1209 3034 intellegi
1228 2960 1263 3012 20

85 3085 239 3162 possunt:
264 3099 303 3143 ex
326 3079 582 3162 interpretatione
607 3087 726 3160 autem,
757 3101 819 3161 qna
846 3080 927 3162 legis
956 3087 1090 3143 mentem
1119 3078 1209 3140 adse-

87 3203 230 3284 qnimur,
255 3201 373 3286 placuit
396 3223 458 3267 non
482 3205 582 3268 solum
611 3205 744 3269 hominis
773 3205 927 3288 perempti
957 3203 1207 3269 aestimationem

86 3328 272 3393 habendam
297 3348 366 3392 esse
391 3329 560 3393 secundum
585 3350 633 3411 ca,
658 3350 739 3411 quae
764 3329 907 3410 diximus,
932 3329 1014 3392 idest
1029 3347 1098 3391 cum
1115 3326 1208 3389 iudex
