3092 4702
573 335 783 400 ..po-

146 526 205 592 dun
228 543 285 592 non
311 524 443 606 amplios
472 523 651 592 suffectura
703 523 882 607 praemaluit
904 529 1008 590 mmen
1030 543 1091 594 non
1114 529 1236 590 tuntum

145 643 345 728 inspiciendum
373 661 442 710 esse
464 663 504 710 an
530 643 680 710 soluendo
703 643 746 709 sit
767 641 985 722 manumissor,
1008 642 1174 710 astutiam
1197 661 1237 710 an

144 767 168 830 in
185 764 314 830 mudum
336 763 524 830 creditorum
546 763 756 830 manumittat.
780 771 854 831 tunc
876 763 958 830 enirn
981 761 1137 830 libertatis
1152 761 1237 828 datio

143 883 287 965 impeditur
312 901 383 950 cum
413 889 583 970 utrumque
612 881 803 948 interueniunt
833 881 994 950 eonsilium
1021 889 1117 966 atque
1145 901 1238 949 enen·

143 1011 191 1070 tus.
223 1006 325 1090 itaqua
345 1013 480 1090 utruque
502 1013 723 1086 concurrente,
751 1024 862 1074 seruus
892 1025 953 1074 nun
980 1005 1149 1082 liberatum
1176 1023 1238 1071 uno
1271 1003 1289 1056 ὅ

142 1144 203 1190 uero
221 1123 395 1207 deficiente,
421 1125 500 1192 liber
529 1124 673 1194 efficitur.
725 1135 894 1207 utrumque
922 1135 1045 1206 autem,
1075 1124 1238 1192 eonsilium

141 1251 221 1327 emus
239 1253 384 1312 euentum
405 1245 439 1310 in
461 1245 627 1312 eiusmodi
645 1265 721 1312 casn
736 1247 808 1314 licet
824 1246 1068 1329 deprehendere.
1092 1253 1161 1314 erat
1174 1247 1239 1314 cni·

141 1365 199 1430 dum
212 1363 286 1430 000
300 1382 467 1431 aureorum
482 1365 714 1446 patrimonium.
738 1366 819 1432 idern
835 1383 947 1432 aureos
970 1371 1126 1433 trecentae
1148 1365 1258 1456 debe,

139 1487 191 1550 but.
230 1483 329 1552 uoluit
349 1485 380 1551 in
404 1485 545 1552 fraudem
568 1505 695 1552 suorum
718 1487 906 1553 creditorum
930 1504 1039 1553 seruus
1061 1505 1154 1551 manu
1169 1484 1241 1550 mit·

140 1611 203 1684 tere,
223 1603 313 1690 quic
338 1607 442 1672 aureis
466 1605 618 1685 ualerent,
641 1613 677 1672 ut
699 1607 745 1672 itu
766 1607 985 1688 patrimonium
1001 1625 1092 1672 sunm
1115 1602 1166 1670 00
1188 1603 1293 1670 tie-1⁰

138 1728 178 1788 ret
196 1743 369 1792 aureorum.
400 1723 451 1792 hic
473 1733 641 1810 utrumque
662 1727 840 1804 interuenit¹
864 1728 1025 1792 consilium
1048 1733 1080 1794 et
1094 1731 1240 1806 euentns;

138 1843 207 1908 malo
227 1842 307 1908 enim
329 1843 459 1912 consilio
480 1845 514 1910 id
536 1845 624 1923 iecit3
647 1853 779 1912 euentus
791 1853 895 1916 autern
913 1845 1120 1912 creditoribus
1135 1843 1238 1910 fraudi

139 1960 195 2026 iuit.
236 1961 340 2029 deficit
361 1969 466 2029 autem
489 1971 622 2031 euentus
643 1966 676 2030 in
703 1965 855 2030 eiusmodi
883 1983 967 2030 cusu.
1016 1983 1086 2030 cum
1114 1965 1185 2046 quis
1205 1961 1240 2026 Μ

138 2099 286 2146 aureorum
308 2085 531 2162 patrimonium
553 2083 700 2162 haberet,
724 2081 801 2148 000
828 2091 951 2149 tantum
980 2101 1146 2148 aureorum
1168 2084 1240 2148 sub-

137 2203 267 2266 stantiam
290 2219 363 2268 sese
384 2203 500 2268 habere
522 2205 672 2285 putebat:
703 2203 837 2272 debebat
867 2221 942 2270 uero
973 2201 1087 2268 0000.
1131 2217 1240 2267 seruos
1261 2211 1291 2264 tn

136 2337 206 2404 snos,
226 2320 279 2403 qui
301 2320 327 2388 0
350 2321 455 2389 aureis
477 2323 628 2403 ualerent,
651 2324 683 2390 in
707 2323 847 2390 incudem
875 2323 1063 2389 creditorum
1091 2319 1241 2387 manumi-

135 2445 177 2510 sit
215 2447 269 2514 nbi
291 2447 456 2514 consilium
478 2449 602 2530 quidem
626 2445 812 2530 pessimum,
842 2445 872 2512 in
900 2443 1042 2510 fraudem
1070 2442 1152 2509 enim
1175 2459 1241 2508 cre·

138 2562 257 2636 diturum
279 2567 485 2634 manumissio
507 2567 590 2634 iactu
612 2573 670 2647 sat,
693 2574 826 2634 euentus
848 2573 952 2632 antem
975 2583 1029 2632 eos
1051 2583 1111 2630 non
1139 2561 1240 2640 laesit,

135 2701 194 2750 cnm
220 2695 251 2752 et
282 2687 388 2769 pretio
410 2689 671 2754 manumissorum
693 2703 858 2752 seruorum
881 2685 1031 2762 deducto,
1054 2680 1241 2748 sufficientia

133 2807 330 2872 remanserint
353 2806 448 2888 bona,
470 2823 551 2886 quae
573 2805 781 2872 oreditoribus
802 2803 1007 2870 satisfaciant.
1057 2801 1163 2869 deficit
1189 2801 1241 2866 de
1258 2817 1293 2870 ao

133 2939 205 2987 num
225 2926 391 2990 consilium
412 2925 445 2990 in
468 2925 619 2992 eiusmodi
642 2923 791 3008 exemplo.
834 2923 996 3006 numquis
1021 2921 1052 2987 Μ
1075 2937 1240 2987 aureorum

132 3045 342 3120 patrimonium
372 3044 520 3125 haberet,
553 3051 586 3110 et
615 3041 718 3111 0000
748 3044 890 3122 deberet,
923 3061 1054 3126 peregre
1082 3039 1241 3124 proiectus

132 3166 180 3226 est
226 3162 361 3230 fortuito
389 3165 524 3248 quodam
553 3183 628 3230 casn
655 3165 722 3232 eius
751 3164 917 3230 facultates
945 3162 1127 3228 imminutae
1157 3167 1240 3238 sunt,

132 3279 219 3346 urinti
240 3284 376 3350 aedibus
398 3284 543 3358 incensis,
564 3293 620 3349 aut
641 3285 763 3362 dirutis,
785 3283 832 3349 ita
854 3291 890 3350 ut
911 3281 952 3348 ed
968 3279 1045 3348 000
1060 3298 1172 3347 aureos
1194 3297 1242 3344 re-

131 3396 320 3468 ducerentur.
349 3421 420 3468 cum
443 3403 579 3469 nondum
601 3421 677 3468 suae
699 3403 893 3469 substantiae
915 3401 1151 3468 diminutionem
1172 3417 1241 3465 nos·
1259 3403 1293 3456 2⁵

132 3525 186 3598 set,
213 3538 325 3588 seruos
347 3521 518 3603 quosdam,
545 3522 599 3608 qni
622 3520 647 3587 0
670 3523 773 3589 aureis
796 3521 955 3600 ualerent,
982 3519 1150 3606 atquibus
1173 3537 1241 3604 pro

132 3643 191 3714 pter
211 3660 321 3706 eornm
344 3659 421 3724 erga
442 3659 476 3708 sa
497 3641 739 3708 beniuolentiam
761 3648 870 3723 gratus
894 3649 977 3718 erat,
999 3639 1188 3705 manumisit
1210 3641 1241 3702 in

132 3758 271 3826 eiusmodi
307 3777 384 3827 casu
412 3759 528 3827 malum
561 3762 687 3842 quidem
720 3759 881 3826 consilinm
915 3778 976 3825 nun
1009 3765 1076 3837 est,
1109 3763 1242 3824 euentus

134 3881 223 3944 summ
247 3879 461 3946 creditoribus
484 3878 586 3945 fraudi
608 3885 665 3958 est,
689 3877 856 3946 nonenim
879 3879 919 3944 ad
934 3897 988 3944 aas
1016 3877 1150 3944 alienum
1173 3895 1243 3960 per·
