2960 4704
693 345 903 408 ..22-

238 529 472 606 καταστάσεως,
496 528 667 614 ἐννόμου
691 529 727 592 δὲ
749 529 946 615 προςτίθεται
968 530 1019 594 διὰ
1042 532 1075 593 τῦ
1106 533 1159 616 τὴν
1188 529 1281 614 φύσιν
1304 529 1358 595 οόκ
1471 535 1473 613 ]

240 628 354 693 εἰδέναι
376 629 447 704 τοῦς
476 631 653 714 δούλουςῑ),
684 632 760 695 ἀλλὰ
790 631 902 718 ταύτην
932 631 1121 718 εόρῆσθαιέ)
1150 633 1184 696 ἐκ
1212 638 1267 718 τῆς
1295 637 1357 696 τῶν
1470 620 1473 696 ί

240 730 342 814 νόμων
365 731 511 807 ἐπινοίας.
556 735 576 818 η
600 732 635 796 δὲ
658 731 822 816 ἐλευθερία
845 735 930 819 παρὰ
949 737 1103 820 ῥωμαίοις
1117 735 1270 816 λε’γεται1)
1293 753 1357 798 ma-

238 834 400 901 numissio.
444 838 492 898 καί
513 837 544 898 τί
564 835 630 899 ἐστι
652 836 871 912 ιοεοοαιὶεείος
902 835 992 902 datio
1021 835 1189 915 libertatis,
1198 837 1224 920 ⁴)
1256 837 1358 899 τουτέ-

205 954 304 1003 5οτιν
326 937 345 1022 η
369 937 454 1011 δύσις
476 943 531 1023 τῆς
552 936 744 1022 ἐλευθερίας.
789 941 837 1002 καί
864 939 926 1024 γὰρ
954 939 1008 1024 ἐφ’
1039 933 1116 1002 ὅσον
1146 959 1189 1012 τις
1216 937 1298 1001 ἐστίν
1324 936 1357 1000 ἐν
1472 994 1473 1020 Q

238 1040 275 1122 τῇ
297 1039 424 1106 δουλεία
447 1043 484 1126 τῇ
502 1042 584 1126 χειρί
605 1042 654 1103 καί
675 1040 804 1127 ἐξουσίᾳ
827 1040 980 1104 ύπόκειται
997 1041 1190 1126 τῇημετέρᾳ
1211 1041 1260 1104 καὶ
1274 1040 1358 1102 ἐλευ-
1471 1062 1473 1066 ’

236 1141 394 1225 θεραιθείς
416 1143 639 1207 ἀπαλλάττεται
663 1148 719 1227 τῆς
740 1143 1009 1229 ῦπεξοοσιότητος.
1054 1141 1133 1228 αὕτη
1162 1141 1197 1206 δὲ
1225 1144 1244 1227 η
1273 1141 1358 1204 ἐλευ-
1471 1135 1474 1226 Q

236 1243 331 1326 θερία
353 1243 388 1307 ἐκ
410 1248 463 1310 τοῦ
485 1245 703 1327 ἰοτίεςοοίίαί)
724 1245 866 1309 τουτέστι
886 1248 941 1308 τοῦ
965 1243 1087 1308 ἐθνικού
1108 1245 1204 1326 νόμου
1226 1246 1281 1330 τὴν
1304 1243 1360 1326 ἀρ-

235 1347 409 1433 γαιογονίαν
433 1345 528 1430 ἔλαβε
550 1347 601 1410 διὰ
623 1349 658 1408 τὸ
682 1347 758 1409 κατὰ
782 1348 832 1410 τὸν
856 1348 982 1428 φυσικὸν
1012 1346 1106 1430 νόμον
1137 1346 1254 1420 πάντας
1274 1344 1359 1408 ἐλευ·

188 1450 220 1500 10
238 1447 356 1534 θέρους
378 1448 541 1512 τίκτεσθαι.
590 1446 667 1514 οὐδὲ
695 1447 756 1532 γὰρ
784 1447 823 1535 ἦν
849 1446 1029 1534 ἐγνωσμένη
1058 1449 1078 1532 η
1108 1445 1273 1529 ἐλευθερία
1301 1451 1359 1534 τῆς
1468 1437 1475 1530 Q

225 1549 379 1632 ,δουλείας
402 1548 498 1636 οὔσης
521 1551 696 1630 ἀγνώστου.
738 1549 823 1634 μεθὸ
847 1549 914 1630 w)
938 1547 1057 1622 ἐθνικὸς
1088 1548 1182 1632 νόμος
1209 1549 1359 1635 ελσηγαγε

236 1655 290 1738 τὴν
313 1652 465 1729 δουλείαν,
491 1651 672 1725 ἀκολούθως
694 1652 774 1733 καὶί)
796 1654 817 1737 η
840 1651 874 1713 ἐκ
895 1657 952 1736 τῆς
979 1649 1162 1734 ἐλευθερίας
1191 1649 1359 1735 εὐεργεσία

231 1753 391 1841 χρειώδης
414 1753 519 1840 ὤφθη,
544 1756 592 1817 καί
615 1757 668 1840 τῆς
691 1753 820 1836 φύσεως
842 1753 876 1817 ἓν
904 1749 1005 1834 ὄνομα
1035 1753 1257 1840 παρασχούσης
1285 1754 1358 1838 ημῖν
1472 1753 1473 1758 ’

238 1857 271 1915 τὸ
296 1859 349 1919 τοῦ
376 1855 566 1941 ἀνθρώπου,
594 1857 729 1931 ἀπαντες
757 1857 818 1939 γὰρ
847 1854 1010 1937 ἅνθρωποι
1040 1853 1358 1938 προσαγορευόμεθα,
1473 1855 1475 1870 “

188 1956 218 2006 15
238 1957 304 2037 τδθ)
344 1956 585 2040 iurisg6nti0n2)
628 1957 696 2040 τρία
740 1961 804 2020 τῶν
843 1955 1021 2040 ἀνθρώπων
1065 1955 1140 2020 εἶναι
1179 1955 1253 2041 γένη
1296 1955 1360 2018 διε-

236 2057 396 2136 τύπωσεν,
442 2060 500 2124 ελσί
535 2059 595 2140 γὰρ
633 2057 794 2142 ἐλεύθεροι
836 2059 883 2120 καί
920 2059 948 2120 οἱ
986 2063 1049 2132 τοῖς
1086 2055 1269 2140 ἐλευθέροις
1306 2057 1360 2119 ἀν-

234 2158 411 2246 τικείμενοι
434 2159 539 2224 δοῦλοι
576 2161 623 2222 καί
665 2160 766 2242 τρίτον
806 2158 896 2239 γένος
941 2161 974 2220 τδ
1017 2163 1078 2220 τῶν
1121 2156 1358 2242 ἀπελευθέρων,

233 2259 371 2324 τουτέστι
413 2265 474 2324 τῶν
519 2259 727 2345 παυσαμένων
771 2258 848 2323 εἶναι
885 2258 1015 2322 δούλοιν.
1082 2257 1256 2345 Ελρηκαμεν
1294 2263 1359 2322 τῶν

235 2360 415 2444 ἀνθρώπων
449 2362 521 2436 τοῦς
550 2363 607 2444 μὲν
641 2359 718 2424 είναι
746 2361 879 2435 δούλους
908 2360 981 2434 τούς
1013 2360 1049 2424 δὲ
1080 2355 1275 2442 ἐλευθέρους
1309 2363 1359 2423 καὶ

184 2476 218 2526 20
234 2465 289 2547 τὴν
320 2463 378 2545 μὲν
412 2463 556 2528 δουλείαν
589 2463 705 2548 ἄτομον
741 2462 817 2527 είναι
852 2465 923 2548 τὴν,
961 2462 997 2526 δὲ
1035 2462 1217 2547 ἐλευθερίαν
1250 2461 1359 2544 τέμνε-

235 2563 311 2628 σθαι
333 2565 377 2637 ελς
398 2564 464 2642 δύο,
487 2566 533 2639 είς
555 2566 632 2647 τεῑθ)
661 2564 797 2644 εὐγενεῖς
819 2566 868 2630 καί
896 2561 1139 2650 ἀπελευθέρους.
1190 2563 1254 2626 ἔστι
1276 2563 1314 2626 δὲ
1336 2565 1358 2648 η

235 2664 375 2747 εὐγένεια
402 2665 518 2749 ἄτομος
533 2666 640 2756 ούκΠ)
663 2667 779 2755 ἔχουσα
801 2670 837 2732 τὸ
857 2669 974 2752 μᾶλλον
996 2667 1066 2754 ἢτδ
1081 2667 1173 2753 ἧττον
1188 2665 1224 2730 ἐν
1247 2668 1357 2752 ἑαυτῇ.

235 2769 442 2850 σκοπήσομεν
465 2769 502 2830 δὲ
525 2771 594 2850 περὶ
617 2774 672 2853 τῆς
694 2769 984 2854 ἀπελευθερότητος
1005 2769 1069 2856 ἥτις
1091 2769 1138 2830 καί
1161 2765 1286 2853 αύιηθ)
1303 2771 1359 2856 αὴ·

231 2891 331 2952 μερον
353 2868 469 2952 ἄτομός
496 2867 580 2933 ἐστιν
610 2869 654 2944 ελς
685 2871 753 2954 τρία
781 2871 872 2933 πάλαι
898 2871 1088 2957 τεμνομένη,
1119 2871 1165 2944 ὡς
1193 2871 1358 2953 προϊόντος

181 2981 214 3032 25
232 2967 368 3052 ἐροῦμεν
393 2974 446 3033 τοῦ
468 2971 571 3051 λόγου.
580 2971 618 3052 11)
663 2971 851 3054 ὡρισάμεθα
874 2970 966 3035 δὲέν
989 2973 1053 3046 τοῖς
1081 2971 1277 3057 προλαβοῦσι
1300 2975 1356 3036 τὸν

232 3070 446 3155 ἀπελεύθερον
469 3062 550 3146 όςτις
576 3069 668 3136 ἐστιν.
720 3075 789 3138 La)
807 3071 936 3147 Πολλοῖς
967 3072 1002 3135 δὲ
1030 3072 1156 3155 τρόποις
1186 3070 1357 3157 ἐλευθερία
1377 3079 1401 3128 1.

232 3174 401 3258 συμβαίνει.
440 3175 459 3260 η
483 3174 543 3258 γὰρ
566 3173 603 3238 ἐκ
626 3177 687 3238 τῶν
709 3173 807 3237 θείων
830 3173 995 3259 δογμάτων
1019 3173 1054 3238 ἐν
1076 3179 1145 3248 ταῖς
1167 3173 1357 3255 ἀγιιυτάταις

232 3275 406 3364 ἐκκλησίαις
432 3275 624 3362 ἐλευθεροῦν
653 3276 818 3360 δυνάμεθα
846 3275 865 3362 ἢ
892 3275 943 3340 ἐπί
971 3277 1122 3364 ἄργοντος
1149 3266 1169 3337 δ’
1195 3275 1263 3340 ἐστι
1286 3275 1356 3340 uin·

232 3377 360 3463 diotq¹⁴)
384 3381 451 3465 (τὴν
475 3379 511 3441 δὲ
534 3378 633 3442 αἰτίαν
656 3381 712 3464 τῆς
735 3375 907 3459 ὀνομασίας
927 3376 1167 3463 μαθησόμεθα),
1191 3375 1211 3462 ἢ
1231 3377 1354 3460 μεταξύ

179 3481 215 3533 30
231 3481 330 3563 φίλων
352 3471 431 3564 ὅπερ
454 3481 576 3563 λέγεται
597 3481 681 3546 inter
703 3480 869 3560 amicus¹⁵)
893 3479 913 3567 ἢ
936 3479 978 3542 δι’
1001 3473 1163 3566 ἐπιστολῆς
1184 3477 1204 3564 ἢ
1227 3473 1265 3540 ἐν
1289 3478 1355 3542 δια·

938 3593 941 3596 ’
1474 3585 1475 3642 λ

298 3653 322 3718 1)
339 3652 389 3720 τὴν
408 3650 531 3702 δουλείαν
549 3650 578 3704 Ρ.
717 3648 740 3716 1)
757 3649 906 3718 ηόρείσδοι
924 3647 955 3702 F.
1092 3646 1116 3716 1)
1134 3646 1158 3700 λ.
1177 3665 1207 3701 π.
1224 3665 1251 3714 ρ.
1270 3645 1301 3698 F.
1319 3645 1353 3698 R.
1474 3695 1475 3702 ,

229 3735 253 3800 ⁴)
267 3736 362 3806 χειρὸς
381 3733 512 3794 ἀπόλυσις
529 3733 590 3788 εδδ.
609 3733 657 3786 Ιι1.
676 3733 801 3789 τουτέστ.
816 3751 844 3804 χ.
863 3733 889 3788 ἀ.
908 3729 991 3801 ἤγουν
1009 3731 1026 3800 ἡ
1046 3733 1068 3784 δ.
1087 3737 1125 3786 ut.
1143 3731 1172 3786 P.
1253 3733 1276 3800 ⁵)
1293 3732 1353 3785 iuro
1474 3779 1475 3794 Q

230 3818 350 3887 gentium
368 3819 399 3872 F.
418 3818 449 3872 R.
595 3819 618 3886 1)
636 3819 652 3871 ό
668 3817 698 3872 P.
718 3816 751 3872 B.
897 3817 919 3882 1)
937 3815 979 3870 de.
1002 3816 1032 3872 P.
1051 3815 1083 3870 R.
1230 3813 1350 3884 1)δὲΡ.
1474 3807 1475 3820 *

229 3904 253 3972 1)
270 3903 312 3956 ius
331 3903 450 3971 gentium
467 3903 498 3958 F.
518 3903 550 3958 R.
653 3904 689 3968 10)
706 3901 732 3958 d.
750 3902 780 3956 P.
882 3903 918 3971 11)
936 3899 975 3970 μτ)
993 3900 1022 3953 Ρ.
1127 3900 1163 3967 11)
1181 3900 1250 3970 αῦτη
1269 3900 1300 3954 G.
1319 3898 1349 3952 F.

229 3987 306 4053 11)τ.
324 3987 347 4040 λ.
366 3989 407 4056 λρ.
425 3988 457 4042 R.
565 3990 601 4055 1⁴)
619 3989 763 4042 τουτέστιν
782 3987 957 4058 λκδιιιουμένη
976 3987 1006 4041 P.
1024 3986 1075 4040 11².
1186 3989 1223 4054 11)
1242 3987 1350 4051 ἀμίκτους

229 4070 259 4124 P.
277 4073 356 4125 -ieu
373 4072 421 4126 11².
441 4072 484 4125 ἐπὶ
502 4073 587 4138 φίλων
606 4073 674 4140 Epa.

297 4159 325 4223 a)
342 4156 376 4211 cf.
394 4157 463 4226 Epa.
481 4159 524 4225 ³⁷,
542 4159 567 4213 ⁷.
587 4157 681 4212 Proch.
700 4161 743 4226 24,
760 4162 785 4213 8.
