2926 4708
544 359 776 422 -217-

107 559 217 624 nosque
247 542 417 624 legatarius
446 543 593 625 accipiet,
628 549 664 608 nt
692 542 833 610 Iulianus
865 544 986 610 scribit.
1035 563 1111 626 grex
1138 547 1222 613 eninr

109 679 197 724 unum
223 678 339 740 corpus
360 662 587 744 quodammodo
610 661 705 728 afficit
726 681 764 727 ax
786 662 975 729 distantibus
1004 669 1151 729 constans
1172 685 1222 731 ca·

108 779 236 856 pilitus·
253 779 348 844 sicuti
371 785 403 844 et
425 779 550 846 aedium
576 799 673 845 unum
701 786 750 846 est
778 799 892 862 corpus
921 801 959 861 ex
985 782 1222 850 cohaerentibus

72 910 102 961 u.
110 893 260 974 lapidibus
281 897 404 976 aliaque
425 897 560 962 matoria
581 903 738 962 constans.
783 898 834 961 19.
866 895 979 979 Itaque
1000 899 1028 963 si
1049 901 1143 965 aedes
1165 903 1222 966 tibi

108 1013 266 1094 logenam,
287 1019 421 1096 postque
451 1019 670 1080 usamentum
698 1015 857 1079 conditum
885 1014 1043 1081 columnas
1071 1017 1123 1082 uel
1144 1036 1223 1082 mar·
1255 1035 1274 1086 o

70 1134 189 1197 tinore
218 1131 329 1196 iisdem
357 1131 523 1211 addidero,
550 1131 673 1197 adiecto
699 1149 823 1214 quoque
851 1133 994 1214 accipies.
1044 1133 1096 1197 20.
1129 1135 1222 1200 Serui

108 1251 160 1316 uei
180 1250 345 1332 peculium
359 1249 423 1314 -tibi
445 1250 559 1331 lagani,
582 1251 613 1314 in
635 1268 698 1332 quo
725 1249 813 1316 aurei
835 1251 866 1314 X
893 1255 998 1331 erant3
1029 1250 1141 1319 deinde
1162 1251 1222 1318 XV

110 1368 153 1432 uel
185 1367 211 1428 V
238 1385 407 1433 aureorum
435 1367 550 1433 facturn
583 1374 646 1446 est,
680 1387 731 1433 me
761 1367 846 1434 uino.
900 1369 933 1433 id
968 1374 1000 1434 te
1035 1369 1222 1450 legatarium

109 1493 232 1568 spectat,
256 1487 326 1551 siue
349 1486 471 1553 lucrum
493 1486 560 1551 siue
582 1487 739 1552 damnum.
767 1485 907 1552 Haecin
929 1488 1037 1570 primis
1059 1494 1223 1572 perspecta

109 1605 226 1670 habeas.
273 1607 409 1670 cessio
431 1611 480 1670 est
501 1605 674 1686 legatorum
697 1605 834 1671 nondum
860 1611 1079 1687 perceptorum
1106 1610 1146 1672 ad
1168 1609 1221 1674 he·
1241 1613 1276 1665 10

110 1726 191 1790 redu
224 1726 435 1790 transmissio.
484 1727 567 1807 quod
599 1732 704 1790 autern
733 1723 950 1806 patrifamilias
975 1726 1066 1791 heres
1096 1732 1159 1804 est,
1187 1726 1221 1792 id

109 1861 193 1908 seruo
214 1848 265 1909 est
288 1844 440 1909 dominns.
493 1843 576 1925 quod
603 1844 685 1908 enim
713 1861 770 1924 ego
799 1843 1023 1924 paterfamilias
1051 1851 1124 1910 ante
1151 1863 1221 1927 per-

109 1965 274 2043 ceptionem
295 1963 404 2029 hcredi
425 1981 494 2028 meo
515 1965 727 2030 transmittere
748 1983 885 2046 possum,
906 1965 939 2030 id
961 1979 1073 2030 seruus
1096 1963 1222 2029 domino

110 2084 232 2160 quaerit.
285 2082 368 2164 quod
389 2087 494 2146 nutem
521 2082 631 2147 cedere
653 2083 762 2165 nequit
783 2099 884 2163 neque
905 2083 946 2147 ad
969 2081 1100 2147 heredes
1121 2087 1222 2146 mans·

112 2200 193 2280 mitti,
217 2201 248 2264 id
272 2201 406 2264 dominis
428 2218 488 2264 non
511 2201 682 2279 quaeritur.
715 2200 830 2266 cedunt
851 2217 928 2266 uero
949 2201 1064 2281 legata,
1086 2217 1157 2264 oum
1180 2200 1221 2264 ad
1239 2213 1272 2265 lu

112 2337 162 2382 nos
183 2319 373 2382 deteruntur.
418 2315 534 2383 delatio
556 2322 631 2380 tunc
652 2315 703 2391 fit,
731 2336 802 2382 oum
830 2317 912 2382 actio
939 2324 1115 2397 competere
1144 2317 1220 2384 inci·

112 2436 169 2517 pit:
190 2436 337 2518 competit
360 2441 463 2500 autem
485 2435 566 2500 actio
588 2435 619 2498 in
641 2435 729 2517 puris
751 2436 862 2516 legatis
884 2454 904 2500 a
926 2441 1026 2500 morto
1048 2436 1219 2512 testatoris,

113 2555 143 2617 in
163 2553 424 2620 conditionalibus
451 2572 529 2650 uero
557 2573 577 2619 a
604 2554 793 2620 condicionis
820 2561 946 2621 euentu.
994 2555 1067 2619 olim
1095 2553 1221 2634 quidem

113 2673 149 2736 ab
170 2673 253 2738 adita
274 2671 448 2738 hereditate
468 2669 621 2739 cedebant
641 2673 761 2754 legata3
784 2678 833 2738 set
855 2689 925 2738 cum
948 2671 1108 2752 legatariis
1121 2672 1152 2736 id
1169 2671 1222 2736 do·

114 2791 252 2856 trimonto
285 2792 354 2854 erat
381 2789 464 2869 (oum
493 2789 576 2856 enim
602 2788 733 2854 heredes
759 2789 928 2870 legatarios
956 2790 1101 2854 uiderent
1130 2791 1220 2870 gram
1237 2805 1273 2857 no

114 2907 190 2973 torte
209 2909 316 2974 morbo
338 2915 513 2990 conreptos,
536 2908 701 2972 aditionem
725 2907 919 2988 differebant,
939 2913 975 2973 nt
997 2926 1098 2990 neque
1112 2906 1158 2972 eis
1180 2908 1220 2971 ls-

114 3027 401 3103 protelarentur,
424 3027 586 3108 nequead
615 3043 722 3090 sorum
748 3025 1038 3090 transmitterentur
1064 3025 1220 3105 heredes),

113 3144 179 3207 ideo
200 3145 316 3224 placuit
337 3151 374 3210 ut
395 3163 415 3209 a
437 3150 537 3209 morte
565 3147 728 3208 testatoris
753 3145 853 3210 cessio
883 3161 940 3209 sen
969 3144 1083 3208 delatio
1106 3143 1222 3224 incipe-

113 3268 168 3324 ret.
210 3262 265 3328 hoo
288 3265 370 3329 enim
392 3269 516 3346 tempus
538 3280 598 3328 non
625 3265 657 3327 in
686 3263 810 3328 heredis
840 3263 971 3328 arbitrio
997 3263 1132 3344 positum
1162 3267 1221 3326 est

114 3377 307 3444 inueniuntur
331 3385 435 3446 tamen
457 3381 549 3447 hodie
570 3398 695 3461 quoque
721 3381 825 3461 legata
846 3379 1012 3462 quaedam,
1042 3397 1124 3460 quae
1150 3396 1221 3462 pro-
1238 3396 1272 3450 uo
