2936 4704
526 331 898 402 -ntb-⁴·

107 533 167 586 sce
190 517 1209 604 uousnnurssmucuouneu,sequuucsinsm

107 653 271 704 muscus
292 637 478 704 consistunt
519 634 700 721 pondere
727 637 873 722 quidem,
900 637 1003 706 ueluti
1024 655 1138 706 surum
1158 653 1210 706 un·

106 761 209 836 gentum
230 753 396 836 plumbum
419 757 577 822 stumnum
601 773 674 822 cers
695 771 750 822 ces
776 755 830 839 pix
856 763 889 822 et
909 762 1016 825 oeten
1036 755 1069 822 id
1091 773 1208 838 genuus

105 890 251 951 numero,
273 879 429 956 quotquot
455 875 614 942 numerari
640 874 760 953 solent,
788 881 827 940 ut
855 893 927 942 coes
955 875 1047 960 puni
1076 873 1208 942 nummi:

105 1009 262 1057 mensuro
282 995 390 1058 sutem
413 989 514 1059 uelmi
535 990 727 1060 trumentum
754 991 905 1060 hordeum
932 1000 966 1060 et
991 999 1097 1062 cetere
1125 993 1209 1062 εἱιιι·
1241 999 1261 1054 ⁸

104 1108 178 1176 nodi.
217 1127 291 1178 cum
313 1110 391 1178 boec
413 1109 472 1178 tibi
492 1103 661 1196 perspectu
685 1107 816 1188 hebens,
846 1111 921 1178 uide
948 1128 1031 1196 quus
1057 1109 1133 1180 iudo
1160 1129 1209 1184 ss·

104 1233 227 1311 omniun
282 1229 417 1298 diximus
445 1228 597 1313 pupillum
621 1231 743 1313 ubsque
772 1229 888 1296 tuton-b
916 1227 1106 1296 emunitate
1133 1245 1208 1300 suus

104 1365 143 1412 us
160 1348 294 1415 sticum
314 1367 377 1416 nen
399 1366 502 1430 posse.
545 1349 622 1431 quii
649 1367 727 1433 ergo
753 1349 781 1416 si
806 1355 916 1416 cnntm
942 1347 1136 1414 uoluntatem
1158 1355 1207 1416 tu·

105 1464 169 1532 tou's
187 1471 329 1532 mutuum
351 1466 452 1547 dedit,
474 1485 549 1533 num
571 1473 675 1534 rutum
687 1465 881 1534 iubebitur?
902 1483 1099 1552 usquequam
1121 1483 1207 1535 sune.

103 1583 223 1666 sienim
244 1585 301 1668 qui
323 1601 389 1652 rem
411 1591 522 1652 mutuo
544 1585 667 1668 accipit,
690 1585 757 1652 eius
779 1581 923 1651 dominus
945 1583 1013 1651 fieri
1034 1585 1124 1667 solet,
1145 1586 1205 1654 boc
1226 1587 1259 1641 1⁰

102 1703 212 1770 intuso
233 1723 296 1772 non
317 1703 363 1784 fit
385 1721 455 1772 cum
477 1701 615 1788 pupillus
630 1704 749 1786 ubsque
764 1707 870 1770 tutore
891 1701 1031 1770 ulienurs
1052 1720 1113 1770 non
1133 1722 1207 1792 pos·

102 1821 143 1888 sit
179 1823 273 1905 igitur
296 1841 398 1906 neque
421 1821 564 1890 constitit
584 1828 745 1902 mutuum,
767 1837 870 1902 neque
896 1827 1023 1890 teuetm
1044 1821 1099 1906 qui
1120 1840 1207 1892 cece·

102 1940 148 2021 u.
189 1915 1207 2024 quonaostcpupunmumnrenmnum

103 2060 287 2128 mumius
308 2059 440 2129 bsbsmc
461 2077 541 2145 quos
569 2059 719 2140 emmiu,
745 2060 845 2127 sicubi
871 2065 992 2134 entenic
1019 2060 1071 2126 sin
1099 2065 1206 2127 cutem

103 2179 147 2260 qui
165 2197 213 2246 sus
233 2177 356 2263 ccoemt
376 2179 461 2246 mols
481 2176 544 2247 cos
565 2179 772 2262 consumpsit,
793 2179 878 2245 idest
905 2177 1004 2260 probe
1024 2176 1128 2245 scions
1148 2197 1206 2264 pu·
1225 2195 1258 2250 lu

103 2293 193 2376 pillum
214 2317 284 2366 esse
305 2299 358 2382 qui
380 2297 575 2375 credidisset,
597 2297 719 2364 actione
741 2295 782 2363 ud
803 2296 1012 2364 exhibendum
1035 2295 1204 2364 tenebitur.

102 2413 198 2495 quibus
228 2417 311 2483 enim
343 2416 541 2492 extantibus,
572 2417 604 2482 in
637 2433 704 2482 rem
738 2416 858 2482 intendi
892 2413 987 2498 solet,
1021 2415 1133 2484 iisdem
1158 2413 1205 2482 ls-

102 2533 224 2602 tentibus
257 2555 315 2603 sen
347 2537 431 2606 mulu
455 2534 519 2604 sude
546 2533 756 2619 consumptis,
782 2536 826 2602 ud
850 2535 1058 2604 mbibendum
1086 2535 1205 2604 nouum

99 2649 173 2716 loeus
190 2651 235 2720 tit
278 2655 327 2720 sin
347 2659 455 2721 cutem
484 2654 568 2722 bons
588 2651 747 2720 bossunt
767 2654 959 2737 consumpti,
986 2653 1106 2722 scilicet
1132 2671 1203 2722 eum

99 2767 185 2836 beni
204 2778 348 2840 mutuum
370 2773 479 2841 dutum
501 2781 551 2840 sst
571 2781 701 2856 unicust
720 2774 870 2855 bubonum
892 2791 962 2841 esse
984 2773 1037 2856 qui
1051 2771 1203 2853 eusdem
1221 2777 1256 2832 ²⁰

99 2889 210 2956 tuucin
231 2909 299 2957 rem
324 2891 444 2958 intendi
473 2908 535 2960 non
564 2897 685 2975 potest,
712 2909 814 2976 neque
841 2893 923 2958 enim
944 2891 1063 2958 nummi
1084 2898 1203 2969 extant

98 3023 185 3090 neque
205 3011 246 3078 ud
269 3011 494 3092 exhibendum,
523 3030 658 3098 numque
684 3030 742 3079 nec
763 3011 882 3078 conditi
909 3015 985 3077 sunt
1011 3011 1129 3078 nummi
1151 3029 1205 3077 ne·

99 3140 150 3206 oue
169 3129 250 3196 nula
271 3128 332 3198 fide
353 3131 538 3214 consumpti.
582 3130 657 3212 qnid
679 3150 756 3214 ergo
776 3129 831 3199 fiet
857 3150 897 3198 ne
917 3131 967 3196 ius
989 3129 1073 3214 qnod
1094 3127 1204 3200 fauore

97 3245 192 3327 pupilli
207 3255 258 3318 est
272 3250 482 3318 mtuoduetum
501 3249 535 3316 in
550 3251 650 3334 ipsius
666 3256 810 3318 nenutnn
832 3248 1010 3333 perniciem,
1033 3249 1060 3313 si
1074 3245 1160 3315 nulle
1173 3246 1203 3314 ei

97 3371 240 3446 munseo
253 3385 293 3433 su
303 3368 505 3450 munientium
519 3367 638 3451 regulis
652 3367 756 3437 ceto?
776 3367 930 3450 reliquum
951 3374 1001 3434 cst
1021 3371 1059 3432 ut
1079 3367 1109 3432 ei
1130 3383 1202 3432 con·
1219 3379 1254 3432 cs

97 3477 180 3546 dictio
195 3483 290 3550 detur
300 3492 332 3551 et
345 3489 428 3570 quod
443 3486 595 3570 pecuniae
609 3487 823 3554 numeratione
837 3503 899 3552 non
915 3493 964 3553 est
977 3485 1132 3568 effectum,
1143 3484 1202 3554 sci-

95 3596 158 3666 icet
182 3609 220 3668 ut
249 3611 393 3672 mutuum
421 3605 666 3672 constituentur
693 3612 727 3672 et
751 3605 907 3691 occiuiens
936 3609 1097 3672 teneretur
1128 3621 1202 3672 eon·
