2884 4728
544 304 784 366 -411—

109 483 208 539 torem
239 475 345 540 facere
377 495 470 539 nemo
503 476 610 560 possit.
661 498 718 561 per
748 485 968 561 procuratores
997 485 1102 543 autem
1130 479 1225 544 liceat

108 599 186 681 ipsis
201 599 384 664 iniuriarum
401 599 558 664 actionem
574 601 745 685 suscipere,
766 601 859 667 sicuti
875 601 986 666 eadem
1003 603 1224 667 constitutione

109 731 234 788 cautum
258 730 314 788 est.
359 723 556 790 manifestius
587 733 692 790 autem
720 727 798 791 haec
827 727 933 791 omnia
961 727 991 791 ei
1019 729 1225 810 apparebunt,

61 847 162 930 tuqui
198 848 279 913 hanc
315 849 428 931 legerit
463 850 724 916 constitutionem.
775 855 823 918 11.
846 852 918 916 Non
953 853 1054 916 solum
1089 852 1144 933 qui
1177 873 1227 918 me

108 973 265 1056 percussit
287 973 470 1038 iniuriarum
495 981 630 1056 tenetur,
660 983 709 1040 set
736 977 789 1068 ille
819 997 956 1059 quoque,
985 977 1074 1042 ouius
1099 977 1171 1044 dolo
1196 977 1228 1041 id
1265 993 1281 1044 5

61 1096 227 1162 lassatum
250 1104 307 1180 est,
332 1099 386 1180 qui
409 1099 529 1164 scilicet
552 1100 674 1164 curauit
696 1106 730 1163 ut
752 1109 941 1184 percuterer.
976 1104 1024 1168 12.
1040 1102 1227 1166 Iniuriarum

107 1223 191 1288 actio
209 1222 461 1288 dissimulatione
478 1225 631 1289 aboletur.
679 1231 711 1290 et
733 1224 806 1290 ideo
822 1225 849 1290 si
867 1226 937 1307 quis
953 1225 1098 1290 iniuriam
1113 1247 1227 1309 passus

108 1368 177 1412 eam
213 1349 307 1431 parui
342 1349 466 1431 fecerit,
504 1350 532 1413 h.
557 1369 582 1414 e.
612 1350 652 1414 ob
680 1349 712 1413 id
747 1350 831 1432 quod
862 1351 979 1415 lactum
1013 1357 1062 1416 est
1092 1371 1156 1416 non
1188 1351 1229 1416 sit

106 1472 291 1555 indignatus
303 1493 405 1554 neque
421 1473 453 1537 id
466 1493 564 1557 aegre
579 1495 638 1539 sua
653 1479 756 1540 mente
772 1475 878 1540 tulerit
894 1495 964 1540 cum
981 1496 1020 1540 ea
1033 1475 1227 1558 adficeretur,

105 1604 221 1681 postea
236 1619 275 1662 ex
291 1599 487 1683 poenitentia
504 1599 668 1663 remissam
685 1598 829 1662 iniuriam
852 1619 914 1664 non
938 1599 1054 1683 poterit
1077 1601 1226 1666 recolere.
1247 1615 1281 1667 10

194 2235 246 2300 De
271 2235 519 2318 obligationibus
543 2256 624 2317 quae
648 2237 740 2317 quasi
763 2257 803 2301 ex
826 2236 940 2301 delicto
964 2245 1143 2302 nascuntur.

581 2360 703 2424 Titulus
727 2364 756 2427 5.

196 2517 276 2582 Cum
293 2517 332 2582 de
349 2518 526 2584 actionibus
550 2519 648 2584 locuti
664 2521 768 2597 simus,
793 2539 874 2600 quae
895 2540 935 2584 ex
955 2519 1069 2584 delicto
1092 2541 1226 2585 nascun-

100 2647 163 2724 tur,
189 2642 356 2706 uideamus
380 2642 418 2707 de
443 2643 492 2724 iis,
517 2663 598 2724 quae
623 2643 715 2725 quasi
738 2664 777 2708 ex
802 2643 916 2708 delicto
940 2651 1118 2709 nascuntur.
1157 2665 1227 2710 cnm

104 2765 187 2831 inter
210 2786 262 2830 me
286 2786 324 2830 ac
348 2767 464 2832 Titium
480 2767 622 2832 Maeuius
639 2773 853 2850 cognosceret,
878 2768 1023 2832 iniuriam
1039 2768 1116 2832 mihi
1136 2770 1225 2852 fecit3

105 2892 185 2955 forte
211 2889 297 2956 enim
320 2911 369 2956 mc
391 2891 469 2955 nibil
486 2892 652 2956 debentem
669 2892 899 2957 condemnauit.
938 2898 969 2956 et
985 2893 1044 2957 hoc
1061 2899 1117 2974 est,
1143 2894 1228 2974 quod

103 3015 191 3098 apud
215 3015 284 3080 iure
309 3016 468 3080 consultos
492 3015 620 3081 dicitur:
646 3016 769 3081 »litem
794 3037 897 3082 suam
920 3017 1042 3082 fecit«.
1081 3018 1280 3102 dispicio-15

104 3160 173 3204 mus
197 3161 242 3203 an
265 3139 298 3204 id
320 3145 499 3204 contractus
523 3141 573 3220 sit,
597 3162 639 3206 an
663 3142 755 3222 quasi
779 3148 967 3225 contractus,
991 3163 1033 3206 an
1057 3142 1227 3208 delictum?

105 3271 137 3328 et
162 3264 301 3347 primum
330 3270 551 3330 contractus
579 3285 642 3331 non
674 3275 736 3349 est;
772 3273 951 3332 contractus
980 3267 1062 3332 enim
1096 3267 1227 3332 duorum

106 3411 295 3456 consensum
329 3391 470 3474 requirit,
505 3412 570 3456 non
603 3399 707 3458 autem
740 3414 810 3459 meo
840 3414 995 3458 consensu
1023 3392 1117 3457 iudex
1151 3392 1227 3455 mihi

105 3516 254 3581 iniuriam
284 3517 372 3583 fecit:
401 3537 504 3598 neque
533 3518 643 3600 quasi
671 3524 903 3600 contractus,
934 3539 1006 3582 nam
1035 3517 1126 3600 quasi
1154 3536 1226 3580 con·
