2898 4712
528 405 570 424 ·-
613 371 677 438 230
720 409 760 420 -

91 559 147 628 sibi
174 561 316 628 rollotum
337 577 456 641 poouoo
484 559 607 626 nomios
635 559 772 642 legatum
802 575 986 636 saporosum
1020 563 1070 624 sot
1099 576 1139 624 ue
1166 558 1198 623 iu

91 678 194 746 militis
224 677 348 760 quidem
375 684 562 744 testamento
584 684 686 744 rutum
712 677 821 744 haberi
842 678 978 760 legatum
1007 691 1125 759 poenos
1147 687 1201 742 no-

92 798 168 865 mine
200 798 361 876 relictum,
393 798 466 864 licet
498 796 575 863 ulios
608 796 740 862 militum
770 797 948 862 uoluntates
974 797 1005 860 iu
1035 801 1199 861 tostomeu-

90 920 128 984 tis
153 938 211 1001 pro
239 917 309 1000 logo
336 916 520 984 habeantur.
570 917 763 1000 quinetiam
797 935 898 998 noque
925 911 1055 982 libertus
1083 933 1201 997 poenos

90 1039 209 1104 pomino
233 1037 342 1104 relicto
362 1043 433 1103 roto
447 1033 597 1114 iubetur,
619 1055 720 1119 neque
742 1035 845 1102 ualido
860 1036 930 1116 quis
944 1054 1062 1118 poenae
1077 1035 1200 1101 nomine
1233 1043 1250 1094 u

91 1159 174 1224 lorus
197 1158 388 1236 instituitur,
414 1175 494 1239 quos
523 1153 631 1221 Sabini
658 1156 812 1222 seutoolio
840 1163 898 1222 ost
948 1151 1047 1220 uoluti
1075 1154 1102 1218 si
1130 1154 1200 1236 quis

91 1279 129 1343 ito
150 1277 252 1342 dicut:
275 1275 410 1342 Titius
432 1274 529 1340 milri
551 1277 665 1342 horos
688 1282 791 1349 esto,
820 1275 897 1340 uisi
919 1275 1050 1340 Titius
1072 1273 1200 1339 lilium

92 1413 192 1461 suom
208 1394 302 1462 Soio
323 1395 360 1461 in
382 1395 662 1460 matrimonium
685 1393 958 1469 oollooouerit,
980 1390 1096 1459 Seius
1117 1409 1200 1473 quo·

91 1512 293 1596 quoheres
315 1521 415 1593 esto,
441 1510 560 1579 inutilis
582 1520 631 1578 ost
652 1509 714 1578 Seii
735 1511 900 1578 institutio.
940 1511 1021 1578 siout
1043 1511 1125 1578 enim
1146 1512 1200 1578 he-

43 1635 45 1642 ’
91 1653 137 1701 ros
157 1634 255 1717 legati
277 1635 401 1699 datione
421 1633 615 1700 incommodo
637 1630 794 1706 adficitur,
815 1632 860 1697 ito
881 1639 913 1697 et
941 1629 1048 1697 horodi
1075 1627 1251 1697 cohors-10

93 1753 136 1820 (lis
160 1753 321 1820 institutio
350 1752 462 1818 domno
490 1759 554 1835 est,
586 1759 696 1834 utpote
724 1751 861 1834 quossi
890 1749 1051 1816 dimidium
1077 1750 1201 1816 auferat

92 1871 283 1938 hereditatis.
323 1878 373 1938 set
394 1871 545 1938 eiusmodi
565 1870 837 1954 scrupulositatem
866 1870 1096 1936 sacratissimus
1117 1871 1200 1951 priu-

93 2009 159 2074 osps
179 1994 296 2069 noster,
319 2009 389 2056 oum
411 1987 471 2055 sibi
500 2007 561 2054 nou
587 1989 738 2071 placeret,
766 1989 904 2070 generali
931 1989 1060 2054 sustulit
1087 1989 1200 2056 consti·

93 2111 222 2190 tutione,
251 2128 313 2192 quo
337 2111 422 2176 osuit
448 2108 522 2174 lioot
543 2127 661 2191 poeuoe
683 2107 807 2174 nomino
833 2109 942 2174 relicto
967 2107 1018 2172 uel
1055 2109 1200 2190 adempta

93 2235 137 2300 uel
158 2235 281 2302 demum
302 2232 335 2300 io
357 2233 435 2300 ulios
456 2234 608 2299 trousloto
628 2234 782 2317 quosdam
803 2231 919 2299 luerint
940 2251 979 2298 ue
994 2248 1066 2298 eso
1087 2228 1199 2298 ceteris
1219 2247 1250 2300 ro
1316 2301 1319 2309 ,

95 2351 203 2420 distem
223 2352 337 2435 legam,
357 2351 391 2418 iu
412 2353 526 2434 quibus
547 2352 628 2420 citro
648 2370 781 2435 posnam
805 2350 890 2418 datio
917 2351 1075 2432 ademptio
1098 2355 1200 2415 trous·

93 2471 161 2538 lolio
179 2471 224 2548 fit,
247 2470 384 2552 exceptis
410 2470 473 2538 illis
500 2471 648 2539 uidelicet
675 2489 757 2553 quos
784 2471 835 2537 uel
856 2469 1061 2553 impossibilis
1083 2470 1134 2536 uel
1156 2469 1200 2537 lo·

93 2591 177 2672 gibos
191 2591 293 2658 uetito
309 2592 360 2658 usl
374 2590 452 2658 ulios
465 2591 617 2673 probroso
630 2609 685 2658 ssu
700 2589 937 2670 iniuriosum,
953 2591 1103 2658 eiusmodi
1118 2589 1199 2656 enim

93 2715 270 2778 motorum
289 2711 507 2793 dispositiones
528 2709 634 2777 uolero
661 2709 796 2775 uliouum
825 2727 894 2778 osse
919 2709 981 2793 piis
1007 2709 1199 2794 temporibus

93 2825 207 2910 imperii
224 2831 275 2897 sui
296 2829 426 2897 sensuit
465 2835 500 2896 ot
520 2829 722 2912 impossibilis
749 2828 892 2912 quidem,
913 2827 1012 2896 uoluti
1033 2830 1058 2896 si
1082 2829 1198 2896 dicum:
1215 2833 1250 2885 w

92 2947 193 3016 'litio
212 2964 353 3017 tureos
381 2949 407 3016 0
435 2951 480 3017 olo
502 2949 606 3033 logo,
638 2949 672 3016 si
694 2949 733 3016 iu
754 2948 905 3017 ooslum
926 2948 1196 3016 sdsosudoritr

93 3069 168 3135 uisi
195 3087 285 3138 uoto
305 3069 345 3136 io
367 3070 517 3137 coslum
539 3069 806 3150 adscenderit,
842 3087 906 3137 eos
934 3067 1066 3136 Primo
1098 3067 1197 3150 logo

93 3186 145 3256 hos
169 3189 249 3256 enim
273 3189 307 3257 iu
334 3189 394 3260 huo
420 3190 524 3273 specio
550 3191 653 3259 'lilius
679 3191 819 3275 sooipiot
870 3189 921 3258 uel
947 3191 975 3257 si
1003 3191 1048 3257 ito
1077 3189 1197 3256 dicum:
