3092 4702
757 321 966 386 ...30-

308 505 439 591 ἐξαρκεῖ
457 507 518 589 γὰρ
539 508 559 594 η
583 506 802 594 ύποληφθεῖσα
823 507 988 594 περιουσία
1010 508 1083 586 τούς
1097 507 1272 576 meditem
1288 508 1410 596 ἀποπλη-

304 614 420 694 ρῶσαι.
478 609 547 676 ίδσύ
574 609 635 694 γὰρ
662 609 794 677 ἐνταῦθ’
823 609 944 697 ἐνόμιζε
981 611 1093 697 πολλὴν
1123 609 1198 674 εἶναι
1232 610 1283 696 τὴν
1311 611 1410 674 οἰκείαν

210 795 213 800 ,
307 712 472 778 ὑπόστασιν
502 714 551 777 καί
583 713 739 778 δύνασθαι
772 715 805 778 τὸ
835 715 936 778 ίκανδν
969 711 1115 781 ἐντεῦθεν
1153 711 1330 796 γενέσθαι)
1356 718 1411 790 τοῖς

306 815 559 902 ἐποφειλομένοις
579 818 629 880 καί
652 817 877 892 εὐνουστάτους
898 813 1113 904 ἠλευθέρωσεν
1143 815 1260 890 οίκέτας
1282 816 1329 878 καὶ
1349 837 1412 878 παν-

272 921 404 1008 ὐταγού
426 919 582 983 ἐδείκνυτο
603 919 650 983 ότι
678 919 800 1006 πονηρὰ
828 919 970 995 διάθεσις
997 918 1052 1007 οὐχ
1081 919 1170 1005 ὑπῆν.
1223 917 1356 984 (monton
1382 917 1411 979 δὲ

305 1021 343 1110 ἦν
366 1021 546 1103 κύκιστονί),
569 1021 674 1108 ἐπειδὴ
697 1021 752 1112 οὐγ
773 1013 881 1108 οίςπερ
903 1021 1024 1106 ἐνόμιζε
1046 1021 1116 1084 κατ’
1140 1018 1288 1108 ἀληθειαν
1307 1019 1411 1104 μείζων

306 1123 344 1212 ἦν
365 1129 429 1188 τῶν
446 1119 596 1213 γρεῶνὴ
625 1125 721 1191 αὐτοῦ
750 1127 921 1211 περιουσία.
977 1123 1091 1190 ἐσθότε
1124 1125 1185 1210 γὰρ
1219 1122 1265 1187 δι’
1299 1123 1412 1206 ἄγνοιαν

305 1225 426 1310 ἑτέρως
452 1225 585 1312 οἰόμεθα
614 1229 685 1313 περί
713 1232 769 1316 τῆς
795 1221 953 1315 ἡμετέρας
982 1226 1161 1310 περιουσίας
1189 1224 1270 1314 ἤπερ
1297 1223 1357 1313 ἔχει
1384 1227 1411 1288 τό

306 1327 430 1416 ἀληθές.
474 1326 555 1406 ὥςτε
578 1327 632 1396 σύν
655 1330 707 1394 δεῖ
728 1330 896 1395 συνελόντα
924 1329 1018 1394 εἰπεῖν
1048 1329 1119 1394 τότε
1146 1326 1341 1412 όκυρυύσθαι
1366 1327 1413 1401 τὰς

257 1429 289 1496 10
306 1431 491 1517 ἐλευθερίας
512 1434 566 1498 ύτε
587 1437 637 1498 καί
643 1435 668 1518 ³)
691 1436 799 1522 γνώμη
816 1436 941 1520 πονηρᾷ
954 1431 1028 1508 τούς
1043 1430 1164 1508 οίκέτας
1178 1428 1384 1515 ἐλευθερώσω
1390 1430 1412 1512 ⁴)

302 1536 352 1600 καί
374 1538 408 1600 τδ
430 1536 590 1622 γινόμενον
612 1537 717 1623 ζημιοῖ
734 1536 805 1611 τούς
832 1535 1006 1612 δανειστάς.
1050 1536 1082 1599 4.
1111 1529 1267 1617 Ἔγνωμεν
1297 1533 1332 1596 ἐκ
1358 1538 1442 1598 τῶνε
1488 1553 1489 1556 ’

304 1638 529 1722 προλαβόντων
551 1631 598 1702 ὅτι
620 1641 638 1700 ύ
660 1637 792 1720 filios&
815 1637 934 1704 εὲυίὶοε
957 1636 1073 1722 ἀκυροῖ
1090 1637 1146 1713 τὰς
1168 1634 1352 1720 ἐλευθερίας
1367 1636 1413 1709 τὰς

302 1740 335 1804 in
357 1740 506 1807 fraudem
527 1739 721 1808 creditorum
743 1742 909 1824 διδομένας
928 1745 1026 1826 μισῶν
1050 1745 1103 1828 την
1137 1744 1192 1806 τοῦ
1220 1738 1413 1826 ἐλευθεροῦν-
1488 1791 1489 1794 ,

304 1863 357 1917 τος
378 1844 515 1908 διάνοιαν
538 1846 583 1920 ὡς
605 1843 657 1908 ἐπ’
685 1844 786 1931 ἀδικίη
813 1843 973 1931 γινομένην
1001 1843 1129 1928 ἐτέρων.
1174 1845 1191 1906 δ
1213 1843 1308 1920 αὐτὸς
1329 1841 1413 1926 νόμος
1487 1885 1489 1928 1

255 1955 286 2006 1ο
304 1943 405 2033 ἐπέγει
438 1946 492 2020 τὰς
519 1944 704 2030 ἐλευθερίας
733 1946 789 2020 τὰς
821 1945 1037 2033 παρεχομένας
1070 1945 1128 2010 ὑπὸ
1160 1949 1223 2010 τῶν
1251 1943 1412 2009 ἐλαττόνων
1487 1937 1489 2000 ί

303 2050 364 2112 τῶν
388 2035 598 2128 ἷίνιαυτῶν,
626 2048 662 2112 οὐ
686 2047 737 2112 διὰ
755 2052 860 2132 μῖσος,
883 2049 960 2112 ἀλλὰ
982 2046 1029 2112 δι’
1056 2045 1179 2113 εὔνοιαν
1205 2050 1268 2112 τῶν
1300 2045 1413 2112 ἐλευθε-

299 2150 450 2234 ρούντων.
495 2149 641 2237 η’πίστατο
664 2151 724 2235 γὰρ
747 2152 792 2225 ὡς
814 2151 843 2214 οί
874 2150 1016 2238 τοιαύτην
1043 2152 1173 2236 ἄγοντες
1201 2151 1316 2236 ίλικίαν
1338 2151 1414 2240 εὐγε-

299 2258 368 2338 ρῶς
401 2253 580 2320 ἀπατῶνται
607 2256 656 2319 καί
683 2260 749 2333 ταῖς
778 2259 840 2320 τῶν
868 2257 993 2320 οίκετῶν
1022 2255 1136 2321 εἴκουσι
1171 2253 1343 2330 κολακείαις
1372 2253 1414 2315 καί

300 2356 403 2443 τούτῳ
426 2358 599 2443 τῷτρόπῳ
623 2359 819 2445 τὴνὲαυτῶν
842 2359 1021 2423 ἐλόττουσιν
1046 2360 1223 2423 ὑπόστασιν.
1258 2364 1349 2424 τοῦτο
1364 2353 1412 2420 οὐν
1487 2375 1488 2396 ¹

250 2476 286 2528 νυ
302 2459 395 2536 είδῶς
427 2463 494 2535 ταῖς
527 2459 645 2524 ἐκεῖθεν
677 2459 855 2544 ἐπιβουλαῖς
890 2462 944 2548 τὴν
973 2462 1085 2527 ἑαυτοῦ
1120 2459 1308 2543 νομοθὲσίαν
1337 2458 1414 2524 ἀντί·

301 2583 424 2648 στηοεν.
452 2561 594 2637 κωλύσας
616 2562 651 2627 δέ
674 2563 801 2638 τούτους
823 2565 875 2628 τὸν
897 2562 973 2627 ἴδιον
996 2563 1114 2652 οἰκέτην
1129 2563 1331 2648 ἐλευθεροῦν,
1353 2561 1413 2627 ἐπέ·

302 2665 414 2747 τρεφεν
440 2661 623 2745 ἐλευθερίαν
650 2663 802 2744 διδόναιί)
828 2665 877 2730 ἐπί
905 2665 1036 2748 εὐλόγου
1065 2667 1163 2742 αίτίας
1191 2665 1239 2732 ἐπὶ
1267 2667 1413 2756 ἄρχοντος

300 2764 334 2827 ἐν
356 2763 495 2850 οοαείίίῳ
518 2765 771 2854 δοκιμαζομένης.
816 2766 951 2854 εἴπωμεν
975 2770 1010 2834 δὲ
1034 2769 1188 2853 πρότερον
1213 2769 1240 2832 τί
1260 2767 1328 2833 ἐστι
1348 2786 1413 2834 oon·
1484 2829 1485 2836 ,

299 2866 392 2934 είίίου
415 2869 463 2931 καὶ
483 2867 585 2943 ούτως
606 2869 737 2954 ἐροῦμεν
758 2871 815 2946 τὰς
837 2871 985 2952 εὐλόγους
1006 2870 1148 2946 αίτίοςῶ)
1178 2869 1333 2936 consili6n
1355 2871 1413 2934 ἐστι

248 2987 282 3040 25
300 2969 462 3052 συνέδριον
484 2969 633 3056 φανερῶν
662 2971 788 3057 ἀνδρῶν
815 2973 892 3037 κατὰ
918 2975 1016 3061 ῥητὸν
1047 2979 1101 3039 τοῦ
1129 2971 1274 3040 ἐνιαυτοῦ
1307 2973 1413 3063 χρόνον

299 3072 531 3157 συνιστάμενον.
588 3073 706 3155 ἐγίνετο
741 3074 776 3138 δὲ
811 3078 901 3140 τοῦτο
935 3077 969 3139 τδ
1002 3074 1154 3143 oonsilion
1186 3073 1223 3140 ού
1254 3075 1354 3160 μόνον
1384 3075 1412 3138 ἐν

296 3178 410 3263 ρώμη,
438 3177 516 3240 ἀλλὰ
542 3179 591 3241 καί
617 3176 651 3239 ἐν
682 3179 746 3252 ταῖς
775 3176 945 3266 ἐπαρχίαις.
1002 3177 1168 3242 συνίστατο
1203 3179 1239 3243 δέ
1271 3177 1307 3240 ἐν
1342 3177 1412 3264 τῷί)

299 3281 398 3365 καιρῷ
421 3282 476 3345 τού
502 3278 703 3363 conu6ntu0).
748 3281 797 3344 καί
819 3281 848 3344 τί
869 3281 934 3345 ἐστι
961 3279 1153 3361 αόαυουίοας
1179 3282 1278 3367 ,θητὸς
1302 3280 1412 3369 γρύνος

298 3385 378 3466 πρὸς
401 3384 562 3448 κατάλυσιν
584 3382 677 3446 δικῶν
699 3381 946 3469 ἐπινενοημένος.
970 3385 999 3446 οῖ
1021 3385 1081 3467 γὰρ
1098 3385 1235 3469 ῥωμαῖοι
1248 3384 1304 3448 τὸν
1320 3384 1411 3448 πάντα

246 3515 282 3568 ³0
299 3486 411 3576 σγεδδν
433 3483 572 3551 ἐνιαυτὸν
594 3482 630 3552 ἐν
652 3489 700 3572 τῷ
722 3486 865 3571 πολεμεῖν
894 3487 1095 3562 δαπανῶντες
1116 3486 1195 3550 κατύ
1216 3509 1282 3549 τινα
1300 3483 1411 3574 χρόνον

365 3744 464 3811 1)γεν.
481 3741 536 3796 ἐντ.
556 3742 605 3798 11².
708 3743 733 3810 ἵ)
752 3749 866 3798 euentus
884 3743 915 3796 δέ
932 3741 965 3812 ἦν
984 3743 1112 3804 κάκιστος
1128 3741 1160 3795 R
1262 3742 1287 3810 ⁸)
1307 3739 1349 3796 de.
1366 3737 1411 3794 11².

296 3828 321 3894 4)
338 3825 481 3895 ἐλευθερῶ
501 3825 532 3880 F.
652 3829 676 3894 ί)
695 3827 742 3882 Ιιῐ.
761 3827 812 3883 11².
831 3826 914 3888 αὐλισς
932 3827 964 3882 G.
982 3826 1012 3881 F.
1032 3832 1083 3881 oet.
1103 3826 1198 3886 δέλως.
1319 3826 1343 3890 ⁸)
1360 3823 1411 3876 212·-

297 3912 394 3966 λευσεν
412 3913 573 3981 ἐλευθερίαν
592 3913 637 3966 ἐπί
654 3932 677 3966 κ.
696 3931 719 3967 τ.
738 3914 761 3966 λ.
781 3911 842 3970 edd.
858 3919 914 3968 ant.
932 3913 964 3968 F.
1067 3913 1090 3978 ί)
1110 3910 1152 3966 do.
1171 3909 1220 3966 [οἳ.
1323 3910 1347 3978 ⁸)
1365 3908 1410 3962 L1.

297 3996 346 4051 L¹.
364 3997 515 4063 κσμβίντσυ
533 4005 596 4054 cett.
613 3995 697 4068 ἤγουν
716 4003 765 4068 τῆς
783 3999 968 4060 συνελεύσεως
986 3997 1047 4054 εδδ.
1060 3997 1109 4051 Μ.

364 4081 833 4152 a)0f.Gni.1,20.Ulp.1‚1sa.
930 4131 934 4140 .
