2884 4728
531 358 573 368 —
622 324 773 388 390—

48 513 86 564 13.
95 504 225 582 propter
263 500 428 583 potestatis
466 481 620 565 rationem
657 521 721 565 non
759 500 799 564 sit
837 498 1000 564 obnoxius.
1050 501 1097 564 13.
1120 497 1209 562 Haec

93 622 228 706 primum
251 624 309 688 tibi
324 632 493 708 perspecta
507 626 637 691 habeas.
672 626 726 706 qni
740 625 831 689 nobis
855 644 894 688 ex
916 624 1023 704 aliquo
1048 628 1209 688 contractu

92 755 164 813 sunt
198 749 332 832 obligati
365 750 398 814 in
431 751 485 832 iis,
522 751 563 814 ad
591 770 672 831 qnae
701 755 859 828 tenentur,
895 753 1058 832 praestare
1085 748 1209 828 debent,

91 873 186 938 modo
212 875 317 938 dolum
339 880 469 956 tantum,
494 875 586 940 modo
612 875 707 940 etiam
731 875 935 958 diligentiam.
973 894 1046 937 nam
1069 881 1209 937 autnon

92 1005 218 1081 oportet
241 1019 295 1064 eos
319 999 425 1065 dolum
442 1000 474 1064 in
497 1000 536 1064 iis
552 1001 646 1065 rebus
663 1000 838 1080 admittere,
863 1005 996 1063 autnon
1013 1003 1135 1082 oportet
1154 1018 1209 1062 eos
1246 1003 1262 1056 5

91 1124 122 1188 iu
147 1143 258 1188 earnm
283 1125 427 1188 custodia
449 1123 517 1188 fieri
544 1125 759 1207 neglegentes,
804 1133 852 1188 set
880 1124 908 1188 si
934 1123 1011 1188 nihil
1038 1123 1207 1203 lucrantur,

92 1267 131 1312 ex
155 1247 231 1312 dolo
254 1255 376 1313 tantum
399 1255 553 1330 tenentur,
578 1250 606 1313 si
624 1269 700 1314 nero
717 1249 792 1331 quid
807 1249 886 1312 lucri
901 1248 940 1312 iis
957 1248 1088 1328 accedit,
1113 1248 1208 1312 etiam

95 1391 133 1436 ex
156 1372 364 1454 neglegentia
385 1373 573 1455 obligantur.
608 1373 727 1438 lucrum
751 1379 856 1439 autem
878 1392 942 1437 non
964 1377 1084 1436 tantum
1108 1372 1140 1435 in
1155 1391 1208 1455 pe-

95 1497 189 1560 cunia
207 1496 393 1581 accipienda
409 1497 560 1579 consistit,
584 1503 632 1562 set
647 1499 727 1563 etin
743 1496 899 1581 explendo
923 1497 1074 1578 cuiusque
1096 1516 1208 1580 propo·

92 1621 159 1685 sito.
205 1642 274 1685 cnm
297 1622 377 1686 haec
400 1622 456 1686 tibi
472 1631 639 1707 perspecta
655 1623 725 1703 sint,
750 1622 823 1686 uide
840 1642 921 1703 quae
937 1621 1010 1686 inde
1027 1627 1207 1701 sequantur.
1227 1626 1261 1677 10

93 1746 272 1825 quaesitum
296 1751 344 1810 est
372 1747 509 1828 cuinam,
539 1748 621 1811 furto
650 1747 802 1828 admisso,
830 1746 905 1810 furti
931 1746 1013 1810 actio
1042 1749 1207 1829 competat.

93 1879 123 1934 et
146 1871 229 1935 torte
254 1871 323 1952 quis
347 1871 462 1936 dixerit
484 1871 609 1936 domino
633 1892 703 1936 eam
727 1879 913 1955 competere.
943 1877 991 1935 set
1006 1890 1070 1934 non
1085 1875 1133 1934 est
1147 1871 1207 1934 hoo

94 2013 221 2076 nernm;
245 1995 380 2060 uidimus
404 1995 486 2060 enim
503 1995 661 2061 dominum
683 1996 785 2080 ipsum
808 1995 962 2061 interdum
986 1994 1060 2060 furti
1083 1994 1206 2059 actione

92 2120 210 2202 teneri,
257 2140 325 2185 oum
368 2121 488 2185 scilicet
526 2142 546 2184 a
585 2121 740 2187 creditore
779 2141 836 2186 sno
873 2121 987 2204 pignus
1026 2121 1204 2200 abstrahat3

94 2265 193 2324 quare
218 2244 382 2309 dicendum
407 2253 455 2310 est
477 2246 524 2310 illi
551 2246 706 2311 actionem
730 2246 812 2328 dari,
841 2246 928 2310 cuius
956 2246 1092 2309 interest.
1138 2244 1259 2308 eins15

91 2389 165 2434 uero
189 2369 334 2448 interest,
363 2371 414 2434 cui
436 2370 549 2434 furtum
574 2372 743 2436 admissum
768 2370 995 2435 incommodum
1019 2368 1134 2434 adfert:
1158 2369 1204 2432 in-

92 2494 254 2558 commodo
278 2503 382 2559 autem
405 2495 547 2560 adficitur
570 2497 632 2577 qui,
656 2517 690 2560 re
714 2496 813 2579 salua,
837 2496 904 2560 eins
921 2494 1082 2560 commodo
1098 2494 1205 2574 utitur,

92 2617 166 2682 licet
190 2619 334 2682 dominns
357 2639 420 2683 non
443 2620 497 2685 sit.
526 2627 557 2684 et
584 2621 654 2686 ideo
682 2640 745 2685 non
772 2621 864 2684 aliter
893 2619 1017 2683 domino
1046 2618 1204 2702 competit,

49 2758 84 2810 14.
96 2761 189 2822 quam
214 2743 242 2808 si
265 2745 332 2808 eius
354 2745 487 2809 intersit.
535 2749 584 2811 14.
607 2744 690 2820 Quid
714 2765 789 2810 nero
813 2747 871 2810 hoc
895 2745 936 2809 sit
959 2745 1074 2808 clarius
1102 2744 1206 2808 dicen-

94 2867 165 2930 dum
191 2876 246 2932 est.
288 2877 427 2933 mutuum
450 2890 470 2933 a
493 2869 576 2934 Titio
600 2870 718 2954 accepi,
740 2889 868 2951 remque
883 2890 986 2934 meam
1010 2870 1041 2934 ei
1056 2867 1205 2952 obligaui
1225 2869 1260 2921 20

91 2989 172 3055 hanc
198 3012 219 3055 a
234 2993 318 3057 Titio
343 2993 413 3074 quis
437 2994 605 3078 subripuit:
630 2994 754 3059 cuinam
770 3001 926 3092 competet
948 2993 1022 3059 furti
1045 2995 1148 3059 actio?
1175 2998 1206 3057 et

95 3114 227 3180 dicimus
244 3117 392 3182 creditori
408 3125 595 3202 competere.
620 3138 683 3199 qua
699 3139 738 3184 ex
752 3119 871 3214 causa?
888 3119 962 3212 quia
977 3119 1045 3184 eius
1060 3119 1203 3199 iuterest3

94 3240 288 3305 commodum
312 3242 394 3306 enim
417 3243 521 3324 sentit,
543 3263 579 3308 re
603 3245 693 3308 salua
715 3249 871 3325 manente,
896 3264 965 3308 oum
981 3244 1026 3310 ita
1042 3243 1081 3308 de
1098 3243 1203 3307 debito

96 3381 222 3430 securus
250 3366 298 3430 sit.
344 3367 450 3447 itaque
475 3375 506 3432 et
534 3368 639 3432 dolum
666 3374 809 3452 praestat
832 3374 863 3433 et
890 3367 1099 3450 diligentiam,
1130 3368 1204 3447 quia

95 3488 205 3553 crediti
228 3491 438 3573 securitatem,
463 3491 508 3556 nti
531 3493 646 3557 dictum
670 3499 726 3574 est,
751 3513 808 3576 per
829 3491 970 3575 pigneris
993 3491 1203 3556 detentionem
1223 3498 1257 3551 25
