2876 4712
539 385 769 448 -311—

93 570 232 649 tendere,
255 571 449 654 permittitur
469 570 677 636 creditoribus
700 570 941 652 competentium
963 569 1207 651 magistratuum

93 691 183 756 iussu
204 691 301 769 bona,
325 710 498 773 quaecum
521 690 686 756 usufructu
709 690 791 766 eius,
812 689 865 770 qni
888 689 1058 770 adrogatus
1081 693 1139 768 est,
1162 687 1209 752 f-

92 816 167 875 tura
188 809 330 888 fuissent,
353 810 412 876 nisi
434 829 468 876 se
491 810 706 892 adrogandum
730 808 876 886 dedisset,
901 809 933 872 in
955 826 1045 872 auam
1068 807 1209 888 redigere

93 930 323 1011 possessionem
345 935 378 994 et
398 930 537 1012 legitimo
560 929 652 994 modo
675 948 714 994 ea
735 928 909 1011 disponere.

133 1543 184 1607 De
205 1561 243 1608 eo
267 1543 318 1607 cui
338 1541 494 1608 libertatis
517 1561 612 1608 eausa
633 1542 716 1606 bona
738 1541 935 1607 addicuntur.
970 1541 1093 1607 Titulus
1119 1546 1166 1607 ll.

178 1695 320 1760 Accessit
340 1697 510 1762 nouissime
539 1701 688 1778 quartum
718 1715 816 1778 genus
839 1697 1044 1762 successionis
1066 1716 1124 1779 per
1146 1697 1246 1760 uni-o

95 1815 289 1892 densitatem,
311 1815 473 1880 ueteribus
487 1815 614 1897 quidem
632 1816 783 1897 ignotum,
807 1817 1029 1882 constitutione
1048 1835 1124 1882 uero
1147 1816 1213 1881 diui

95 1935 193 2000 Marci
216 1935 439 2001 introductum.
484 1955 557 2000 nam
580 1937 606 2001 si
628 1935 669 2014 hi,
693 1937 746 2018 qni
769 1936 801 2000 in
823 1941 1011 2002 testamento
1035 1936 1213 2002 libertatem

95 2060 297 2137 acceperunt,
327 2057 450 2121 nomine
472 2056 622 2133 adeunte,
645 2061 756 2139 petant
778 2055 836 2122 sibi
860 2057 942 2122 bona
963 2057 1066 2122 addici
1086 2057 1214 2122 liberta-

95 2175 173 2240 tinm
188 2175 477 2241 conseruandarum
492 2195 596 2256 cansa,
619 2175 652 2240 id
667 2181 899 2258 consequentur
918 2176 1010 2242 sicuti
1032 2179 1104 2244 nult
1125 2199 1214 2262 prae·

96 2293 215 2360 dictum
237 2295 336 2360 Marci
363 2295 404 2360 ad
425 2296 592 2378 Popillium
614 2295 730 2362 Rufum
759 2296 945 2378 rescriptum
974 2297 1007 2361 in
1035 2296 1213 2364 huiusmodi
1235 2303 1265 2354 ¹0

62 2431 79 2481 1.
96 2415 207 2496 specie.
257 2418 283 2478 l.
307 2415 466 2498 Virginius
495 2416 566 2499 quis
588 2416 705 2481 Valens
727 2421 915 2481 testamento
945 2435 1002 2481 suo
1023 2416 1140 2482 Titium
1161 2417 1214 2483 be-

97 2534 203 2600 redem
226 2534 405 2616 scripserat,
429 2539 524 2616 atque
540 2535 604 2601 suis
626 2536 724 2600 servis
738 2535 916 2600 libertatem
938 2535 1119 2617 reliquerat
1143 2554 1214 2601 cum

98 2652 271 2718 creditores
292 2653 431 2718 haberet.
476 2653 612 2736 scriptus
635 2652 725 2720 heres
752 2653 959 2719 hereditatem
988 2655 1075 2720 adire
1097 2656 1214 2734 noluit;

97 2777 187 2836 erant
209 2772 306 2854 igitur
327 2771 498 2838 creditores
520 2773 552 2838 in
573 2773 727 2838 bonorum
741 2773 970 2855 possessionem
985 2776 1138 2848 mittendi,
1160 2775 1214 2857 qui

98 2913 135 2959 ea
156 2897 204 2961 uti
231 2897 350 2962 uellent
379 2896 587 2978 disponerent.
633 2896 761 2979 quidam
790 2915 866 2962 uero
888 2914 1014 2974 eorum,
1043 2897 1098 2978 qni
1119 2900 1266 2961 testa-15
1302 2917 1305 2922 ·

98 3019 203 3081 mento
225 3016 408 3084 manumissi
430 3014 570 3090 inerant,
593 3015 717 3081 nomine
738 3015 890 3097 Popillius
912 3013 1029 3093 auus,
1053 3015 1112 3080 sibi
1134 3014 1216 3079 bona

101 3133 201 3199 addici
223 3134 366 3212 nolebat,
397 3140 434 3200 ut
455 3141 488 3200 et
509 3135 670 3200 libertates
698 3139 962 3200 oonsemarentur
989 3153 1091 3216 neque
1118 3133 1215 3199 credi-

101 3259 185 3319 tores
208 3253 429 3320 detrimentum
449 3259 643 3336 paterentur.
677 3253 791 3319 Aditus
813 3257 918 3318 autem
940 3253 1113 3336 imperator
1132 3253 1215 3317 Mar-

102 3391 156 3438 cus
178 3374 223 3438 ita
245 3373 283 3438 de
304 3373 364 3438 boc
391 3372 564 3454 rescripsit:
596 3374 640 3438 »si
662 3373 821 3455 Virginius
844 3374 959 3439 Valens
985 3374 1017 3438 in
1041 3391 1097 3438 sno
1119 3376 1215 3436 testa·

107 3499 226 3558 »mento
249 3511 358 3560 seruos
380 3493 575 3570 manumisit,
606 3494 741 3576 scriptus
764 3499 870 3559 autem
893 3494 983 3559 heres
1006 3491 1093 3557 adire
1114 3490 1216 3554 noluit
1232 3499 1267 3550 20
