3092 4702
622 336 834 399 ..43-

163 540 273 588 uocare
298 542 362 589 nou
384 522 512 603 possim,
534 523 708 590 meritone
730 530 895 605 cognatam
922 523 1058 605 quidem.
1109 531 1142 589 et
1163 524 1235 590 ideo
1257 523 1285 588 si

163 643 229 724 quis
251 661 406 723 generum
428 661 519 709 suum
542 643 691 725 adoptare
714 644 808 719 uelit,
837 643 931 709 debet
952 650 1045 708 autea
1067 641 1162 708 filiam
1184 661 1285 708 eman-

161 763 273 843 cipare.
319 763 379 828 uisi
402 762 484 828 enim
505 762 540 827 id
562 763 671 841 iaciat,
693 763 863 844 adoptione
884 761 992 845 generi
1015 781 1155 828 nurusue
1177 781 1284 829 eorum

161 882 395 948 matrimonium
429 881 631 962 dissoluitur‚
663 889 773 964 utpote
807 885 862 965 qui
893 881 992 948 frater
1023 889 1056 947 et
1092 899 1181 947 soror
1216 899 1285 950 oeae

161 1003 330 1082 coeperint.
354 1003 436 1068 iuter
457 1003 609 1068 eiusmodi
631 1003 713 1068 enim
735 1021 899 1084 personas,
922 1001 998 1068 licet
1018 1002 1187 1086 adoptione
1209 1001 1282 1081 nint,
1320 1003 1337 1054 5

130 1123 147 1174 3-
163 1123 289 1203 nuptiae
323 1141 384 1188 non
418 1127 601 1188 consistunt
657 1122 687 1186 3.
726 1121 848 1188 Fratris
885 1124 1042 1190 sororiano
1071 1141 1159 1188 meae
1188 1121 1283 1188 filiam

161 1261 288 1309 morem
304 1243 418 1309 ducere
433 1236 508 1309 mihi
523 1244 611 1310 notas
627 1251 685 1322 est,
708 1250 757 1310 eet
779 1261 881 1327 neque
896 1261 1003 1309 eorum
1019 1251 1153 1326 neptem,
1176 1263 1284 1326 quam-

162 1363 204 1428 uis
228 1369 345 1445 quarto
367 1363 408 1428 sit
430 1364 541 1443 gradu,
564 1383 601 1430 ex
623 1382 685 1446 quo
707 1363 808 1445 gradu
829 1380 956 1428 uxorem
979 1361 1094 1429 ducere
1116 1363 1207 1442 licet,
1230 1383 1284 1430 ue·

161 1481 215 1547 luti
238 1483 346 1564 patrui
368 1484 523 1550 amitaeue
544 1482 651 1549 filiam.
696 1484 806 1564 regula
829 1483 911 1549 euim
933 1483 1120 1549 uniuersalis
1144 1483 1186 1549 ait
1207 1483 1282 1550 tibi:

163 1603 247 1669 cuius
270 1601 369 1668 filiam
391 1621 519 1670 uxorem
543 1605 658 1670 ducere
680 1604 756 1669 mihi
778 1623 840 1670 non
863 1605 972 1682 liceat,
1000 1604 1067 1669 eius
1091 1623 1130 1670 ne
1156 1607 1334 1686 ueptom1⁰

164 1724 284 1804 quidem
307 1725 410 1790 licere.
454 1723 489 1788 Si
512 1741 587 1790 uero
610 1732 700 1808 pater
723 1743 810 1790 meus
838 1725 992 1791 naturalia
1015 1723 1282 1790 adulescentulam

164 1841 295 1925 aliquam
329 1842 538 1926 adoptandam
577 1844 728 1925 suscipiat
759 1851 856 1926 atque
889 1863 927 1909 ex
962 1863 1000 1909 ea
1027 1842 1091 1909 filia
1124 1849 1281 1921 nascatur,

165 1961 237 2029 haue
277 1981 405 2029 uxorem
445 1963 561 2029 ducere
587 1982 730 2045 possum3
767 1970 901 2046 cognata
928 1971 978 2029 est
1004 1963 1085 2028 euim
1113 1963 1202 2042 mihi,
1232 1971 1282 2028 ut·

166 2089 232 2164 pote
253 2103 336 2167 qnae
364 2103 421 2166 per
452 2083 593 2150 feminini
625 2102 719 2152 sexus
751 2103 916 2167 personam
949 2085 1024 2149 mihi
1057 2085 1280 2166 coniungatur:

167 2201 293 2267 diximus
315 2209 420 2269 autem
443 2205 659 2284 cognationem
688 2204 719 2268 iu
749 2203 917 2286 adoptione
944 2217 1001 2287 pro
1030 2203 1129 2270 nihilo
1159 2204 1279 2272 haberi.
1300 2219 1332 2271 lo

131 2327 151 2377 4.
167 2319 194 2382 4.
225 2321 363 2389 Duorum
385 2322 518 2389 fratrum
542 2324 592 2389 uel
615 2299 757 2389 soromm
781 2323 872 2390 liberi
901 2333 957 2389 aut
978 2322 1088 2389 fratris
1110 2333 1143 2390 et
1164 2325 1280 2392 sororis
