2870 4716
501 358 727 435 —3'211-

67 557 230 637 gratuitum
253 574 321 623 esse
344 555 452 634 debet3
474 561 600 638 oportet
619 557 764 622 nimirum
786 561 831 634 ut,
855 556 941 622 nulla
963 563 1091 639 accepta
1113 576 1168 623 seu

67 675 229 750 constituta
250 675 400 754 mercede,
424 694 488 740 rem
511 675 568 740 tibi
590 673 738 740 utendam
754 675 894 756 tradam3
921 677 1067 758 alioquin,
1090 695 1170 743 mer-

66 794 131 859 cede
150 795 387 873 interueniente,
410 796 531 861 locatus
553 795 611 860 tibi
631 813 707 861 usus
729 794 800 861 libri
822 813 891 861 esse
912 795 1047 875 uidetur,
1070 815 1171 878 neque

65 912 119 978 iam
139 912 371 979 commodatum
393 914 545 980 eiusmodi
561 919 739 981 contractus
762 915 940 981 uocabitur:
963 917 1057 982 debet
1078 916 1169 996 euim,

34 1033 108 1097 auu
128 1032 246 1098 dictum
269 1038 332 1112 eat,
363 1035 537 1116 gratrritum
566 1052 634 1099 esse
656 1034 894 1100 commodatum.
940 1037 968 1100 3.
992 1035 1098 1100 Etiam
1120 1035 1204 1101 deo

65 1153 191 1235 positum
220 1153 305 1219 inter
330 1172 364 1219 re
391 1153 595 1236 obligationes
623 1158 811 1220 recensetur.
861 1155 888 1219 si
917 1155 998 1220 enim
1027 1154 1111 1238 apud
1139 1163 1172 1222 te

66 1291 122 1338 rem
143 1293 246 1338 meam
269 1274 438 1355 deponam,
468 1273 623 1338 teneberis
652 1293 686 1338 re
713 1273 901 1356 obligatione
928 1279 1023 1356 atque
1048 1276 1169 1352 actione

67 1393 203 1474 depositi,
235 1412 330 1474 quam
352 1399 462 1460 contra
489 1399 520 1458 te
548 1392 669 1460 babebo
691 1393 785 1458 adid
811 1394 1063 1475 consequendum
1085 1395 1169 1476 quod

67 1513 263 1594 deposuerim.
308 1531 344 1577 ex
371 1511 443 1577 dolo
470 1517 575 1577 autern
603 1512 820 1578 tantummodo
848 1513 930 1578 circa
955 1531 1021 1577 rem
1050 1513 1171 1594 deposi-

68 1639 122 1696 tam
144 1632 283 1698 admisso
305 1632 379 1697 mihi
401 1631 570 1697 teneberis:
598 1651 669 1697 narn
699 1633 725 1696 si
748 1631 868 1696 desidia
892 1631 973 1695 torte
995 1631 1047 1697 uel
1068 1632 1221 1714 nogia-10

67 1751 162 1832 gentio
189 1771 241 1818 res
269 1751 412 1834 deposita
440 1752 527 1834 peior
554 1750 638 1816 faeta
664 1751 721 1830 sit,
749 1769 877 1816 securus
907 1751 985 1816 eris:
1014 1751 1114 1816 ueluti
1143 1751 1169 1818 si

67 1891 110 1937 res
136 1891 155 1936 a
179 1877 212 1938 te
239 1872 441 1954 neglegenter
468 1871 625 1937 custodita
653 1871 834 1954 aquodam
862 1869 1060 1952 subripiatur,
1117 1871 1170 1952 qui

68 1993 140 2056 enim
160 1992 336 2074 neglegenti
359 1993 457 2057 amieo
485 2011 551 2057 rem
573 1990 808 2057 custodiendam
830 1987 942 2076 tradit,
969 2007 1045 2054 suae
1067 1989 1167 2054 stulti·

36 2113 123 2176 stiae
142 2111 174 2176 id
200 2112 358 2193 imputare
385 2110 485 2176 debet
531 2113 559 2174 4.
584 2109 663 2175 Oum
685 2129 742 2192 ego
764 2129 784 2175 a
804 2115 836 2176 te
858 2109 882 2175 Ο
909 2128 1020 2175 aureos
1043 2113 1170 2175 mutuos

69 2232 244 2312 acceperim,
271 2229 343 2295 dedi
364 2229 422 2294 tibi
444 2248 570 2294 sernum
593 2248 695 2294 meum
717 2229 853 2310 pigneris
875 2229 959 2294 loco:
987 2247 1022 2294 re
1043 2228 1170 2310 quidem
1189 2246 1220 2296 ro

69 2349 247 2430 obligatione
269 2349 440 2427 teneberis,
468 2349 589 2414 actione
618 2354 723 2413 autern
751 2348 968 2430 pigneratioia,
997 2367 1169 2430 perquam

69 2474 131 2550 post
152 2469 248 2535 debiti
271 2469 457 2535 solutionem
480 2469 592 2551 pignus
608 2469 683 2534 rnihi
706 2469 825 2551 cogeris
848 2469 1022 2535 restituere.
1057 2469 1170 2552 pignus

70 2594 162 2652 autern
184 2587 350 2670 utriusque
378 2588 480 2670 gratia
507 2587 719 2654 introductum
742 2593 805 2666 est;
834 2593 962 2682 tamque
988 2589 1064 2654 mibi
1086 2589 1170 2654 debi-

69 2709 135 2782 tori,
166 2726 263 2789 quam
291 2707 348 2773 tibi
377 2707 523 2772 creditori
555 2707 690 2788 prodest.
742 2707 815 2772 mihi
846 2707 970 2790 quidem
998 2709 1073 2790 quia
1104 2708 1170 2790 pig·

69 2845 133 2891 nere
153 2831 296 2908 accepto,
325 2825 448 2892 facilius
474 2825 549 2891 mihi
572 2825 596 2890 C
623 2827 692 2892 illos
715 2845 826 2892 aureos
852 2826 974 2906 credes,
1002 2826 1059 2893 tibi
1082 2845 1167 2904 uero,
1187 2841 1221 2894 20

70 2946 204 3025 quoniam
226 2964 283 3027 per
303 2946 440 3027 pigneris
456 2944 665 3011 detentionem
684 2945 715 3010 in
731 2949 801 3009 tuto
823 2952 872 3011 est
893 2945 1047 3011 creditum
1069 2950 1168 3010 tuum.

70 3069 96 3128 et
114 3065 180 3130 ideo
201 3065 294 3147 qnasi
315 3064 438 3130 lucrum
465 3063 596 3141 babeas,
627 3083 697 3129 cum
719 3064 761 3129 sit
782 3064 813 3128 in
836 3069 906 3129 tuto
928 3083 1056 3143 nornen,
1085 3083 1170 3146 mag·

69 3202 131 3248 narn
152 3183 344 3266 diligentiam
365 3185 398 3249 in
420 3203 458 3249 aa
478 3203 512 3250 re
527 3183 732 3250 custodienda
751 3183 898 3272 adhibere
913 3184 1021 3251 debes:
1045 3185 1071 3251 si
1094 3203 1169 3249 uero

70 3301 186 3371 fortuito
209 3321 286 3369 casu
306 3305 419 3386 pignus
441 3309 559 3386 pereat,
582 3323 644 3370 non
666 3304 824 3370 tenebitur
848 3303 993 3383 creditor,
1017 3310 1051 3369 et
1071 3301 1168 3368 eredi-

71 3427 128 3489 tum
148 3423 347 3490 nibilominus
368 3429 476 3506 petere
496 3424 620 3508 poterit
1187 3432 1220 3486 ao
