2876 4712
536 359 763 424 ..307-

31 551 33 566 '
95 563 164 624 que
188 549 227 609 et
248 550 436 628 parentes
459 565 631 624 eorum«,
654 537 822 628 utramque
837 565 951 611 uanam
974 549 1112 614 ostendit
1134 549 1209 614 diua

95 683 147 729 suc
168 665 408 743 constitutione,
432 684 527 748 quam
549 664 588 730 de
609 665 678 730 inre
699 671 886 748 patronatus
909 667 1092 751 composuit
1138 687 1208 734 curn
1261 673 1266 682 '

94 783 171 848 eninr
196 783 236 848 ad
258 783 494 850 similitudinem
522 785 726 852 successionis
753 786 960 867 ingenuorum
990 787 1208 852 libertinorum

94 902 265 984 redegisset
286 905 511 982 successiones,
538 924 638 987 usque
661 905 701 970 ad
723 906 868 986 quintum
890 905 1023 986 gadum
1046 925 1099 972 cas
1122 926 1209 972 coar·

93 1027 173 1100 tans,
205 1029 242 1089 ut
262 1028 345 1090 esset
368 1024 473 1106 abque
494 1024 576 1089 inter
605 1025 757 1106 ingenuos
780 1029 813 1090 et
839 1024 1001 1092 libertinos
1024 1025 1207 1106 differentia,
1226 1039 1242 1088 s

92 1143 183 1208 iussit
204 1161 258 1209 cos
279 1143 433 1208 bonorum
466 1143 714 1225 possessionibus
751 1150 913 1210 »contra
950 1117 1141 1211 tabulas«
1177 1151 1210 1211 et

95 1265 218 1330 »unde
240 1265 436 1346 legitimi«
462 1269 495 1331 et
519 1264 644 1329 »unde
666 1264 847 1346 cognati«
877 1283 946 1330 esse
975 1269 1147 1343 contentos,
1171 1285 1208 1330 ex

91 1384 202 1466 quibus
224 1389 358 1466 possunt
379 1385 504 1466 patroni
527 1384 652 1465 cognati
674 1385 768 1449 etiam
790 1384 1018 1449 successionem
1040 1383 1145 1449 liberti
1168 1384 1208 1450 ab

91 1503 238 1569 intestato
265 1503 324 1568 sibi
353 1503 528 1581 uindicare,
558 1503 642 1568 omni
671 1504 915 1585 scrupulositate
944 1507 976 1568 et
1002 1503 1208 1569 inextricabili

55 1627 195 1690 terrore
223 1623 402 1689 huiusmodi
423 1618 643 1705 ¹possessiones
673 1624 804 1689 soluens.
852 1625 881 1687 6.
904 1623 1026 1688 Nonam
1056 1642 1132 1689 uero
1154 1622 1208 1688 bo-
1229 1635 1260 1686 lo

89 1761 198 1808 nomm
229 1742 473 1826 possessionem,
501 1761 583 1825 quae
609 1743 708 1808 unde
735 1743 798 1808 uir
826 1746 866 1808 et
894 1761 992 1808 uxor
1020 1743 1206 1825 appellatur,

89 1867 174 1928 sexto
189 1863 258 1928 loco
280 1862 386 1944 posuit
408 1867 441 1927 et
456 1861 607 1928 decimam
630 1861 714 1926 idest
738 1862 865 1927 »unde
887 1862 1051 1944 cognati
1072 1881 1208 1928 manu·

89 1981 296 2048 missoris«
327 1985 458 2064 propter
478 1999 590 2047 causas
618 1985 782 2048 anmatos
808 1999 1037 2064 superuacuam
1059 1981 1208 2080 ostendit,

89 2120 166 2184 quas
187 2101 220 2166 in
242 2101 467 2167 constitutione
488 2101 527 2166 de
548 2103 617 2167 iure
638 2107 826 2184 patronatus
849 2103 1007 2184 exposuit,
1030 2101 1076 2166 ita
1096 2107 1134 2167 ut
1156 2101 1208 2168 do·

90 2239 173 2285 muru
196 2221 241 2292 V]
256 2220 474 2317 tantummodo
491 2226 597 2288 essent
611 2221 765 2287 bonomm
784 2222 997 2304 possessiones
1020 2221 1206 2299 ordinariae,
1227 2233 1258 2284 ro

92 2341 170 2408 duce
184 2341 320 2423 quidem,
344 2340 461 2407 tabulis
482 2341 670 2421 extantibus,
694 2341 812 2408 scilicet
832 2346 967 2408 contra
988 2341 1153 2407 tabulas
1176 2347 1208 2407 et

91 2461 301 2528 secundum
324 2461 501 2542 tabulas,
528 2466 681 2544 quattuor
703 2479 795 2538 uero,
822 2459 938 2528 tabulis
960 2460 1054 2526 nullis
1076 2461 1208 2528 extanti-

91 2579 1207 2662 busseilicet:»undeliberi‹,›undeicgitimi‹,»undecog·

53 2701 75 2752 ⁷·
91 2701 210 2779 nati«,
235 2700 363 2766 »unde
384 2702 446 2766 uir
468 2707 505 2768 et
526 2719 657 2767 uxor«.
690 2705 718 2765 7.
743 2700 883 2784 Septima
904 2718 1029 2782 quoque
1050 2700 1089 2766 iis
1111 2700 1207 2766 adda·

92 2823 145 2885 tur
164 2820 315 2886 bonorum
338 2821 503 2902 possessio,
526 2839 621 2903 quam
643 2821 763 2903 optima
784 2820 906 2885 ratione
927 2823 1089 2901 praetores
1110 2818 1207 2884 intro
1224 2829 1259 2880 ao

93 2937 244 3005 duxerunt
273 2939 445 3006 nouissimo
478 2939 572 3006 edicti
603 2939 653 3004 sui
682 2939 750 3004 ioco
783 2937 844 3004 illis
873 2938 1108 3020 promittentes,
1139 2939 1207 3021 qni-

93 3057 150 3124 bns
171 3079 237 3124 eam
260 3059 329 3125 deri
353 3061 404 3126 uel
430 3061 479 3126 lex
508 3060 560 3125 uel
583 3059 717 3125 Senatus
746 3060 924 3124 consultum
945 3059 997 3124 uel
1023 3059 1206 3124 constitutio

94 3177 236 3245 iussisset
283 3179 363 3246 hanc
385 3198 461 3246 uero
482 3199 585 3262 neque
606 3179 654 3258 iis,
678 3197 760 3262 qnae
782 3175 1032 3260 tabulisfneque
1054 3177 1103 3258 iis,
1125 3197 1207 3260 quae

94 3298 180 3364 nuliis
213 3300 393 3366 extantibus
424 3304 606 3382 competunt
634 3317 859 3364 connumerare
891 3297 996 3364 stabili
1025 3297 1094 3363 iure
1123 3298 1206 3376 licet,

96 3423 140 3482 set
159 3423 308 3503 tanquam
331 3421 476 3486 ultimum
497 3425 531 3486 et
551 3420 835 3486 extraordinarium
856 3419 1014 3496 auxilium,
1037 3422 1133 3500 prout
1155 3435 1205 3482 res
1224 3426 1257 3477 oo

96 3539 200 3621 exigit,
229 3541 311 3606 banc
334 3521 566 3606 constituerunt
588 3539 805 3622 dederuntque
825 3538 918 3604 modo
946 3557 983 3604 ex
1005 3540 1205 3614 testamento,

97 3657 180 3722 modo
196 3660 409 3726 abintestato.
433 3677 545 3725 nornen
568 3676 644 3724 uem
659 3658 726 3724 eius
742 3664 804 3724 est:
832 3658 1005 3740 »quibus
1027 3662 1070 3722 ut
1092 3655 1206 3721 detur
1334 3681 1336 3686 ·

98 3775 171 3858 lege
202 3779 261 3844 uel
289 3785 452 3845 senatus
482 3778 665 3844 consulto
696 3776 758 3843 uei
786 3776 1080 3846 constitutione
1108 3793 1206 3842 corn-
