2926 4708
547 387 781 451 2-181-

105 572 187 636 bitnr
208 573 239 636 ei
261 573 313 637 uei
335 573 374 636 iis
404 574 456 654 qui
486 573 553 637 sine
580 580 671 654 parte
699 584 776 639 sunt
805 575 931 656 scripti,
959 577 1051 658 quasi
1080 577 1224 641 uideatur

104 696 236 756 testator
267 692 300 756 in
335 691 446 772 uiginti
479 697 630 772 quattuor
667 694 776 759 uncias
815 713 916 760 assem
960 695 1113 762 diuisisse.
1168 695 1223 760 ita·

103 829 159 891 qne
182 811 236 890 qui
259 809 328 875 sine
349 817 440 893 parte
461 808 552 875 beree
579 811 745 877 institutus
774 823 824 878 est
852 813 903 878 uel
930 813 1014 896 quod
1045 813 1108 880 assi
1138 815 1226 880 deest

104 929 149 995 uel
172 929 335 996 semissem
357 929 479 1013 accipit
524 949 626 1013 neque
654 932 787 998 interest
816 932 936 1013 primus
965 952 1005 999 an
1036 932 1226 998 nouissimus

104 1067 140 1113 au
160 1048 286 1114 medius
308 1049 375 1116 sine
397 1058 487 1132 parte
508 1051 645 1133 scriptus
667 1051 724 1116 eit:
748 1051 924 1119 omnimodo
947 1051 1029 1118 enim
1050 1051 1131 1118 idem
1148 1051 1226 1134 opti·
1261 1055 1278 1103 5

69 1175 89 1224 ⁷.
105 1169 198 1234 nebit.
243 1170 272 1230 7.
306 1168 418 1235 Plures
440 1169 564 1234 institui
593 1169 724 1235 heredes
755 1189 792 1234 ex
821 1177 907 1236 certa
935 1179 1041 1253 parte;
1072 1187 1133 1236 uon
1156 1187 1226 1236 con·

105 1288 219 1370 sumpsi
243 1289 275 1352 in
299 1307 353 1354 ecs
375 1306 487 1364 assem,
510 1297 655 1368 estpars
678 1287 908 1371 aliquantam.
938 1307 1011 1369 pars
1026 1287 1126 1371 igitur
1146 1305 1227 1369 quae

106 1415 194 1474 natet
215 1408 256 1474 ad
280 1408 372 1489 quern
393 1404 570 1489 spectabit?
592 1415 624 1472 et
647 1408 777 1474 dicimus
800 1415 920 1491 partem
943 1415 1109 1474 uacantem
1132 1407 1227 1474 tacite

106 1525 229 1607 scriptis
252 1523 421 1591 heredibus
444 1527 642 1593 adcrescere:
675 1527 773 1592 ueluti
803 1526 830 1591 si
857 1533 924 1591 tres
951 1527 1074 1592 institui
1097 1527 1227 1593 heredes
1261 1513 1263 1518 ’

107 1663 142 1710 ex
162 1643 286 1726 quartis
306 1645 459 1727 partibus,
482 1645 527 1710 ita
549 1653 586 1710 ut
607 1646 767 1725 quadrans
789 1643 929 1726 reliquus
951 1645 1001 1710 sit
1055 1645 1104 1708 bie
1134 1645 1228 1710 tacite
1249 1663 1280 1713 rc

107 1761 235 1844 singulis
256 1763 385 1845 seriptis
406 1762 575 1830 heredibus
598 1782 654 1846 pro
677 1775 767 1844 parte
794 1765 987 1830 hereditarie
1013 1764 1175 1830 adcrescet
1196 1773 1229 1828 et

108 1881 232 1962 perinde
253 1900 366 1964 reapse
388 1901 425 1948 ex
453 1883 569 1949 triente
590 1883 726 1949 instituti
752 1883 964 1960 incendentur,
995 1901 1032 1949 ac
1058 1881 1087 1949 si
1113 1882 1227 1963 singuli

109 2003 304 2066 istriensem
328 2009 432 2066 essent
453 2003 571 2083 scripti.
596 2010 629 2066 st
652 2020 689 2068 ex
712 2001 838 2068 diuerso
861 2003 887 2067 si
910 2002 1015 2084 piures
1037 2001 1227 2066 instituerim

110 2119 236 2184 heredes
258 2138 295 2184 er
324 2129 410 2185 certa
435 2129 525 2202 parte
555 2129 649 2200 atque
679 2122 710 2185 in
733 2121 844 2186 iisdem
866 2139 903 2185 ex
927 2129 1013 2188 certa
1036 2126 1125 2202 parte
1155 2121 1229 2184 scri·

112 2239 214 2304 bendis
237 2238 400 2306 duodecim
424 2239 531 2305 uncias
560 2239 761 2316 excesserim,
791 2241 887 2305 tacite
916 2239 1047 2322 singulis
1078 2236 1230 2304 decrescit
1251 2249 1280 2298 rs

113 2359 191 2440 quod
213 2357 363 2425 abundat
409 2367 445 2424 ut
467 2376 539 2424 eccs
560 2365 710 2439 quattuor
738 2358 850 2439 scripsi
877 2358 1009 2426 heredes
1038 2377 1077 2423 ex
1105 2363 1231 2440 quater·

112 2477 159 2543 nis
182 2477 292 2544 unciis:
315 2477 385 2542 iure
414 2477 545 2560 singulis
573 2475 715 2559 singulae
745 2477 858 2544 unciae
886 2475 1108 2555 detrahuntur,
1135 2483 1230 2562 atque

73 2615 89 2664 s
111 2595 147 2660 fit
166 2607 202 2662 ut
221 2597 428 2678 quadrantem
452 2595 569 2663 babere
590 2596 705 2679 singuli
727 2595 939 2663 inueniuntur.
983 2596 1014 2660 8.
1048 2594 1158 2661 Plures
1180 2595 1232 2658 he·

111 2715 200 2781 redes
220 2715 342 2780 institui
366 2733 403 2780 ex
425 2721 512 2782 certa
533 2721 632 2798 parte,
655 2723 752 2798 atque
774 2717 891 2782 excessi
918 2715 1083 2782 duodecim
1110 2713 1231 2796 uncias5

111 2833 214 2900 addidi
228 2835 323 2899 alium
338 2850 463 2917 qnoque
478 2834 546 2902 sine
560 2841 659 2915 parte.
682 2843 834 2915 quantum
845 2833 980 2918 accipiet
994 2834 1048 2916 qui
1063 2833 1131 2898 sine
1142 2839 1233 2915 parte
1249 2825 1284 2876 2⁰

111 2953 271 3020 institutus
298 2953 369 3020 est?
399 2963 435 3020 ut
463 2973 535 3020 eece
562 2953 608 3020 ita
634 2953 760 3037 scripsi:
798 2953 957 3020 Primus
991 2954 1106 3019 heres
1140 2948 1232 3017 mihi

110 3081 199 3140 esto
222 3092 262 3140 ex
283 3074 504 3156 quincunce
533 3079 571 3140 et
592 3071 797 3140 Secundus
825 3091 869 3140 ex
891 3072 1060 3141 semisse
1082 3080 1122 3137 et
1144 3071 1233 3138 Ter·

112 3194 187 3258 tius
210 3211 253 3258 ex
274 3194 406 3260 besse:
429 3202 515 3259 esto
538 3191 633 3258 mibi
655 3190 774 3259 beree
800 3199 841 3258 et
862 3189 1046 3270 Quartus.
1099 3188 1232 3255 dicimus

111 3311 263 3390 Quartum
285 3313 434 3395 quinque,
457 3329 539 3394 quae
560 3321 739 3394 supersunt,
762 3311 872 3377 uncias
893 3311 1044 3392 accipere,
1068 3306 1233 3374 nonamde-
