2864 4736
542 355 780 424 —434-

106 535 157 600 siti
181 537 319 600 actione:
344 557 416 600 nam
440 537 466 600 si
491 537 560 619 quis
584 556 696 600 aureos
724 537 754 599 X
777 536 860 619 apud
883 557 932 600 me
957 536 1094 619 deponat
1117 542 1148 600 et
1170 534 1216 600 ΙΙΙ

105 660 179 724 mihi
208 661 342 726 inuioem
370 661 485 725 debeat
510 661 645 744 depositi
672 681 791 726 meoum
819 668 893 744 aget
908 664 938 726 X
957 682 1069 727 aureos
1097 667 1215 744 petens

105 786 274 850 absurdum
291 786 373 850 enim
397 785 519 869 putauit
542 786 772 850 sacratissimus
788 787 957 870 imperator
977 792 1084 851 noster
1099 787 1216 869 opponi

104 911 391 993 compensationem
437 916 468 974 et
518 910 585 974 eius
636 917 800 993 praetextu
851 911 1062 994 depositarum
1113 931 1214 974 rerum

54 1035 299 1099 alamannam
323 1035 355 1098 in
379 1035 511 1098 solidum
534 1055 597 1098 non
613 1035 688 1098 fieri.
729 1039 778 1101 31.
796 1035 875 1098 Sunt
892 1035 1047 1116 quaedam
1064 1036 1214 1116 aetioneS,
1253 1049 1268 1100 5

102 1179 183 1240 quas
219 1159 450 1224 arbitrarias
485 1159 696 1242 appellamus,
732 1159 807 1240 quia
834 1177 873 1222 ex
908 1159 1073 1223 arbitrio
1104 1160 1215 1224 iudicis

101 1284 253 1366 pendent;
277 1285 309 1348 in
334 1285 446 1366 quibus
470 1284 530 1348 nisi
546 1305 618 1348 reus
643 1284 772 1348 arbitrio
797 1289 828 1347 et
842 1283 929 1348 iussu
945 1284 1056 1348 iudicis
1072 1287 1216 1349 restituat

100 1409 150 1472 nel
169 1410 317 1474 exhibeat
340 1409 389 1472 uel
414 1409 517 1474 soluat
540 1409 590 1472 uel
607 1429 710 1474 noxae
734 1409 787 1472 det
809 1429 932 1472 seruum
957 1411 1066 1492 autori,
1091 1409 1214 1472 omnino

100 1533 340 1616 oondemnatur3
365 1534 447 1614 quod
471 1535 498 1597 si
521 1533 553 1598 id
577 1540 653 1615 agat
668 1540 763 1614 atque
778 1534 923 1598 restituat
947 1540 1000 1598 ant
1023 1533 1108 1597 aliud
1132 1533 1215 1613 quod

100 1658 180 1722 libet
202 1659 430 1742 praediatorum
454 1659 565 1735 faeiat,
591 1658 882 1722 condemnationem
911 1658 1028 1740 elingit.
1077 1658 1109 1721 id
1133 1659 1214 1722 enim
1235 1670 1269 1720 ιο

100 1783 149 1846 his
175 1783 350 1847 actionibus
383 1782 564 1865 specialiter
590 1782 694 1846 inesse
726 1782 869 1846 ereditur.
919 1789 990 1847 sunt
1020 1789 1123 1846 autem
1151 1788 1214 1846 tam

99 1908 136 1970 in
160 1903 251 1988 rem,
276 1929 368 1988 qnam
392 1909 429 1972 in
452 1928 659 1991 personam.
694 1909 731 1972 in
755 1929 842 1972 rem:
867 1908 964 1972 ueluti
986 1907 1214 1990 publiciana.

99 2031 160 2095 hau
186 2051 260 2096 nero
285 2032 440 2114 experior,
465 2033 492 2095 si
516 2052 585 2095 eam
609 2051 683 2112 rem,
707 2053 800 2113 quam
826 2033 909 2095 bona
933 2031 991 2095 lide
1009 2038 1214 2114 usucapturus

98 2156 316 2239 possidebam,
351 2157 453 2220 medio
488 2165 630 2240 tempore
665 2158 820 2222 anrittam:
852 2165 899 2220 est
934 2156 1086 2220 eiusmodi
1121 2157 1214 2219 etiam

98 2281 297 2362 semiana,
321 2301 414 2361 quam
431 2301 563 2346 eneroeo
588 2282 619 2345 in
642 2283 737 2346 rebus
754 2280 866 2361 uoloni,
891 2281 944 2360 qui
960 2300 1016 2363 pro
1033 2281 1120 2344 fundi
1136 2302 1214 2344 mer·
1235 2291 1267 2344 15

99 2406 179 2470 oede
210 2425 261 2470 res
285 2427 304 2469 a
327 2427 361 2470 se
385 2407 417 2469 in
440 2427 510 2470 eum
533 2406 725 2470 introductas
754 2405 914 2486 obligauit.
972 2412 1020 2469 est
1048 2412 1079 2469 et
1106 2405 1213 2485 quasi

98 2531 281 2595 seruiana
293 2533 389 2614 (qnae
402 2533 496 2596 etiam
506 2532 784 2614 hypothecaria
799 2537 953 2612 uocatur),
970 2530 1052 2592 omni
1069 2530 1213 2594 creditori

99 2660 282 2738 competens
306 2655 347 2718 ad
362 2677 413 2720 res
430 2657 587 2738 obligatas
611 2657 853 2740 persequendae.
889 2675 961 2718 nam
982 2655 1009 2718 si
1029 2675 1090 2734 qua
1106 2655 1213 2718 horum

99 2779 261 2843 actionum
284 2789 469 2844 exerceatur
492 2789 523 2844 et
545 2801 617 2844 reus
641 2779 727 2844 iussn
751 2779 862 2842 iudicis
886 2799 951 2864 rem
974 2784 1047 2842 ante
1072 2779 1214 2843 sondem-

98 2903 261 2967 nationem
290 2906 446 2985 restituat,
476 2905 599 2969 absolui
628 2904 762 2968 debebit.
813 2905 853 2968 In
880 2923 1082 2987 personam
1109 2911 1212 2966 autem
1232 2915 1267 2966 20

98 3034 174 3092 sunt
190 3029 376 3094 arbitrariae
393 3029 533 3094 actiones
553 3029 592 3092 de
617 3049 654 3093 eo
679 3028 761 3110 qnod
778 3035 878 3092 metus
902 3048 998 3092 cauta
1015 3035 1045 3091 et
1069 3028 1107 3091 de
1131 3027 1212 3090 dolo.

96 3152 137 3216 de
162 3171 214 3234 eo,
243 3152 326 3232 qnod
353 3159 454 3217 metus
483 3173 580 3216 oausa
607 3153 811 3233 factumest,
842 3172 938 3234 agere
961 3159 1062 3216 teoum
1086 3170 1212 3234 possum

97 3296 166 3340 rem
191 3277 222 3339 ni
246 3277 321 3342 mihi
345 3279 483 3342 ablatam
508 3299 527 3341 a
550 3285 581 3342 te
597 3284 725 3361 petens3
749 3299 821 3341 nam
846 3277 873 3341 si
897 3278 992 3341 iudici
1009 3296 1123 3358 parens
1147 3295 1211 3338 rem

97 3399 176 3464 mihi
190 3401 350 3484 restituas,
375 3402 542 3484 quadrupli
565 3401 855 3466 oondemnationem
872 3401 996 3465 nitebis.
1027 3400 1091 3462 doli
1108 3406 1212 3462 auteur

99 3525 183 3589 aetio
201 3527 354 3592 eiusmodi
370 3534 431 3609 est3
457 3529 529 3592 uino
546 3549 595 3592 me
611 3529 692 3592 forte
709 3529 850 3592 obrutum
867 3535 921 3590 ant
940 3526 1031 3589 aliter
1047 3525 1211 3606 deceptum
1230 3535 1264 3586 ⁸25

98 3647 243 3734 illexisti,
277 3656 311 3714 ut
337 3671 403 3717 rem
431 3672 533 3716 meam
561 3652 618 3716 tibi
646 3651 810 3715 traderem.
856 3649 918 3713 mei
952 3649 1078 3713 tandem
1110 3649 1212 3712 faetus
