2926 4708
553 367 786 432 -213-

110 555 290 632 debebitur,
312 573 395 636 quae
416 563 522 621 autem
545 563 594 620 est
616 553 753 622 alienata
774 562 852 620 tuac
874 556 1016 629 demam,
1038 571 1110 618 cum
1131 571 1192 618 non
1215 571 1234 616 a

71 675 102 727 13·
112 691 175 738 mea
198 693 385 768 recessurus
406 675 545 742 amicitia
566 693 633 740 eam
657 673 852 740 alienarerit.
889 673 938 737 13.
962 671 997 738 0.
1019 672 1136 738 solidos
1158 668 1233 735 mibi

110 791 260 874 debebae3
283 794 388 872 legaui
412 793 468 858 tibi
491 793 588 860 debiti
615 793 848 871 liberationem,
872 792 968 874 [idest
990 791 1166 857 libertatem
1188 797 1233 854 at-

110 929 165 994 que
191 914 399 979 securitatem
432 919 541 980 contra
570 913 756 991 actionem]:
791 913 878 978 ualet
906 911 1059 990 legatum,
1084 928 1234 993 meusque

110 1030 195 1096 heres
221 1049 324 1111 neque
346 1051 366 1095 a
388 1038 420 1097 te
442 1050 544 1113 neque
566 1033 606 1096 ab
629 1031 743 1097 herede
766 1037 821 1096 tuo
844 1047 945 1110 neque
967 1049 986 1095 a
1008 1028 1147 1112 quolibet
1161 1029 1233 1102 alio.
1267 1039 1284 1091 o

110 1150 157 1229 qni
178 1147 308 1215 heredis
331 1148 399 1216 loco
421 1151 473 1228 eit,
496 1149 595 1216 ueluti
610 1149 895 1216 fideicommissario
910 1149 1026 1215 herede
1041 1149 1233 1214 honorumue

110 1285 297 1350 possessore,
327 1270 359 1334 id
381 1277 599 1353 persequetur.
654 1279 703 1336 set
736 1275 845 1336 contra
878 1268 1023 1335 heredem
1058 1287 1160 1333 meum
1194 1288 1232 1335 ex

109 1393 296 1454 memmento
319 1390 486 1456 conuenire
508 1391 643 1470 poteris,
666 1397 703 1455 ut
725 1409 795 1456 eum
819 1408 913 1471 cogas
941 1395 974 1454 te
996 1388 1233 1471 acceptilatione

109 1504 263 1584 liberare,
295 1526 352 1575 nec
379 1515 500 1574 tantum
523 1507 556 1573 in
583 1513 770 1590 perpetuum
798 1508 937 1573 debitum
966 1508 1125 1572 remittere
1147 1507 1232 1573 debi-
1265 1487 1267 1492 ¹

110 1625 167 1690 tori
188 1645 260 1692 meo
282 1646 425 1708 possum,
448 1633 497 1692 set
519 1627 612 1693 etiam
641 1626 682 1691 ad
710 1633 842 1709 tempus,
865 1625 923 1692 hoc
944 1626 1050 1691 modo:
1073 1625 1232 1692 damnas
1252 1640 1284 1692 ιο

111 1751 208 1822 esto,
233 1745 362 1823 heres,
386 1748 434 1812 ad
457 1743 491 1809 X
513 1763 636 1826 usque
664 1764 785 1810 annos
813 1765 832 1811 a
854 1746 1038 1811 debitore
1060 1763 1142 1810 meo
1165 1745 1232 1810 de·

71 1863 231 1934 libitum
254 1883 328 1931 non
349 1872 498 1947 petere.
546 1869 594 1932 14.
630 1867 711 1946 Quid
734 1867 813 1932 iuris
839 1873 944 1932 autem
968 1866 995 1930 si
1017 1873 1126 1931 contra
1147 1867 1230 1932 debi-

112 1989 158 2047 tor
190 1983 329 2048 moriens
361 1987 444 2064 quod
479 1985 614 2052 debebat
645 2005 700 2051 aes
741 1985 875 2052 alienum
911 1986 1058 2052 creditori
1091 1983 1231 2066 legauit?

113 2102 332 2181 quaeritarem
356 2102 493 2184 legatum
518 2105 630 2169 calcat.
675 2110 709 2170 et
729 2103 830 2186 magis
852 2112 901 2170 est
927 2103 1110 2179 redoleat,
1139 2103 1167 2167 ei
1187 2102 1231 2169 nil

114 2218 240 2300 amplius
263 2221 366 2300 legato
389 2221 530 2288 additum
554 2229 612 2287 est.
656 2241 728 2288 nam
751 2223 777 2286 si
800 2221 871 2307 quis
894 2219 918 2286 G
941 2241 1011 2289 cum
1039 2223 1181 2299 deberet,
1206 2223 1229 2286 C
1251 2232 1282 2282 ie

113 2335 239 2418 legauit,
270 2358 332 2406 non
360 2339 445 2406 ualet
473 2341 628 2424 legatum
660 2344 686 2406 ei
717 2361 792 2407 uero
815 2340 885 2420 CX,
913 2341 999 2406 ualet
1027 2350 1154 2422 propter
1177 2341 1229 2404 ad-

114 2453 282 2523 iectionem.
326 2479 396 2526 cum
419 2460 501 2526 enim
526 2458 550 2526 G
572 2466 695 2526 tantum
718 2462 749 2526 in
771 2462 874 2542 legato
897 2461 975 2540 sint,
997 2478 1060 2525 non
1083 2461 1168 2526 ualet
1189 2460 1230 2524 le·

114 2582 215 2658 patum
238 2579 314 2659 quia
336 2579 378 2643 nil
401 2578 480 2645 lucri
502 2581 534 2644 in
556 2599 592 2646 se
614 2581 717 2646 habet
742 2581 893 2646 eiusmodi
923 2588 1029 2646 autem
1057 2579 1162 2661 legata
1184 2580 1229 2643 in-

112 2691 198 2759 utilia
226 2702 308 2760 sunt
358 2698 406 2761 ein
443 2703 551 2762 autem
579 2699 636 2765 tibi
665 2700 697 2764 in
726 2700 806 2766 diem
840 2699 991 2766 debebam
1022 2699 1116 2782 (forte
1147 2701 1228 2762 enim

113 2811 275 2892 stipulatae
297 2831 368 2880 erae
384 2815 453 2880 dari
468 2815 526 2881 tibi
541 2815 566 2882 C
581 2815 699 2882 solidos
721 2825 793 2897 post
814 2835 912 2882 annos
929 2817 980 2900 V),
1003 2817 1055 2884 uel
1077 2819 1135 2883 sub
1158 2835 1229 2883 con·
1246 2832 1281 2884 ao

113 2928 243 3008 dicione,
271 2933 371 2999 ueluti
398 2936 425 2998 si
456 2936 570 3002 nauis
593 2957 637 3002 ex
659 2937 753 3002 Asia
782 2939 962 3016 uenerit,
994 2941 1096 3020 tegani
1123 2943 1227 3002 autem

111 3047 165 3114 ribi
185 3049 243 3116 hoc
265 3052 405 3118 debitum
427 3073 515 3134 pure,
539 3055 703 3138 quaeritur
724 3077 763 3122 an
788 3059 892 3123 ualeat
918 3058 1067 3138 legatum.
1111 3067 1142 3122 et
1165 3075 1228 3122 ma·

112 3165 157 3248 gie
179 3174 227 3234 eet
246 3176 283 3235 ut
304 3170 412 3238 ualeat
433 3177 561 3255 propter
584 3178 912 3256 repraesentationem,
934 3178 1041 3244 statim
1064 3179 1144 3244 enim
1161 3197 1227 3260 per·

113 3287 198 3367 sequi
219 3297 329 3370 potest
381 3292 525 3360 lucratur
552 3294 634 3361 enim
662 3297 800 3363 creditor
827 3316 897 3363 cum
926 3298 958 3362 id
986 3299 1092 3362 statim
1121 3314 1228 3363 conse·

113 3409 232 3486 quatur,
252 3412 334 3490 quod
358 3414 387 3478 ei
410 3419 482 3494 post
509 3413 693 3480 decennium
721 3423 832 3496 postue
848 3415 1051 3483 condicionis
1078 3425 1226 3484 euentum
1244 3433 1277 3486 ab
