2884 4728
545 363 786 426 —366-

111 535 217 619 possis.
259 542 290 600 et
314 556 383 600 oum
401 536 475 600 olim
490 557 585 600 unum
610 537 667 601 tibi
683 537 857 619 obligatum
876 537 1021 618 habereS,
1046 559 1127 602 nuno
1145 539 1223 604 dnos

109 660 221 724 habere
245 660 372 743 inoipis:
397 660 485 724 illum
509 661 636 743 quidem
652 681 691 726 ex
707 663 867 745 stipulatu,
892 683 942 727 me
959 668 1064 727 autem
1080 683 1121 728 err
1135 684 1223 728 man-

109 785 186 848 dato.
234 788 262 852 3.
286 784 400 850 Aliena
429 794 533 850 antem
561 793 680 850 tantum
709 806 807 850 oausa
834 787 1003 851 interuenit
1029 788 1221 868 mandatum,

109 929 172 972 enm
196 909 256 974 tibi
278 911 424 974 mandem
449 917 483 975 nt
505 911 581 975 Titii
603 911 733 993 negotia
750 931 846 993 geras
867 912 920 976 uei
942 919 976 976 nt
992 912 1076 976 Titio
1092 912 1222 976 fundum

78 1043 99 1094 4.
108 1053 190 1098 emas
215 1035 267 1098 nel
289 1055 347 1117 pro
372 1036 457 1099 Titio
482 1036 650 1119 spondeas.
685 1043 714 1102 4.
738 1037 811 1100 Mea
827 1042 858 1100 et
878 1036 984 1100 aliena
1001 1037 1105 1118 gratia
1127 1038 1221 1101 inter·
1259 1048 1275 1100 5

106 1158 188 1222 uenit
211 1160 402 1240 mandatnm,
426 1160 453 1224 si
478 1160 535 1224 tibi
556 1160 712 1242 mandem,
737 1169 771 1225 ut
792 1181 864 1225 mea
888 1167 920 1225 et
943 1161 1018 1224 Titii
1047 1161 1223 1226 eommunia

105 1284 231 1364 negotia
256 1303 359 1365 geraS,
384 1285 436 1348 uel
460 1291 494 1347 nt
517 1285 592 1348 mihi
616 1292 647 1349 et
670 1285 753 1349 Titio
777 1285 1011 1350 fnndumemas
1034 1286 1140 1350 uelut
1164 1307 1221 1368 pro

73 1415 96 1472 5.
105 1427 150 1471 me
178 1415 210 1472 et
234 1409 317 1472 Titio
347 1408 514 1491 spondeas.
561 1413 590 1475 ὃ.
613 1410 683 1473 Tua
712 1415 743 1473 et
772 1410 877 1474 aliena
908 1410 1012 1492 gratia
1039 1409 1154 1473 mando
1184 1410 1220 1489 si,

105 1551 169 1595 enm
193 1532 298 1596 Titius
321 1533 457 1616 pecunia
477 1516 635 1615 indigeat,
658 1533 716 1597 tibi
739 1534 900 1615 mandem,
925 1542 959 1598 ut
983 1535 1013 1599 ei
1037 1535 1094 1598 snb
1119 1533 1221 1596 usuris

105 1657 222 1721 eredas.
268 1679 341 1722 nam
364 1659 410 1722 ita
434 1666 465 1723 et
487 1659 546 1723 tibi
569 1667 697 1742 propter
718 1679 829 1724 usuras
845 1661 905 1724 hoo
927 1660 1057 1742 prodest
1081 1664 1113 1722 et
1135 1658 1220 1720 illins
1242 1670 1276 1721 10

103 1781 282 1846 necessitati
298 1783 469 1848 remedium
483 1792 620 1867 paratur.
645 1782 730 1864 quod
742 1784 769 1847 si
781 1784 840 1848 tibi
856 1784 1081 1865 mandauerim,
1102 1790 1136 1846 ut
1152 1782 1219 1846 sine

103 1905 201 1969 usuris
227 1906 382 1988 credetne,
408 1909 513 1972 aliena
538 1910 641 1990 gratia
663 1927 727 1973 non
751 1909 845 1972 etiam
869 1915 938 1988 tua,
964 1909 1017 1990 qni
1040 1907 1117 1972 nihil
1141 1906 1221 1971 lnori

73 2039 94 2090 6.
103 2027 171 2092 inde
195 2033 409 2112 consequerio,
434 2033 603 2096 interuenit
619 2033 808 2096 mandatum.
850 2037 878 2098 6.
894 2035 964 2096 Tua
979 2037 1099 2096 tantum
1117 2032 1221 2114 gratia

102 2153 268 2219 interuenit
291 2155 481 2238 mandatum,
506 2157 533 2220 si
556 2157 613 2220 tibi
629 2157 784 2236 mandem,
809 2164 843 2220 ut
861 2157 1012 2241 pecunias
1028 2165 1098 2220 tuas
1115 2157 1220 2239 potins

101 2277 132 2340 in
154 2281 346 2361 emptionem
369 2281 571 2364 praediorum
595 2282 740 2365 oollooes,
764 2303 857 2364 qnam
883 2286 914 2343 nt
937 2283 1075 2362 feneres3
1105 2280 1156 2344 uel
1181 2301 1220 2344 ex
1241 2292 1274 2343 15

103 2400 241 2484 diverso,
270 2411 303 2468 nt
334 2405 458 2470 feneres
486 2407 605 2489 potins,
634 2427 727 2488 quam
756 2412 790 2470 ut
822 2405 954 2490 praedia
989 2425 1085 2469 emas.
1132 2405 1219 2469 ouius

102 2528 226 2606 generis
250 2529 432 2593 mandatum
460 2531 562 2612 magis
591 2531 755 2595 eonsilium
784 2537 832 2596 est
859 2551 954 2612 quam
982 2530 1164 2593 mandatnm
1189 2519 1224 2594 et

102 2652 140 2714 ob
163 2652 196 2716 id
220 2653 340 2716 nnllam
363 2654 447 2736 parit
462 2655 698 2736 obligationem,
724 2655 798 2734 quia
812 2674 904 2719 nemo
922 2674 961 2718 ex
978 2653 1109 2718 oonsilio
1133 2674 1220 2717 man·
1261 2657 1271 2686 ⁸

102 2775 165 2840 dati
181 2777 352 2860 obligatur,
378 2778 472 2842 etiam
485 2779 586 2843 sinon
598 2779 747 2862 expediat
759 2779 789 2843 ei
801 2779 855 2861 qni
867 2779 1032 2843 eonsilium
1045 2779 1218 2862 acceperit,

102 2919 168 2964 enm
191 2901 296 2966 libera
324 2903 469 2984 oniqnam
497 2903 632 2968 facultas
663 2903 703 2967 sit
731 2904 896 2987 explorare
926 2903 1009 2985 apud
1038 2923 1088 2984 se,
1117 2923 1159 2966 an
1186 2902 1218 2966 id
1238 2913 1273 2965 20

102 3025 183 3106 qnod
206 3027 239 3089 ei
262 3027 386 3091 eonsilii
410 3029 514 3110 gratia
530 3029 646 3092 dietum
663 3034 711 3092 est
727 3028 882 3112 expediat.
917 3029 1024 3108 itaque
1041 3027 1068 3091 si
1084 3028 1218 3093 otiosam

102 3151 268 3230 peouniam
291 3157 321 3215 te
337 3152 506 3216 habentem
522 3152 663 3217 hortatus
679 3154 778 3234 fuero,
802 3161 835 3216 nt
857 3173 924 3217 rem
940 3153 1079 3233 aliquam
1097 3172 1218 3217 emeres

101 3274 151 3338 nel
173 3284 208 3338 nt
237 3294 277 3339 ea
304 3275 479 3358 fenerares,
508 3277 651 3357 quamuis
679 3277 840 3359 negotium
868 3277 926 3342 tibi
953 3298 1016 3340 non
1045 3277 1219 3360 expedierit

104 3397 194 3480 (forte
228 3400 311 3464 enim
334 3406 425 3464 erant
447 3400 544 3482 servi,
574 3402 627 3482 qui
658 3402 772 3466 mortui
800 3407 872 3465 sunt
895 3401 945 3465 nel
973 3403 1134 3482 fugerunt,
1167 3401 1219 3464 uel

102 3521 187 3606 inopi
209 3524 386 3609 fenerasti),
411 3545 474 3589 non
497 3527 629 3590 tenebor
654 3525 713 3590 tibi
740 3525 880 3589 mandati
904 3525 1037 3589 aetione.
1082 3529 1113 3588 et
1138 3524 1217 3589 adeo
1238 3534 1272 3586 25

102 3645 179 3712 haee
195 3648 243 3712 ita
260 3653 339 3729 sunt,
356 3655 390 3713 ut
403 3649 579 3731 quaesitum
592 3650 632 3715 sit
645 3649 730 3733 apud
745 3655 879 3729 uetereS,
897 3669 938 3712 an
953 3648 1095 3712 mandati
1111 3655 1221 3713 tenear

102 3771 370 3838 simandanerim
393 3775 452 3839 tibi
474 3780 508 3838 nt
530 3774 612 3838 Titio
637 3775 803 3857 pecuniam
826 3774 1001 3839 fenerares:
1031 3773 1219 3855 quibusdam
