2932 4704
708 269 938 332 -110-

84 510 87 518 ,
201 480 203 484 ·
266 451 320 524 τάς
343 449 448 524 οἰκίας.
494 453 522 514 εἰ
544 452 580 515 δὲ
603 454 711 536 συμβῇ
734 452 767 516 ἐκ
789 476 871 528 τινος
893 456 994 532 αἰτίας
1021 459 1055 518 τδ
1083 457 1247 542 εἰρημένον
1276 455 1370 542 οἴκημα

124 566 129 573 ·
266 557 455 629 καταπεσεῖν,
479 555 496 614 ό
520 558 575 639 τῆς
597 553 670 640 ίίλης
694 555 855 642 δεσπότης,
879 557 906 620 εἰ
925 560 969 644 μή
991 557 1117 621 διπλοῦν
1145 556 1234 644 ἔτυχε
1264 562 1371 643 κομισά-

265 675 359 736 μενος
382 654 432 717 διὰ
456 660 511 740 τῆς
534 655 573 720 de
595 656 684 737 tigno
705 658 813 723 iuncto
836 659 1010 745 ἀγωγής,1)
1039 660 1165 724 δύναται
1194 665 1285 724 κινείν
1306 661 1372 724 ἀκω-

266 757 364 832 λύτως
386 758 465 839 καίί)
489 759 520 820 in
544 779 611 822 rem
634 762 683 822 καὶ
705 761 746 823 ad
770 761 993 826 exhibendum.
1045 764 1095 827 30.
1131 762 1406 848 Προλαβόντεςῑδο,

233 859 424 943 ὀείπομενδ)
448 862 482 923 ἐν
504 862 606 945 οἰκείῳ
634 863 745 946 ἐδάφει
767 862 805 936 ἐξ
825 864 991 949 ἀλλοτρίας
1012 865 1085 950 δλης
1108 864 1220 951 οἴκημά
1248 888 1313 928 τινα
1332 890 1373 928 κα-

266 964 515 1025 τασκευάσαντα·
548 967 600 1025 νῦν
623 966 657 1025 τό
685 964 821 1027 ἐναντίον
848 965 1065 1050 δεματίζομεν.
1114 966 1148 1029 ἐν
1176 964 1221 1052 τῷ
1247 968 1296 1051 σῷ
1317 965 1372 1028 ἐδά·

266 1064 352 1146 φειί)
375 1062 464 1146 ἐμαῖς
488 1063 572 1137 ίίλαις
594 1064 677 1127 οἰκον
700 1067 918 1145 κατεσκεύασα,
941 1069 958 1129 ό
981 1071 1035 1130 τοῦ
1058 1066 1199 1153 ἐδάφους
1213 1069 1319 1152 κύριος
1335 1072 1374 1130 καί

266 1163 319 1228 τοῦ
349 1167 515 1250 οἰκήματος
546 1165 664 1249 ἐσταιί)
694 1168 847 1254 δεσπότης
875 1169 927 1232 διὰ
957 1172 1009 1233 τδν
1036 1172 1148 1233 κανόνα
1177 1173 1230 1234 τάν
1260 1170 1373 1251 λέγοντα

265 1266 355 1332 εἴκειν
370 1267 407 1329 τὰ
422 1267 594 1351 ἐπικείμενα
610 1272 673 1344 τοῖς
692 1269 910 1351 ὑποκειμένοις,
933 1272 1013 1348 ὥςτε
1028 1271 1083 1335 οὖν
1098 1279 1153 1359 τής
1177 1272 1281 1358 ὕληςί)
1297 1274 1375 1335 ἀπυλ·

216 1385 246 1435 10
264 1371 327 1433 λύω
336 1371 360 1450 ⁷)
377 1369 440 1451 ἐγὼ
460 1370 610 1456 διηνεκῶς
624 1373 678 1457 τήν
694 1372 884 1436 δεσποτείαν.
908 1373 1001 1450 εἰδὼς
1015 1376 1076 1458 γόῳ
1092 1375 1125 1436 ἐν
1140 1376 1296 1460 ἀλλοτρίῳ
1312 1373 1376 1460 ᾠκο

262 1471 380 1556 δόμουν
392 1472 517 1557 ἐδάφει·
533 1474 638 1557 ἀμέλει
653 1475 680 1536 εἰ
694 1475 743 1537 καί
757 1476 862 1561 συμβῇ
877 1477 929 1538 τδν
945 1475 1027 1539 οἰκον
1041 1482 1237 1555 καταπεσεῖν,
1254 1478 1311 1565 οὐχ
1324 1477 1375 1548 ἔξω

263 1575 312 1637 ἐπὶ
334 1580 400 1648 ταῖς
423 1575 508 1651 ὕλαις
531 1577 585 1662 τήν
607 1577 640 1640 in
661 1597 738 1641 rem.
784 1578 881 1641 ἐκεῖνο
903 1578 940 1641 δὲ
970 1584 1032 1641 τῶν
1060 1579 1189 1666 ἀμάχων
1216 1579 1313 1658 ἐστιν,
1340 1580 1376 1651 δτι

263 1675 323 1758 εἰθ)
346 1678 451 1764 συμβῇ
477 1678 532 1763 ἐμὲ
555 1681 607 1741 τάν
630 1679 876 1765 οἰκοδομήσαντα
899 1681 932 1742 ἐν
956 1683 1033 1768 νυμή
1056 1681 1132 1743 εἰναι
1155 1685 1209 1766 τής
1239 1681 1376 1758 οἰκίας,ό

264 1779 299 1841 δέ
322 1777 376 1840 τοι]
399 1778 542 1863 ἐδάφους
564 1779 719 1866 δεσπότης
738 1784 902 1869 χριόμενος
925 1789 970 1869 τῷ
989 1785 1093 1846 κανόνι
1109 1789 1154 1869 τῷ
1165 1784 1284 1864 λέγοντι
1301 1782 1378 1846 εἴκειν

217 1895 245 1944 15
263 1881 301 1942 τὰ
323 1880 497 1964 ἐπικείμενα
519 1888 583 1958 τοῖς
605 1883 815 1967 ὑποκειμένοις
838 1890 913 1947 κινεῖ
932 1885 999 1948 κατ’
1025 1885 1101 1969 ἐμοῦ
1124 1888 1178 1972 τήν
1201 1885 1235 1949 in
1257 1905 1336 1962 rem,
1356 1867 1379 1945 εἰ

261 1983 320 2066 μὲν
342 1982 426 2047 bona
451 1983 546 2066 fide⁹)
570 1985 708 2072 ὑπῆρχον
732 1986 841 2070 νομεὺς
870 1986 1024 2071 (ἐνόμιζον
1051 1988 1112 2070 γὰρ
1143 1988 1218 2071 ἐμὸν
1249 1986 1324 2050 εἰναι
1350 1988 1380 2047 τὺ

263 2083 407 2170 ἔδαφος),
430 2088 564 2172 λήψομαι
587 2089 623 2149 ου’
648 2089 745 2169 μόνον
768 2093 822 2174 τῆς
852 2087 925 2172 ὕλης
951 2090 1006 2174 τήν
1035 2089 1209 2175 διατίμησιν
1238 2090 1314 2151 ἀλλὰ
1339 2089 1379 2149 καί
1464 2119 1465 2123 ’

263 2187 335 2263 τοὺς
354 2189 490 2268 μισδοδς
512 2194 575 2251 τῶν
598 2195 752 2276 τεχνιτῶν,
775 2192 823 2252 καί
842 2192 886 2275 μή
908 2191 1102 2274 βουλόμενον
1129 2190 1223 2252 ου’τάν
1231 2192 1269 2270 ¹⁰)
1292 2193 1380 2254 ταῦτα

264 2288 408 2372 πράττειν
431 2290 545 2362 ἐξωδῶ
568 2290 619 2354 διὰ
642 2297 696 2377 τῆς
719 2291 773 2354 τοι]
789 2293 882 2357 δόλου
899 2295 1167 2378 παραγραφής.“)
1196 2293 1225 2355 εἰ
1246 2293 1282 2356 δὲ
1302 2290 1381 2356 mala

212 2419 247 2468 20
264 2389 371 2472 fidon)
396 2392 551 2477 ἐνεμόμην
582 2395 633 2454 τδν
664 2395 756 2455 τόπον
785 2396 974 2480 (ήπιστάμην
1007 2396 1066 2482 γὰρ
1101 2395 1194 2457 αὐτὸν
1228 2394 1381 2477 ἀλλότριον

265 2491 363 2573 ὄντα),
386 2493 535 2576 οάδεμίαν
558 2495 621 2566 ἔξω
645 2499 856 2580 παραγραφὴν
878 2497 949 2559 ἀλλ’
977 2497 1186 2580 ἀναγκάζομαι
1215 2499 1268 2558 τδν
1293 2497 1381 2557 τόπον

264 2593 443 2658 ἀποδιδόναι
464 2598 544 2676 μετὰ
567 2601 628 2659 τῶν
649 2595 867 2659 ἐπιτεδέντων·
895 2598 1022 2662 δύναται
1051 2599 1113 2682 γὰρ
1127 2666 1129 2669 ,
1143 2597 1271 2672 ἕκαστος
1298 2598 1381 2678 ἐγκα-

264 2701 326 2761 λεῖν
347 2723 399 2781 μοι
423 2705 588 2783 προπετῶς
597 2701 634 2780 ¹³)
662 2701 744 2774 τίνος
762 2702 861 2786 χάριν
890 2700 984 2776 εἰδὼς
1010 2702 1055 2776 εἰς
1083 2701 1245 2782 ἀλλότριον
1273 2697 1382 2784 ᾠκοδό-

261 2823 340 2881 μουν
370 2800 472 2862 τόπον.
482 2800 519 2880 ¹⁴)
569 2801 619 2864 31.
654 2800 753 2864 Titios
781 2801 940 2884 ἀλλότριον
972 2801 1105 2886 δένδρον
1137 2802 1171 2865 ἐν
1204 2805 1252 2887 τῷ
1284 2801 1422 2882 οἰκείιρῧί·

214 2926 246 2975 25
265 2902 437 2985 ἐφύτευσεν
471 2902 577 2988 ἀγρῷ·
612 2902 696 2965 Titiu
725 2900 810 2966 ἔσται
838 2905 872 2964 τδ
901 2903 1050 2988 δένδρον·
1084 2905 1112 2966 εἰ
1143 2903 1179 2966 δὲ
1210 2906 1259 2966 καί
1287 2901 1383 2966 Titios

264 3004 374 3066 οἰκεῖον
396 3003 529 3086 δένδρον
552 3004 585 3066 ἐν
608 3007 653 3090 τῷ
681 3004 771 3090 ἀγρῷ
793 3006 945 3089 ἐφύτευσε
968 3005 1104 3084 Maeuia,
1135 3005 1309 3084 Maeuiu¹³)
1339 3027 1385 3086 γε·

266 3106 386 3190 νήσεται
397 3106 434 3187 ¹⁶)
451 3107 485 3167 τά
500 3104 642 3191 δένδρον,
656 3108 753 3187 μόνον
768 3107 796 3169 εἰ
811 3108 844 3169 ἐν
859 3107 998 3191 ἐκατέρῳ
1022 3108 1132 3191 δέματι
1149 3110 1206 3182 τὰς
1221 3109 1331 3182 οἰκείας
1352 3108 1384 3167 τὸ

333 3365 354 3428 l)
373 3364 417 3418 lta
435 3363 489 3416 M.:
507 3369 557 3416 cet.
577 3363 602 3413 εἰ
618 3362 700 3431 μήπω
718 3362 762 3414 διὰ
786 3366 835 3430 τῆς
858 3362 899 3415 (le.
923 3370 942 3414 t.
962 3363 978 3416 i.
998 3363 1040 3430 ἀγ.
1069 3363 1099 3414 τὸ
1122 3363 1190 3415 διαλ.
1216 3362 1293 3432 ἔτυχε
1317 3378 1387 3424 κομι·

266 3453 328 3514 σάμ.
432 3450 456 3515 ²)
476 3450 501 3504 d.
520 3449 573 3503 m.
593 3448 625 3502 F.
731 3449 754 3513 ³)
771 3463 873 3510 -σμεν
893 3447 936 3502 Vi.
952 3447 985 3501 R.
1106 3449 1128 3515 ⁴)
1147 3448 1195 3499 ἐὰν
1215 3446 1275 3501 αδδ.
1293 3445 1327 3498 Vi
1355 3443 1385 3497 R.

265 3538 288 3601 ὅ)
308 3535 360 3606 ἐσῃ
381 3535 422 3589 vi.
442 3534 474 3589 R.
593 3535 617 3598 6)
637 3533 686 3585 σὺν
705 3535 743 3602 τῇ
761 3532 812 3601 ὅλῃ
832 3532 869 3584 Μ.
888 3530 936 3583 L2.
956 3530 987 3584 F.
1107 3532 1130 3596 ⁷)
1149 3531 1278 3583 ἀπόλωλα
1294 3528 1337 3581 vi.
1355 3527 1387 3581 R.

266 3619 420 3683 ⁸)1aiadd
448 3619 495 3674 11².
569 3620 593 3686 ⁹)
612 3619 697 3673 bonae
714 3616 777 3672 fidei
793 3617 843 3670 11⁶·
862 3617 903 3670 Vi.
923 3617 955 3672 R
974 3618 1043 3688 καλῇ
1061 3618 1150 3670 πίστει
1168 3617 1218 3670 Μ.
1293 3615 1327 3680 ¹⁰)
1346 3611 1387 3665 de.

267 3704 307 3758 Vi.
326 3704 358 3758 R.
530 3706 566 3770 11)
590 3704 688 3770 λέγων·
713 3703 776 3755 ἀλλ’
799 3703 824 3753 εἰ
846 3702 885 3770 ιιι)
909 3702 978 3772 καλή
1001 3703 1091 3754 πίστει
1109 3701 1200 3754 ἔκτισε
1217 3701 1259 3754 Vi.
1276 3700 1307 3753 R.
1326 3696 1388 3751 add.

267 3790 302 3855 1ἰ)
325 3788 387 3858 ἤτοι
408 3794 477 3860 κακῇ
500 3791 586 3853 πίστει
609 3788 670 3842 αδδ.
695 3788 743 3844 L’.
921 3788 957 3854 1θ)
979 3793 1041 3855 post
1064 3786 1143 3846 εἰδὼς
1167 3786 1267 3841 habent
1291 3784 1332 3837 vi.
1355 3781 1387 3834 R.

267 3877 302 3946 Β)
319 3875 378 3927 τόπ,
398 3872 475 3942 qma.
493 3873 546 3926 11².
565 3872 596 3926 F.
705 3874 741 3936 ¹⁵)
757 3872 797 3925 ita
816 3872 854 3924 Μ.
872 3871 937 3923 L¹.:
957 3871 1005 3924 11².
1025 3869 1143 3923 maebiu:
1163 3868 1193 3922 F.
1213 3866 1326 3923 Maeuii:
1346 3863 1389 3917 vi.

266 3961 299 4014 R.
318 3956 442 4025 Μαιβίου.
546 3957 581 4023 1⁶)
600 3956 678 4010 ἕσται
697 3956 744 4009 Ιιθ.

334 4049 361 4112 a)
380 4044 472 4112 Suppl.
491 4044 551 4098 Bas.
569 4045 603 4097 35
620 4041 702 4096 schol.
