2936 4704
532 365 765 428 -167-

101 569 194 618 norum
216 557 248 616 et
275 555 438 617 castrense
460 549 623 632 peculium.
674 557 706 618 et
728 551 830 634 prima
851 569 927 617 uero
949 551 1027 618 haec
1049 551 1206 632 estquod

101 673 132 736 de
150 672 297 737 castrensi
319 671 441 752 peculio
463 669 679 736 filiusfamilias
703 677 853 749 testatur,
882 670 921 735 de
951 687 1073 752 pagano
1102 675 1207 736 eutem

101 809 150 855 non
163 792 276 871 utique.
300 793 440 856 secunda
455 790 632 858 differentia
647 790 800 858 eiusmodi
813 796 878 858 est:
901 790 1003 856 natus
1026 796 1116 871 poter
1138 808 1209 857 con·

102 918 144 974 tra
161 907 389 974 filiumfamilias
411 909 567 992 peculium
589 911 681 976 ciuile
703 909 842 976 adimere
867 915 986 993 potest,
1013 927 1076 976 non
1103 915 1208 976 autem

102 1034 252 1094 mbense
297 1027 393 1094 tertia
415 1025 593 1094 differentia
614 1035 664 1094 est
685 1029 769 1113 quod
796 1031 823 1096 si
850 1028 921 1112 quis
948 1049 968 1096 e
989 1029 1132 1110 pluribus
1155 1045 1209 1092 aes
1243 1041 1260 1090 a

102 1151 219 1216 ebenum
246 1152 438 1218 contraxerit
459 1159 492 1216 et
513 1153 665 1218 bonorum
687 1152 843 1218 sustineat
864 1170 883 1216 a
905 1149 1114 1215 creditoribus
1136 1165 1209 1211 uen-

103 1269 244 1344 ditionem,
266 1270 360 1336 ciuile
381 1271 537 1353 peculium
559 1257 652 1338 simul
674 1290 789 1336 uenum
804 1271 840 1350 it,
862 1277 1021 1336 castrense
1037 1286 1100 1334 non
1122 1266 1208 1332 item.

103 1395 191 1454 estet
210 1396 323 1472 quarta
344 1389 536 1456 differentia:
559 1391 586 1455 si
608 1389 751 1473 pluribus
773 1390 880 1456 liberis
900 1387 1134 1472 superstitibus,
1156 1403 1210 1468 pu·

103 1515 143 1573 ter
160 1510 316 1582 moriatur,
342 1509 458 1576 babeat
479 1517 585 1575 autem
607 1507 721 1590 abnuis
749 1528 787 1574 ex
809 1509 847 1574 iis
870 1507 963 1575 ciuile
992 1513 1025 1573 et
1052 1512 1211 1574 castrense

103 1626 256 1706 peculium,
288 1629 383 1694 ciuile
409 1630 546 1694 omnium
568 1628 748 1704 liberorum,
770 1628 825 1710 qui
856 1629 1013 1709 qnondam
1035 1625 1154 1692 fuerint
1179 1625 1210 1690 in
1231 1634 1263 1685 ιο

103 1752 253 1826 potestate,
275 1767 439 1814 commune
461 1749 537 1824 erit,
565 1754 726 1814 castrense
749 1749 816 1813 eius
838 1751 974 1825 tantum,
997 1746 1052 1830 qui
1074 1745 1211 1827 adquisi-

105 1867 190 1948 uerit;
211 1884 400 1950 quamquem
415 1869 519 1932 omnis
533 1865 804 1933 tiliorumsamilias
818 1868 940 1950 peculia
954 1867 1084 1948 perinde
1105 1865 1211 1949 portio

105 1993 239 2063 paternae
260 1985 446 2052 hereditatis
468 2005 538 2052 esse
561 1987 746 2064 uideantur,
769 1993 865 2069 atque
898 2003 1062 2052 seruorum
1090 1983 1213 2068 peculia

107 2102 234 2170 inbonis
257 2105 456 2171 dominorum
478 2114 692 2172 numerantur.
742 2124 824 2190 quae
851 2106 891 2172 de
918 2105 1133 2173 castrensibus
1161 2123 1214 2187 pe-

107 2224 284 2292 cnliisdicta
307 2233 382 2292 sunt
405 2227 498 2292 etde
524 2225 587 2292 illis
614 2227 823 2308 intellegenda
850 2233 938 2301 sunt,
966 2243 1049 2306 quae
1076 2245 1114 2290 ex
1142 2243 1216 2290 con-
1235 2238 1266 2289 ro

107 2342 306 2412 stitutionibus
327 2351 457 2428 propter
478 2346 621 2411 diuersas
650 2363 762 2412 musas
792 2347 875 2428 patri
903 2365 965 2411 non
993 2345 1214 2428 adquiruntur.

107 2470 218 2541 praeter
238 2483 310 2530 eum
337 2464 437 2546 igitur
466 2466 519 2548 qui
548 2473 708 2531 castrense
735 2465 787 2531 nel
815 2466 907 2549 quasi
934 2471 1094 2532 castrense
1120 2465 1217 2531 babet

107 2583 256 2664 peculium,
279 2585 307 2650 si
329 2585 504 2668 quisalius
526 2583 744 2652 filiusfamilias
773 2592 995 2652 testamentum
1026 2583 1152 2664 fecerit,
1182 2585 1215 2651 id

105 2700 201 2768 inutile
221 2709 287 2781 est,
310 2703 385 2770 licet
406 2706 457 2770 sui
477 2703 557 2770 iuris
579 2706 680 2771 taetus
703 2706 881 2772 decesserit.
926 2705 1111 2788 respicimus
1133 2704 1216 2770 enirn

106 2837 216 2901 semper
246 2830 372 2905 tempus
404 2823 532 2902 mortis,
565 2829 614 2889 set
646 2822 721 2890 illud
753 2824 863 2902 etiam,
895 2843 958 2907 quo
985 2825 1145 2891 conditum
1168 2830 1217 2890 est
1234 2836 1269 2888 eo

106 2945 324 3018 testamentum,
337 2961 377 3008 an
389 2949 522 3024 utroque
534 2949 674 3026 ternpore
689 2943 825 3010 testandi
841 2946 912 3027 quis
926 2944 1073 3010 hebuerit
1086 2941 1218 3010 inculta·

73 3082 91 3131 1,
105 3064 172 3123 tem.
196 3063 221 3123 l.
242 3059 412 3128 Praeterea
426 3069 587 3142 nequeunt
600 3063 712 3129 testari
732 3064 918 3145 impuberes.
941 3063 1003 3129 scis
1025 3063 1108 3129 enim
1123 3068 1219 3129 testa·

105 3187 233 3247 mentum
252 3185 365 3248 mentis
381 3183 443 3250 dici
457 3183 671 3250 testationem:
693 3183 812 3250 iudicio
833 3189 941 3250 antem
965 3183 1105 3266 impubes
1121 3187 1218 3250 curet.

105 3316 200 3380 neque
220 3299 329 3369 furiosi
353 3306 511 3368 testantur
533 3303 606 3386 quia
628 3311 731 3369 mente
754 3309 870 3370 curent.
908 3305 1016 3387 itaque
1038 3321 1140 3384 neque
1162 3302 1218 3366 im·

106 3419 198 3498 pubes
213 3439 312 3504 neque
327 3419 466 3488 furiosus
481 3428 648 3500 testantur,
672 3440 743 3489 cum
758 3423 839 3488 alter
854 3421 1002 3488 iudicium
1019 3421 1155 3487 nondum
1178 3421 1220 3486 sit
