2932 4704
531 345 763 412 ..120-

95 526 264 608 esdfficam,
286 534 343 596 sut
363 529 392 596 si
414 547 452 600 ex
472 545 543 599 mes
562 531 699 600 malene
717 533 750 598 iu
771 532 838 598 solo
860 531 961 600 abeno
982 534 1077 600 aedes
1098 536 1210 614 smmi,

95 649 138 716 ud
167 649 302 716 alienam
334 649 540 716 arboreum
570 667 627 717 suo
656 649 727 733 quis
755 649 821 718 solo
854 650 1009 732 pleutauit
1041 651 1092 718 uel
1119 653 1209 721 arbo

93 784 149 834 mm
170 785 262 834 mam
283 769 315 833 in
337 774 425 834 terra
445 765 547 834 alicua
568 768 623 845 ita,
646 773 683 834 ut
709 767 831 834 radices
860 768 957 834 ctiam
979 769 1095 852 egerit,
1123 771 1208 853 quod

93 885 221 970 optinuit
242 891 276 952 ct
297 886 336 952 dc
358 887 513 953 humecto
535 891 604 953 sato
627 892 660 953 et
681 885 720 954 de
741 883 866 966 litteris,
888 905 969 970 quae
991 889 1068 955 meis
1091 887 1208 956 chartis

92 1004 315 1072 ucnbrauisuc
336 1003 559 1074 inscribuntur.
592 1007 781 1074 contrarium
804 1008 836 1074 iu
858 1004 982 1090 pictura
1004 1008 1207 1074 obseruatum
1241 1007 1259 1058 ὓ

91 1127 146 1189 cal:
171 1123 260 1190 cedit
287 1123 369 1190 enim
391 1121 501 1190 tabula
529 1123 680 1205 picturae
729 1125 811 1192 inter
838 1123 997 1192 naturales
1018 1123 1127 1192 modos
1154 1125 1207 1192 ad-

90 1241 260 1323 quisitionis
283 1240 378 1308 mam
402 1245 460 1320 est,
483 1239 649 1308 bonafide
670 1241 832 1323 praedium
859 1241 899 1309 ab
926 1261 963 1309 eo
992 1244 1046 1325 qui
1074 1261 1135 1310 non
1157 1251 1208 1312 ast

89 1357 228 1424 domiuus
266 1359 430 1441 accipere:
475 1357 558 1425 bona
598 1359 679 1425 cuim
720 1357 782 1426 fide
817 1359 975 1442 possessio
1012 1357 1128 1428 sufficit
1165 1361 1207 1428 ad

89 1475 333 1543 constituendum
355 1491 426 1543 eam
454 1475 613 1544 domiuum
643 1481 861 1559 perceptorum
889 1478 1058 1545 domuum.
1103 1485 1154 1546 set
1175 1487 1207 1548 et

88 1593 244 1661 thensauri
266 1595 404 1661 lucentio
427 1593 478 1661 uel
500 1595 533 1661 iu
561 1596 744 1662 uniuersum
773 1592 825 1662 uel
851 1595 964 1678 partim
991 1595 1132 1678 adquirit
1160 1599 1259 1664 in·1o

89 1717 206 1780 uenturi
239 1713 445 1782 thensaurum
473 1713 562 1780 iuxta
590 1731 685 1798 quam
713 1713 932 1798 proposuimus
964 1713 1205 1784 distinctionem.
1288 1721 1298 1742 ·

88 1831 235 1898 uacuam
257 1830 427 1914 adquisitio
455 1836 489 1898 et
517 1849 574 1914 per
601 1832 801 1899 traditionem
828 1831 873 1898 fit.
926 1840 975 1900 sat
1000 1833 1077 1902 baec
1102 1833 1205 1900 omnia

55 1958 75 2007 1.
90 1949 125 2015 dc
143 1949 360 2033 corporalibus
381 1951 476 2018 rebus
498 1949 636 2033 intellegi
658 1950 782 2018 debent.
816 1954 844 2014 l.
869 1949 986 2018 &rum
1008 1950 1089 2018 cuim
1112 1967 1205 2033 quae

90 2069 156 2134 dam
176 2065 355 2152 corporales
376 2075 467 2144 sunt,
496 2069 652 2149 quaedam
679 2069 900 2152 incorporales.
949 2069 1127 2153 Corporalis
1149 2076 1199 2136 est

91 2203 136 2251 res
160 2203 241 2267 quae
269 2191 302 2252 et
326 2185 566 2269 appellationem
588 2185 701 2268 recipit
722 2191 755 2252 et
776 2185 863 2267 mugi
885 2192 918 2253 et
939 2187 1077 2270 conspici
1090 2191 1205 2270 potest,
1225 2186 1257 2238 ¹⁶

90 2303 180 2369 ueluti
201 2303 318 2370 fundus
339 2305 434 2372 aedes
461 2303 559 2372 uestis
585 2321 713 2372 seruus:
740 2303 944 2387 incorporalis
973 2313 1022 2374 est
1050 2323 1131 2388 quae
1159 2307 1205 2372 in·

91 2420 187 2504 allegi
218 2427 342 2490 mutum
372 2428 492 2506 potest,
525 2443 587 2491 uon
623 2442 699 2492 uero
729 2425 823 2492 etiam
853 2425 941 2508 mugi
968 2432 1025 2492 aut
1057 2425 1204 2508 conspici.

89 2537 161 2606 cum
181 2540 222 2608 de
243 2541 456 2623 corporalibus
477 2542 573 2610 locuti
595 2543 702 2624 simus,
725 2541 928 2625 dispiciamus
949 2549 983 2610 et
1004 2543 1044 2612 de
1065 2545 1204 2626 incorpo-

88 2655 211 2724 rdibus.
252 2675 305 2726 res
327 2659 539 2744 incorporales
558 2666 638 2728 sunt
665 2678 747 2745 quae
774 2661 807 2727 lu
835 2661 905 2728 iure
930 2661 1120 2739 consistunt,
1150 2679 1204 2728 ue·

88 2777 141 2845 lutl
161 2781 328 2848 hereditas.
374 2780 501 2862 etquid
523 2783 575 2846 cst
596 2779 776 2847 bmcditesl
805 2781 854 2846 lus
883 2778 979 2846 certis
1005 2779 1105 2846 modls
1131 2795 1204 2848 con·
1221 2775 1256 2828 ²⁰

88 2895 228 2964 stitutum
256 2898 451 2981 incorporale
472 2895 593 2966 abenas
614 2897 810 2966 substantiae
835 2897 868 2963 in
896 2899 1078 2964 uniuersum
1107 2896 1202 2964 domi·

88 3015 166 3082 amm
187 3016 380 3097 adquirendi.
405 3015 486 3084 adde
514 3023 548 3082 ct
576 3015 815 3083 usumfructum.
849 3015 1047 3082 usnemuctus
1075 3021 1125 3080 est
1152 3013 1203 3080 ius

88 3133 175 3198 certis
209 3135 309 3200 modis
330 3133 535 3202 constitutum
558 3134 755 3220 incorporale
780 3134 825 3200 rei
853 3133 974 3202 alienae
1001 3131 1138 3199 utendae
1169 3137 1203 3196 ct

87 3249 243 3317 hucndae.
295 3251 377 3318 adds
409 3258 443 3318 et
474 3250 680 3333 obligationes
709 3251 998 3335 quomodocumque
1025 3253 1201 3318 conbeatae

88 3368 295 3448 (multifariam
316 3371 401 3436 euim
422 3370 666 3450 constituuntur,
689 3375 726 3436 ut
746 3367 877 3436 islarius
899 3367 1132 3453 proponemus).
1169 3373 1203 3433 et
1219 3371 1254 3424 lb

87 3485 155 3566 quid
175 3491 229 3552 eet
247 3485 418 3571 obligatio?
437 3487 588 3570 obligatio
610 3495 660 3556 est
687 3486 845 3554 uinculum
872 3486 950 3554 iuris
977 3503 1040 3567 quo
1069 3487 1203 3554 necessi·

54 3608 147 3670 aaa
175 3605 401 3687 adstringimur
426 3605 544 3689 aliquid
569 3605 721 3681 itacismi,
743 3605 828 3689 quod
850 3604 953 3674 rocoa
974 3607 1127 3688 oporteat.
1169 3603 1199 3668 2.
