3092 4702
599 345 812 408 ..41-

159 531 335 615 sanguineus
357 551 448 598 soror
474 533 703 614 consanguinea
731 531 838 598 fratris
864 530 919 596 lilii
944 537 978 598 et
1005 550 1042 598 ex
1067 530 1175 597 fratris
1200 529 1263 599 filio

161 671 243 735 nepos
264 654 365 734 neptis
388 652 487 718 amita
508 659 540 718 et
561 653 594 746 in
617 670 739 718 summa
760 653 861 719 donec
879 651 1017 719 feminini
1044 670 1137 718 sexus
1159 669 1265 734 perso

161 790 223 836 nam
244 773 448 851 inueniamus,
472 792 553 856 qnae
577 773 770 855 cognationis
793 780 902 840 auctor
924 771 982 851 sit,
1012 771 1128 838 dicitnr
1151 772 1266 853 adgna-

158 892 196 956 tio
219 891 395 972 procedere.
440 893 564 973 cognati
596 898 701 958 autem
732 898 807 958 sunt
835 893 887 973 qni
916 910 973 973 per
1000 890 1140 956 seminini
1173 908 1265 956 sexus

159 1029 309 1090 personam
332 1012 422 1077 nobis
445 1012 686 1094 coniunguntur,
708 992 808 1078 ueluti
837 1010 935 1078 irater
963 1011 1105 1077 uterinus
1132 1016 1265 1089 tantum,
1299 1025 1317 1076 c

159 1147 211 1195 non
231 1131 323 1196 etiam
351 1130 613 1212 consanguineus,
644 1130 773 1214 eiusque
800 1132 907 1211 liberi,
936 1151 1025 1198 soror
1052 1131 1191 1209 uterina,
1214 1129 1267 1197 uel

157 1251 240 1314 etiam
262 1249 381 1316 sororis
397 1252 645 1333 consanguineae
660 1250 760 1320 liberi.
783 1251 870 1317 ethi
893 1252 1017 1338 quidem
1040 1251 1164 1334 cognati
1180 1257 1268 1325 sunt;

159 1368 285 1435 feminini
310 1371 392 1434 enim
414 1389 507 1435 sexus
537 1388 671 1453 persona
697 1368 896 1436 intercedens
925 1373 1144 1454 cognationem
1174 1372 1270 1437 inter·

158 1491 244 1572 rupit.
288 1489 420 1572 adgnati
441 1508 518 1555 uero
541 1489 671 1571 legitimi
693 1509 818 1574 quoque
840 1491 989 1557 dicuntur
1010 1497 1044 1556 et
1066 1493 1191 1573 cognati
1213 1510 1269 1558 seu

157 1619 260 1676 natura
299 1611 467 1676 coniuncti.
523 1611 649 1692 cognati
687 1628 763 1677 nero
796 1583 910 1676 natura
947 1619 1070 1676 tantum
1112 1610 1270 1678 coniuncti
1289 1635 1322 1686 1o

156 1729 305 1812 dicuntur,
328 1749 390 1795 non
417 1730 511 1797 etiam
539 1729 679 1809 legitimi.
731 1748 810 1811 qnos
838 1730 920 1796 enim
950 1731 1000 1796 ins
1027 1731 1186 1814 agnoscit,
1216 1749 1269 1797 eos

157 1861 262 1918 natura
284 1871 410 1936 qnoque
433 1854 537 1933 nouit3
561 1871 639 1935 quos
653 1859 759 1918 antem
774 1861 889 1920 natura
905 1853 1077 1935 adgnoscit,
1100 1872 1162 1918 non
1183 1871 1271 1936 pror·

157 1975 279 2038 sosius
312 1993 436 2057 quoque
465 1973 564 2039 nouit.
614 1973 692 2039 haec
721 1979 827 2040 autem
854 1975 999 2056 cognatio
1028 1971 1171 2038 bitaniam
1201 1990 1272 2038 con·

157 2093 231 2156 sistit
252 2099 310 2158 ant
333 2101 449 2158 natura
470 2100 527 2160 aut
548 2092 725 2175 adoptione.
776 2099 808 2159 et
836 2098 952 2159 natura
980 2091 1106 2175 quidem
1136 2111 1206 2158 cum
1234 2111 1273 2158 ex

156 2211 296 2294 legitimis
323 2214 440 2294 nuptiis
468 2211 559 2279 liberi
588 2219 776 2292 noscantur,
804 2213 971 2295 adoptione
999 2231 1073 2279 vero
1101 2231 1171 2278 cnm
1201 2212 1272 2293 quis
1291 2231 1323 2282 15

157 2331 244 2398 filium
268 2333 391 2399 habens
412 2333 546 2399 alterum
569 2333 781 2416 adoptandum
812 2335 972 2416 suscipiat.
1021 2332 1072 2399 hic
1104 2333 1185 2399 enim
1215 2330 1272 2397 dlii

158 2454 210 2518 nei
237 2453 408 2528 naturalis,
441 2452 491 2517 sni
524 2459 628 2517 autem
658 2451 766 2517 fratris
798 2453 955 2534 adgnatos
984 2451 1021 2518 tit
1049 2460 1082 2520 et
1110 2458 1271 2536 cognatus.

158 2588 227 2652 qnos
250 2572 335 2638 enim
360 2572 488 2654 adoptio
510 2571 539 2638 ei
561 2573 715 2654 adgnatos
739 2571 814 2638 iacit
844 2572 901 2637 hos
928 2579 962 2638 et
983 2575 1132 2654 cognatos
1160 2569 1273 2654 elficit;

158 2692 323 2772 legitimum
353 2693 435 2758 enim
464 2693 641 2774 negotium,
671 2691 771 2758 ueluti
798 2692 944 2774 adoptio,
974 2690 1065 2758 facile
1092 2689 1274 2773 adgnationi

156 2812 363 2894 coniungitur,
386 2831 467 2893 qnae
494 2821 527 2878 et
555 2813 624 2896 ipsa
645 2813 785 2896 legitima
811 2818 869 2880 est.
920 2811 1062 2895 legitima
1092 2811 1174 2876 enim
1204 2827 1273 2876 cum
1291 2829 1326 2880 ao

157 2931 300 3013 legitimis
334 2931 427 2999 facile
460 2933 699 3014 coniunguntur.
754 2939 864 3015 postea
900 2950 976 2999 uero
1010 2930 1161 3012 adgnatio
1193 2947 1275 3011 quae

157 3049 353 3134 adoptionem
376 3051 519 3136 seqnitur
541 3059 686 3118 naturam
708 3069 833 3135 quoqne
854 3070 958 3118 secum
985 3049 1093 3125 trahit,
1116 3049 1199 3115 idest
1226 3067 1277 3117 co·

156 3171 332 3249 gnationem
355 3180 388 3238 ct
409 3190 488 3256 quos
510 3172 663 3253 adgnatos
685 3169 767 3236 lilius
790 3170 960 3254 adoptiuus
983 3175 1085 3248 uocat,
1109 3187 1162 3234 eos
1178 3175 1211 3233 et
1225 3186 1277 3234 co·

157 3297 263 3368 gnatos
286 3290 437 3375 appellat.
467 3309 544 3374 qnos
566 3297 673 3356 antem
695 3297 845 3372 cognatos
866 3289 948 3357 ioret
971 3295 1151 3368 uocatums,
1173 3287 1201 3353 si
1223 3305 1277 3352 na·

159 3411 264 3477 taralis
287 3411 366 3476 mihi
387 3410 471 3520 filius
487 3419 578 3492 esset,
603 3414 670 3497 hos,
693 3433 763 3482 cnm
779 3414 822 3481 ait
836 3415 1013 3498 adoptinns,
1038 3433 1140 3498 neque
1163 3414 1278 3496 adgna·
1294 3440 1329 3492 at
