2898 4712
518 344 750 410 -249-

197 632 244 698 lle
274 633 403 716 singulis
430 634 525 700 rebus
555 652 612 716 per
639 631 909 698 fideicommissum
940 631 1068 702 relictis.

532 759 655 827 Titulus
678 760 729 824 24.

156 947 231 1013 Non
247 945 346 1014 solum
362 967 418 1030 per
432 947 668 1014 uniuersitatem
683 945 934 1024 fideicommissa,
958 947 1004 1012 uti
1026 946 1088 1012 ium
1104 945 1195 1011 nobis

79 1069 266 1148 propositum
289 1075 347 1146 est,
362 1067 538 1148 relinquere
553 1084 728 1149 possumus,
744 1073 794 1132 set
808 1067 901 1133 etiem
916 1065 1072 1148 specialia,
1096 1066 1193 1132 ueluti

79 1188 205 1251 fundum
229 1187 383 1252 hominem
406 1191 525 1252 uestem
547 1189 711 1266 argentum
740 1187 903 1269 pecuniam
925 1193 1138 1264 numeratum,
1162 1195 1194 1252 et

79 1305 122 1372 uel
143 1307 248 1390 ipsum
271 1307 415 1372 heredem
439 1325 551 1388 rogare
573 1313 609 1372 ut
631 1304 683 1370 elii
705 1305 739 1372 id
754 1307 909 1387 restituet,
931 1307 983 1372 uel
998 1306 1192 1390 legatarium,

52 1443 67 1490 r.
82 1428 220 1509 quemuis
243 1445 263 1492 e
284 1426 434 1506 legatario
457 1423 553 1508 legari
576 1445 637 1491 non
659 1427 766 1506 possit.
799 1428 826 1488 1.
850 1425 1064 1508 Relinquimus
1088 1435 1192 1494 eutem
1228 1472 1248 1524 5

80 1567 129 1629 ner
150 1546 422 1612 fideicommissum
446 1563 507 1610 non
530 1544 629 1610 solum
653 1563 703 1611 res
725 1551 858 1624 nostrae,
880 1549 930 1610 set
956 1546 1049 1612 etiem
1071 1547 1195 1613 heredis

81 1675 129 1732 aut
143 1665 290 1750 legatarii
305 1673 361 1731 eut
374 1664 661 1730 fideicommissarii.
685 1683 778 1745 porro
793 1683 854 1730 nnn
877 1663 978 1730 solum
1000 1683 1112 1747 rogere
1126 1666 1195 1747 quis

82 1794 180 1866 potest
189 1787 344 1867 quendem
356 1793 392 1850 nt
402 1804 467 1850 rem
479 1784 531 1850 nlii
548 1784 704 1864 restituet,
717 1803 797 1868 qune
811 1785 840 1849 ei
855 1784 964 1850 relicte
976 1783 1027 1863 sit,
1040 1790 1089 1850 set
1100 1784 1194 1850 etiem

84 1906 179 1985 uliam,
202 1906 271 1972 siue
293 1905 392 1987 ipsius
413 1906 480 1970 siue
503 1906 644 1970 alienum.
668 1923 739 1969 nam
762 1905 788 1970 ei
811 1904 940 1970 fundum
957 1905 1014 1971 tibi
1030 1904 1194 1986 reliquero,

85 2044 202 2104 pessum
227 2033 257 2090 te
280 2043 400 2107 rogere,
422 2032 458 2088 ut
478 2025 579 2107 ipsum
602 2023 731 2089 fundum
755 2029 810 2089 eut
831 2024 925 2090 aedes
947 2023 1115 2104 profundo
1139 2022 1193 2089 alii
1212 2053 1246 2107 01

85 2147 145 2222 des,
168 2164 224 2210 nec
247 2145 342 2210 relert
363 2151 467 2209 utrum
491 2151 564 2210 tune
586 2162 626 2208 an
648 2144 768 2209 alienae
789 2143 882 2208 eedes
905 2144 977 2207 sint
1006 2143 1064 2210 hoe
1085 2161 1195 2209 uerum

85 2267 307 2332 obseruandum
335 2273 398 2338 est,
426 2285 465 2331 ne
494 2266 659 2347 quisquam
686 2265 757 2347 plus
786 2263 840 2329 ulii
868 2269 1029 2346 praestare
1057 2269 1196 2345 rogetur,

87 2385 259 2467 quemipse
286 2386 419 2466 ceperit,
448 2403 519 2450 nam
549 2383 631 2464 quod
658 2381 792 2464 emplius
820 2388 868 2447 est
898 2383 928 2446 in
959 2379 1196 2447 fideimmmissn

89 2505 189 2570 inutile
212 2512 269 2570 est.
314 2512 349 2569 ut
370 2522 441 2570 ecee
464 2503 574 2587 reliqui
603 2503 660 2569 tibi
689 2519 801 2568 eureos
824 2501 873 2580 0.,
904 2502 1033 2566 onernui
1057 2507 1089 2566 te
1111 2499 1196 2567 fidei-

90 2626 240 2691 commisso
265 2643 429 2691 aureorum
453 2623 517 2702 cx,
540 2625 623 2706 quod
646 2625 685 2688 ed
709 2622 757 2704 id,
786 2621 868 2706 quod
896 2627 1055 2705 superest,
1086 2619 1196 2686 inutile
1215 2653 1248 2706 15

90 2752 132 2810 est
151 2745 436 2842 fideicommissum,
473 2763 542 2810 cum
565 2751 670 2809 eutem
692 2744 794 2809 aliena
816 2761 866 2808 res
895 2762 953 2824 per
981 2740 1195 2822 fideicommis-

92 2881 150 2928 sum
172 2863 367 2948 relinquitur,
388 2835 514 2930 necesse
536 2872 585 2930 est
607 2863 645 2944 ei,
668 2865 721 2944 qui
737 2871 866 2945 rogetus
881 2870 938 2940 est,
962 2863 1090 2928 eundem
1106 2878 1195 2942 pree·

93 2989 180 3050 sture:
203 2992 259 3050 eut
281 2983 362 3050 enim
385 3002 452 3048 enm
476 2983 601 3050 redimit
623 2991 656 3050 et
678 2982 963 3050 fideicommissario
989 2981 1102 3058 trudit,
1129 2987 1195 3058 eut,
1245 3033 1249 3044 .

60 3135 80 3185 q
95 3121 153 3166 cum
178 3111 326 3184 nequent,
356 3104 603 3168 aestimationem
630 3107 779 3184 praestat.
827 3101 861 3165 2.
895 3101 964 3167 Non
993 3101 1093 3166 sulum
1119 3117 1196 3162 nero

97 3221 229 3287 eiusmodi
260 3221 512 3299 fideicommissa,
547 3239 629 3302 quae
656 3221 788 3302 pecunie
815 3219 1036 3296 aestimentur,
1063 3217 1196 3298 relinqui
1213 3239 1249 3291 ω

96 3348 219 3422 possunt,
242 3348 292 3407 set
314 3341 404 3408 etiam
426 3341 554 3406 libertas
577 3359 632 3421 per
653 3338 924 3406 fideicommissum
953 3340 1028 3404 dnre
1056 3335 1197 3404 coneedi-
