2870 4716
533 369 763 434 -325—

98 553 149 620 liat
169 573 221 622 me
241 575 399 640 nunquam
421 556 452 620 in
469 555 655 638 Capitolium
678 575 746 622 esse
768 555 1001 622 adscensurum.
1032 553 1099 621 fieri
1121 554 1202 620 euim

98 681 200 758 potest
220 683 257 741 ut
277 678 330 758 qni
353 676 393 740 ad
415 677 662 757 sexagensimum
682 676 733 740 uel
747 675 788 739 ad
802 676 1089 758 septuagensimum
1103 695 1203 756 usqne

97 796 207 860 aetatis
230 814 343 860 annum
362 797 394 860 iu
410 795 598 877 Capitolium
620 815 681 858 non
697 793 923 874 adscendunt,
946 801 1056 876 postea
1077 793 1203 860 adscen-

97 914 183 993 dent3
207 921 241 979 at
261 914 313 980 ille
334 917 387 997 qui
410 918 440 980 in
464 917 574 981 ultimo
596 917 680 981 uitae
702 920 750 980 est
765 916 877 997 spiritu
892 915 1001 997 procul
1023 914 1118 979 dubio
1141 932 1202 978 nun

96 1037 141 1097 est
167 1051 305 1114 unquam
336 1033 552 1100 adscensurus.
597 1036 651 1117 qui
674 1035 732 1100 sub
755 1035 932 1100 condicione
961 1041 1010 1099 est
1032 1034 1200 1115 stipulatus
1219 1041 1235 1090 5

96 1169 178 1232 spem
203 1151 297 1218 habet
312 1152 369 1218 sibi
391 1153 529 1219 debitum
553 1155 603 1219 iri:
626 1161 658 1219 et
679 1154 757 1231 ideo,
782 1155 807 1219 si
830 1154 992 1230 moriatur,
1015 1153 1094 1218 banc
1116 1171 1203 1234 spem

96 1268 133 1332 ad
153 1273 298 1352 proprios
321 1273 506 1338 transmittit
527 1273 664 1339 heredes.
710 1274 926 1356 stipulationes
949 1274 1030 1338 enirn
1052 1271 1203 1337 condicio

96 1389 194 1468 nales‚
217 1391 244 1456 si
265 1391 466 1473 stipulatores
489 1393 693 1471 decesserint,
717 1393 818 1458 adbuc
839 1393 992 1474 pendente
1015 1392 1201 1469 condicione,

97 1511 132 1574 ad
159 1510 291 1578 heredes
322 1517 501 1593 transeunt,
529 1515 688 1596 quamuis,
719 1515 812 1578 utin
839 1513 976 1579 secunda
1004 1511 1204 1576 Institutione

96 1630 290 1710 tradidimus,
299 1633 324 1714 ¹)
354 1633 491 1714 legatum
521 1634 580 1698 sub
606 1633 784 1698 condicione
812 1633 954 1697 relictum
976 1629 1254 1710 mortuolega-10

97 1750 172 1814 tario
198 1757 270 1816 ante
291 1751 479 1818 condicionis
502 1758 659 1828 euentum,
683 1751 723 1816 ad
744 1751 882 1817 eiusdem
904 1768 966 1815 non
988 1755 1131 1815 transeat
1150 1747 1203 1813 be-

60 1885 81 1934 5.
98 1869 193 1936 redes.
245 1873 273 1934 5.
304 1870 445 1936 Solemus
474 1877 506 1935 et
532 1871 601 1937 loca
627 1869 880 1952 stipulationibus
910 1871 1062 1946 inserere,
1090 1867 1202 1932 ueluti:

100 1987 249 2054 »decern
270 1988 360 2054 mihi
387 1988 495 2054 dabis
519 1989 799 2070 Cartbagine?«
825 1989 875 2054 uel
907 1989 968 2052 »in
991 1988 1060 2053 illo
1082 1988 1201 2052 loeo«.

97 2127 174 2190 quae
195 2109 366 2192 stipulatio,
389 2111 462 2176 licet
484 2129 563 2191 pura
577 2110 679 2191 prima
697 2108 775 2174 faeie
790 2127 858 2174 esse
872 2108 1027 2184 uideatur,
1051 2113 1203 2172 attamen

96 2228 186 2292 tacite
208 2235 331 2310 tempus
360 2229 391 2292 in
414 2248 448 2294 se
470 2235 502 2293 et
528 2229 706 2294 dilationem
728 2230 876 2293 insertam
898 2227 1006 2304 babet,
1030 2227 1127 2291 donec
1149 2226 1203 2291 sti-
1223 2226 1253 2275 ¹5

97 2347 218 2428 pnlator
240 2347 460 2430 Carthaginem
486 2349 533 2413 ire
558 2349 659 2430 possit
683 2347 788 2428 ibique
817 2347 947 2412 soluere.
993 2346 1062 2411 ideo
1084 2346 1110 2410 si
1132 2346 1202 2427 quis

97 2467 137 2532 ita
151 2469 268 2534 Romae
283 2468 464 2550 stipuletur:
492 2467 730 2551 »spondesne
753 2468 867 2533 hodie
889 2467 982 2530 dare
1003 2465 1095 2529 mibi
1115 2464 1203 2529 Car·

97 2585 292 2674 thagine?‹
311 2589 429 2653 inutilis
445 2593 494 2652 est
508 2588 676 2670 stipulatio.
696 2593 804 2668 utpote
819 2605 899 2667 quae
914 2583 1117 2666 impossibilia
1131 2601 1202 2647 oon-

98 2706 203 2771 tineat:
231 2706 422 2790 impossibile
448 2712 496 2772 est
524 2708 605 2772 enim
632 2726 696 2771 una
716 2706 765 2770 die
787 2707 886 2770 Roma
909 2703 1127 2784 Carthaginem
1149 2721 1202 2766 ne

97 2825 174 2889 nire:
197 2825 414 2908 stipulationes
437 2832 542 2891 autem
558 2844 638 2907 quae
660 2825 718 2889 snb
733 2823 914 2906 impossibili
930 2822 1108 2887 condicione
1122 2819 1202 2884 fiunt
1219 2822 1253 2872 20

63 2962 82 3012 a.
98 2945 217 3012 inutiles
240 2950 323 3012 sunt.
369 2949 397 3010 6.
422 2946 567 3011 Condicio
588 2965 669 3027 quae
691 2945 731 3009 ad
752 2943 958 3026 praeteritum
980 2942 1030 3006 uel
1053 2941 1092 3006 ad
1114 2959 1202 3022 prae·

98 3081 164 3130 sens
186 3071 309 3147 tempus
332 3064 467 3130 refertur
490 3071 545 3129 aut
566 3066 673 3130 statim
696 3063 833 3128 infirmat
854 3061 1073 3142 obligationem
1095 3065 1150 3124 aut
1172 3059 1199 3123 ei

98 3181 270 3248 dilationem
293 3202 355 3248 non
376 3185 474 3266 parit:
497 3185 594 3249 ueluti
617 3184 656 3247 ad
672 3183 876 3264 praeteritum
891 3187 1026 3262 tempus:
1053 3179 1199 3242 »decem

99 3320 231 3367 aureos
253 3302 347 3367 mibi
370 3303 498 3381 dabis,
523 3303 555 3367 si
578 3303 707 3366 Titius
730 3301 870 3365 consul
892 3297 1017 3363 fuiti«
1049 3297 1090 3360 ad
1112 3315 1199 3376 prae

161 3543 181 3609 ¹)
199 3541 230 3596 ef.
248 3541 367 3610 Theopb.
389 3545 413 3611 2,
431 3545 472 3608 20,
491 3545 534 3596 ³3.
