2932 4704
506 381 736 443 -117-

84 574 172 632 summ
193 568 340 648 emptoris
362 565 454 634 fidem
475 565 609 635 confisus
631 583 701 634 sese
721 566 855 648 pretium
877 573 1126 647 consecuturum,
1147 575 1180 634 et

83 687 130 753 hoc
148 700 218 753 caso
240 687 373 754 dicimus
387 689 493 756 statim
515 704 580 753 rem
596 687 628 752 io
650 691 819 769 emptorem
842 685 1013 752 dominium
1035 685 1178 754 transire.

44 805 124 868 mii.
152 805 242 872 Nulla
272 815 323 873 est
348 805 523 873 differentia
551 807 582 872 in
613 803 783 873 traditione
811 811 916 871 utrum
943 807 1011 889 ipse
1037 805 1180 872 dominus

44 927 171 992 astruunt
191 946 229 992 an
254 926 416 994 uoluntate
439 928 506 994 eius
528 927 617 993 alius.
662 925 714 990 43.
747 927 815 1006 Qua
838 925 960 992 ratione
987 925 1014 990 si
1040 925 1090 992 cni
1111 943 1180 1009 per·

82 1046 185 1111 mittam
206 1047 338 1113 liberam
366 1046 559 1130 negotiorum
588 1063 726 1112 meorum
757 1045 1070 1122 administrationem,
1098 1045 1125 1109 ie
1153 1044 1179 1109 si
1212 1044 1230 1095 ⁵

83 1165 143 1246 quid
162 1183 267 1232 rerum
288 1184 426 1232 mearum
448 1166 565 1232 nendst
587 1174 620 1231 et
640 1166 747 1232 tradat
772 1165 940 1232 dominium
969 1163 1001 1230 in
1028 1161 1180 1246 accipien-

45 1289 133 1350 atem
152 1283 308 1350 monsfort-
353 1285 477 1350 nidetnr
499 1285 580 1352 enim
603 1284 766 1351 uoluntate
788 1283 904 1350 domini
923 1283 956 1348 id
978 1281 1090 1350 iacere.
1128 1281 1178 1344 44.

83 1403 155 1468 Licet
174 1404 294 1486 aliquos
318 1421 407 1469 casos
429 1403 586 1482 inuenire,
614 1407 645 1468 in
672 1401 785 1485 quibus
813 1403 906 1468 etiam
933 1403 1012 1468 citra
1040 1400 1180 1469 traditio·

82 1539 139 1587 nem
159 1523 242 1588 nuda
264 1529 385 1587 tantum
408 1522 553 1587 noluntas
583 1519 698 1587 sufficit
724 1523 764 1586 ed
794 1521 964 1587 dominium
992 1519 1180 1586 transferen-

84 1641 151 1706 dum.
190 1647 228 1708 ut
250 1661 320 1709 ecce
343 1639 536 1707 commodaui
558 1639 616 1706 tibi
638 1640 752 1706 librum
775 1658 892 1719 meum,
922 1647 977 1705 ant
999 1636 1100 1706 lncani
1122 1638 1231 1706 titire

83 1779 174 1841 agrum
196 1780 310 1835 meum,
330 1769 387 1826 aut
408 1760 537 1844 deposui
559 1762 641 1843 epod
663 1767 696 1827 te
718 1761 837 1828 discum
859 1778 972 1826 meum.
1016 1759 1049 1825 Si
1071 1765 1181 1841 postea

83 1882 146 1946 haec
168 1880 225 1948 tibi
255 1881 387 1948 nondam
415 1887 472 1946 aut
497 1880 579 1948 dono
608 1881 692 1959 dem,
727 1879 833 1946 statim
863 1898 899 1946 ac
925 1879 1096 1946 uendidero
1124 1895 1179 1945 scu

84 2000 222 2066 donauero
256 2001 413 2067 dominum
444 2003 478 2066 te
510 1999 713 2078 constituam,
746 1998 832 2065 nullo
864 1997 1030 2064 traditione
1063 2003 1179 2066 socom.

84 2133 141 2182 com
161 2119 239 2185 enim
262 2119 325 2184 iam
346 2118 465 2203 pridem
488 2137 541 2184 cas
563 2136 614 2184 res
636 2117 822 2184 naturaliter
844 2117 1016 2194 detineres,
1046 2135 1084 2182 eo
1114 2119 1179 2200 ipso

84 2238 154 2314 qood
172 2245 241 2304 toas
257 2255 327 2304 esse
342 2237 453 2321 patiar,
475 2239 580 2304 statim
595 2238 652 2304 tibi
669 2237 838 2304 dominium
858 2235 1031 2321 quaeritur,
1054 2238 1181 2318 perinde
1200 2250 1231 2301 ro

85 2357 162 2420 acsi
192 2357 368 2423 donationis
404 2357 526 2423 oomine
559 2356 738 2439 specialiter
771 2355 882 2422 inisset
908 2333 1036 2424 traditio
1063 2361 1178 2424 secuta

45 2475 127 2537 mit.
155 2475 287 2558 Deposui
309 2478 340 2542 in
363 2477 474 2542 horreo
497 2493 615 2543 merces
641 2475 831 2558 complores:
861 2476 1046 2558 persuasisti
1076 2495 1124 2542 me
1146 2481 1182 2542 ut

86 2611 131 2657 eas
155 2595 206 2661 tibi
234 2597 420 2662 uenderem:
450 2602 613 2664 connecto
640 2593 779 2678 perfecto
807 2597 941 2677 pretium
977 2595 1103 2664 dedisti.
1154 2597 1181 2662 si

85 2711 181 2778 horreo
200 2715 328 2780 adstans
351 2713 455 2781 claues
476 2713 580 2782 horrei
603 2713 661 2781 tibi
683 2712 816 2794 medem,
837 2715 943 2781 statim
958 2715 1106 2782 mercium
1128 2714 1182 2781 do·

46 2831 172 2897 ominus
194 2831 258 2900 fies
307 2833 358 2897 46.
399 2831 499 2916 Saepe
527 2839 638 2916 sponte
666 2833 836 2901 dominium
864 2835 895 2900 in
923 2835 1078 2917 qnondam
1106 2833 1181 2899 mihi
1198 2834 1233 2888 2⁰

86 2945 207 3029 ignotum
228 2952 400 3029 transiero,
426 2953 466 3020 de
493 2970 555 3035 quo
584 2955 797 3038 interrogatus
825 2959 857 3022 et
883 2961 958 3023 oute
983 2955 1180 3021 traditionem

87 3073 194 3151 etpost
213 3071 411 3139 traditionem
434 3089 555 3154 nequeo
576 3091 707 3156 prorsus
736 3074 840 3142 dicere
867 3091 1019 3158 quaenam
1042 3074 1083 3140 eit
1104 3071 1181 3140 haec

87 3203 212 3266 persona
253 3189 311 3259 hoc
333 3191 486 3274 contingit
506 3191 539 3258 in
561 3193 759 3277 praetoribus
786 3198 819 3260 et
846 3192 1024 3260 oonsulibus
1053 3193 1107 3274 qui
1134 3209 1183 3258 so-

88 3300 146 3371 lent
163 3309 191 3373 in
210 3309 458 3392 processionibus
485 3315 517 3378 et
538 3311 723 3394 spectaculis
745 3311 897 3394 quaedam
919 3313 950 3377 in
980 3310 1094 3394 uulgus
1121 3310 1183 3378 iuc-
