2876 4712
525 361 673 426 -282
720 395 759 412 —

87 556 143 629 lue,
159 548 320 616 dimidiam
336 550 460 631 quidem
476 555 596 632 partam
612 555 752 628 metram,
767 549 897 615 alteram
914 563 988 613 uero
1003 551 1100 612 totam
1116 544 1204 612 dimi·

88 669 165 732 iium
178 677 298 752 partem
311 688 434 736 sorores
449 669 610 750 accipiant.
635 676 670 733 ut
684 688 772 736 ecce:
789 673 930 735 mortuns
945 674 995 735 est
1010 667 1090 748 quis,
1102 671 1200 732 matra

85 795 218 868 extante,
241 789 420 857 extantibus
443 797 475 854 at
497 787 528 852 11
550 789 601 854 uel
623 787 669 854 111
698 787 872 866 sororibus,
901 787 1060 854 semissem
1081 793 1199 862 ,mutem

85 909 240 975 semissem
263 917 367 977 autem
390 927 497 974 omnes
517 908 671 991 accipient
691 925 824 972 sorores.
866 906 893 971 si
922 925 997 972 uero
1022 903 1120 972 irater
1147 903 1200 972 de·

85 1029 188 1094 iuncto
210 1030 252 1094 sit
274 1029 325 1094 nel
347 1030 441 1095 etiem
464 1045 562 1102 soror,
585 1043 641 1093 sen
663 1027 777 1093 boues
803 1023 954 1093 simulac
983 1041 1123 1098 sorores,
1152 1041 1201 1090 co·
1233 1024 1250 1076 ⁶

85 1149 236 1230 guntionis
258 1165 313 1214 sen
329 1148 524 1230 signationis
540 1147 608 1212 iura
624 1143 878 1228 praeseferentes
901 1144 932 1210 iu
956 1143 1060 1226 cupita
1082 1141 1200 1209 diuida-

86 1275 134 1334 tur
153 1267 324 1334 hereditas.
369 1269 475 1349 itaque
498 1267 595 1333 fratre
618 1284 678 1333 nnn
701 1273 843 1345 extante,
874 1272 976 1330 mater
1001 1265 1125 1329 omnino
1155 1262 1200 1327 di·

84 1386 211 1452 milium
240 1386 388 1468 accipiet,
416 1404 540 1453 sorores
571 1405 646 1452 uero
676 1391 830 1469 quotquot
859 1384 992 1464 deniqne
1018 1382 1082 1450 sint
1109 1381 1199 1450 unius

84 1515 201 1587 partem
224 1506 391 1588 accipient:
414 1505 511 1572 tratre
533 1515 637 1572 nutem
661 1503 840 1586 superstite,
862 1481 924 1570 unu
940 1502 1072 1584 amplius
1094 1500 1200 1584 plures

50 1636 71 1686 o.
86 1643 206 1690 sorores
222 1624 315 1690 unius
330 1626 515 1706 optinebunt
532 1624 642 1692 locum.
666 1624 695 1688 6.
719 1621 984 1704 Quemadmodum
1007 1629 1114 1687 antem
1136 1637 1199 1686 ma·
1219 1625 1251 1676 1⁰

84 1749 136 1809 tris
150 1763 262 1810 curam
278 1747 376 1826 gessit
391 1745 605 1811 senoussimus
620 1743 791 1826 imperator
806 1747 921 1820 noster,
938 1743 982 1806 ita
996 1741 1087 1805 iussit
1101 1746 1133 1806 et
1155 1741 1200 1823 ip-

85 1882 146 1928 sam
159 1883 237 1930 snae
248 1864 348 1931 suboli
361 1866 532 1930 consulere.
556 1861 708 1948 praecipit
719 1863 800 1930 euim
815 1861 976 1938 matribus,
987 1857 1199 1942 impuberibus

84 1980 150 2048 liliis
173 1985 353 2049 extantibus
376 1991 407 2049 et
430 1989 535 2050 tutore
560 1983 754 2060 carentibus,
785 1999 855 2047 cnm
885 1980 934 2045 nel
961 1983 1047 2046 tutor
1076 1979 1199 2044 omuino

85 2104 122 2166 ab
135 2102 225 2167 initio
241 2121 300 2168 uon
319 2101 467 2178 extiterit,
490 2101 541 2168 uel
555 2101 656 2167 iactus
671 2108 837 2168 excusetur
851 2099 902 2166 uel
917 2105 953 2165 nt
967 2103 1130 2182 suspectus
1152 2115 1199 2162 re·

85 2228 256 2301 moueatur,
277 2227 413 2288 tutorem
436 2231 543 2304 petere
565 2239 666 2304 neque
689 2239 743 2288 eus
758 2220 825 2285 sine
841 2238 917 2286 cura
931 2218 1114 2299 relinquere
1137 2222 1197 2282 sta·
1218 2226 1249 2280 lt

85 2340 144 2405 tuit
163 2348 270 2408 autem
293 2341 441 2425 temporis
462 2342 597 2424 spolium
619 2341 705 2407 iutru
726 2340 808 2420 qnod
836 2337 909 2404 filiis
930 2343 1066 2404 tutorem
1092 2341 1198 2419 petere

85 2461 219 2542 possint,
249 2461 307 2527 hoc
336 2470 384 2526 est
413 2476 539 2526 aunum.
591 2460 618 2526 si
647 2477 723 2526 uero
752 2457 942 2542 neglexerint
972 2461 1088 2522 matres
1116 2455 1199 2519 iutro

85 2600 195 2646 aunum
218 2586 355 2647 tutorem
378 2581 502 2664 pupillis
525 2587 649 2660 petere,
671 2579 703 2644 bi
732 2583 835 2645 autem
857 2575 1036 2660 impuberes
1058 2573 1198 2639 decesse-

85 2703 154 2779 rint,
177 2701 214 2765 iis
237 2707 354 2766 matres
377 2700 502 2765 minime
523 2697 699 2766 succedent
744 2696 914 2764 absurdum
936 2699 986 2761 est
1013 2693 1095 2759 enim
1116 2708 1198 2776 quae

50 2834 69 2888 1.
84 2818 177 2885 lilium
187 2822 253 2886 siue
264 2819 380 2886 auxilio
389 2817 561 2902 reliquerit,
572 2837 639 2884 eam
652 2817 791 2884 eiusdem
801 2815 863 2882 irui
873 2813 1078 2884 successione.
1093 2811 1122 2876 i.
1138 2807 1200 2878 1111-
1216 2819 1251 2874 aa

85 2950 173 3006 catur
192 2951 294 3008 autem
319 2948 419 3007 mater
440 2959 466 3006 s.
482 2959 508 3006 c.
524 2939 715 3005 Tertulliano
736 2940 776 3002 ad
798 2935 931 3004 liliorum
954 2936 1034 3002 bona
1054 2931 1149 3000 etium
1170 2929 1199 2998 si

85 3059 178 3143 uulgo
199 3061 375 3145 quaesitum
398 3060 577 3127 defunctum
600 3059 744 3125 babuerit
765 3055 873 3124 lilium.
