2864 4736
541 375 779 436 -458-

109 557 208 612 autem
243 549 288 612 sio
324 549 532 612 eonstituitur:
570 549 683 612 mando
719 549 856 629 auidam,
890 556 923 612 ut
956 567 1013 631 pro
1045 567 1094 612 me
1130 547 1214 612 litem

108 673 268 756 suseipiat;
294 693 394 753 neque
418 673 621 737 sollemnibus
645 673 749 737 uerbis
774 695 852 757 opus
876 679 937 737 est:
967 674 1214 754 quibusdumque

107 797 185 860 onim
221 805 455 879 procuratorem
488 798 607 880 eligere
639 819 774 880 possum.
822 817 921 880 neque
954 797 1086 861 interest
1113 804 1214 859 utrum

106 923 187 984 absit
210 921 411 986 aduersarius
435 943 522 986 meus
547 944 587 986 an
611 943 760 1006 praesens
785 923 839 1004 sit;
868 923 1053 1005 plerumque
1078 921 1158 984 enim
1185 927 1214 984 el

105 1047 266 1128 ignorante
284 1065 321 1111 eo
345 1054 577 1130 proouratorem
602 1048 765 1111 constituo.
799 1047 877 1110 etin
894 1046 1213 1125 summaouioumque
1252 1057 1266 1107 5

105 1171 283 1252 permiseris
306 1171 346 1236 de
369 1192 402 1235 re
428 1178 480 1235 tua
513 1192 608 1254 agere
632 1192 742 1236 eamne
767 1172 948 1250 defendere,
981 1171 1007 1234 is
1031 1176 1215 1253 procurator

73 1306 94 1354 a.
105 1295 302 1378 intellegitur.
349 1299 377 1361 2.
401 1298 535 1361 'inlares
564 1301 595 1360 et
622 1302 782 1360 curatores
810 1295 1073 1376 quemadmodum
1102 1294 1213 1358 eonsti-

104 1425 229 1482 tuantur
251 1420 353 1502 prima
375 1420 568 1484 institutione
593 1420 802 1502 exposuimus,
841 1425 977 1484 aeterum
997 1419 1213 1484 admonendus

103 1567 136 1608 es
160 1551 405 1625 procuratorem,
430 1545 457 1608 si
474 1553 562 1608 aotor
578 1549 634 1620 est,
657 1545 703 1607 ita
720 1544 880 1608 intendere
904 1545 1021 1607 solere:
1040 1544 1080 1606 ‘si
1105 1550 1214 1626 paret

103 1668 367 1732 aduersarium
414 1669 530 1748 Titio,
576 1669 680 1732 euius
724 1675 948 1752 procurator
990 1689 1080 1749 sum,
1123 1668 1212 1731 dare
1233 1678 1266 1728 10

102 1801 296 1876 oportere,
325 1813 403 1857 eum
432 1793 519 1856 mihi
546 1792 661 1857 iudex
691 1793 920 1856 eondemna':
952 1801 983 1856 et
1011 1792 1212 1856 intentionem

101 1917 227 1998 quidem
257 1937 276 1980 a
304 1916 428 1981 domino
456 1916 562 1998 sumit,
597 1917 886 1981 nondemnatiouem
919 1922 1022 1980 autern
1055 1917 1088 1978 in
1115 1922 1214 1980 semet

100 2042 204 2124 ipsum
228 2042 389 2107 conuertit.
436 2043 484 2106 sin
511 2047 615 2105 autem
645 2043 713 2123 quis
741 2042 957 2125 procuratorio
984 2043 1110 2104 nomine
1141 2060 1212 2105 eon-

100 2166 237 2246 uenitur,
278 2167 331 2245 qui
366 2167 433 2249 agit
464 2167 523 2230 hoe
560 2166 653 2230 modo
690 2166 850 2230 intendere
885 2165 993 2229 debet:
1030 2165 1071 2229 ‘si
1105 2173 1212 2247 paret

99 2291 225 2354 Seium
254 2311 388 2355 aureos
411 2293 441 2354 X
466 2292 555 2356 dare
591 2299 781 2373 oportere:
817 2292 974 2354 Primum
1010 2291 1091 2353 eius
1128 2300 1265 2372 pro-15

98 2424 311 2480 auratorem
337 2417 561 2480 condemua’.

363 3107 411 3169 De
435 3106 702 3171 satisdationibus.
749 3106 872 3171 Titulus
899 3110 947 3172 11.

184 3265 276 3328 Nune
292 3265 331 3330 de
348 3265 603 3331 satisdatiouibus
619 3266 785 3330 dioendum
801 3273 862 3347 est,
880 3285 962 3347 quae
979 3266 1030 3328 uel
1047 3267 1087 3330 ab
1104 3272 1208 3332 aeluro

58 3390 146 3455 nuel
178 3411 199 3452 a
225 3409 279 3454 reo
308 3390 379 3454 liris.
398 3391 516 3472 gratia,
545 3391 584 3454 de
608 3411 671 3470 qua
699 3391 815 3472 agitur,
844 3395 1051 3472 praestantur.
1098 3393 1124 3454 1.
1148 3390 1208 3452 Ad·

89 3513 268 3578 moneudus
292 3535 327 3579 es
351 3522 453 3579 autem
478 3521 550 3578 ante
575 3515 679 3579 omnia
695 3513 790 3578 alium
806 3513 931 3578 modum
948 3512 1102 3576 eiusmodi
1119 3512 1208 3576 satis-
