2864 4736
524 333 763 396 —456-

93 529 161 572 nam
178 508 205 572 si
220 507 368 590 genitalis
384 507 425 572 sit
439 506 558 572 feritas.
582 507 664 571 aetio
681 527 720 570 ex
735 507 794 570 Xll
810 508 926 571 tabulis
950 513 1061 572 cessat
1095 507 1202 587 itaque

93 634 117 696 si
133 652 223 696 ursus
239 632 320 714 fugit
338 638 370 696 et
389 632 546 713 quendam
562 632 662 712 laesit,
686 652 749 696 non
764 639 868 715 potest
885 632 1042 714 quondam
1059 632 1202 697 dominus

92 757 196 822 noxali
212 757 336 821 aotione
353 757 527 838 oonneniri;
551 757 622 822 ideo
646 765 750 821 autern
775 757 975 838 ’quondam
1000 757 1202 822 dominum«
1252 785 1255 794 ·

91 881 167 962 dixi,
197 881 272 962 quia
293 882 363 946 fera
386 881 525 946 euadens
552 881 585 944 in
612 882 787 946 naturalem
815 881 993 946 libertatem
1021 901 1055 946 se
1084 883 1203 964 reoepit

90 1014 120 1070 et
148 1007 243 1071 desiit
270 1007 302 1070 in
335 1006 473 1080 dominio
506 1006 690 1088 cuiusquam
723 1026 800 1071 esse.
848 1009 929 1089 ‘pau
937 1007 1072 1090 periea'
1097 1013 1202 1071 autem
1240 1017 1255 1068 5

90 1131 201 1196 dieitur
225 1132 371 1196 damnum
387 1132 455 1196 siue
472 1131 586 1196 iniuria
602 1132 716 1214 datum,
740 1131 825 1214 quod
848 1131 880 1195 in
903 1131 1091 1196 animalibus
1108 1152 1201 1196 sensu

89 1257 266 1322 carentibus
291 1257 457 1338 contingit:
482 1275 583 1336 neque
608 1257 689 1321 enim
714 1263 817 1340 potest
840 1256 970 1336 animal,
1000 1257 1084 1337 quod
1108 1277 1201 1321 sensu

89 1389 189 1461 earet,
220 1381 366 1445 damnum
395 1380 548 1445 aduersus
572 1381 736 1462 quemdam
771 1381 883 1444 moliri.
929 1382 1007 1444 haee
1042 1381 1127 1462 quod
1160 1381 1202 1444 ad

58 1506 233 1570 1.noxalem
258 1505 413 1570 actionem
435 1505 577 1589 pertinet
613 1511 639 1571 1.
656 1506 735 1568 Nam
752 1505 912 1570 selendum
936 1511 984 1569 est
1008 1504 1128 1569 aediles
1144 1526 1201 1570 suo

88 1630 191 1694 edicto
216 1629 382 1713 prohibere
407 1649 583 1711 quenquam
608 1649 717 1694 canem
741 1635 796 1694 aut
811 1649 933 1694 uerrem
957 1636 1011 1694 aut
1026 1651 1132 1693 ursum
1149 1635 1203 1693 aut
1222 1644 1256 1694 10

88 1756 202 1819 bouem
225 1754 270 1817 ibi
292 1753 419 1833 habere,
443 1773 505 1833 qua
529 1754 624 1836 uulgo
648 1753 707 1818 iter
729 1754 771 1817 fit.
810 1754 883 1819 etsi
900 1754 1053 1818 aduersus
1077 1755 1201 1834 eequis

87 1878 212 1958 feeerit,
247 1885 277 1942 et
308 1878 407 1942 libero
436 1878 551 1942 homini
580 1878 652 1942 inde
680 1879 814 1943 noeiturn
844 1879 897 1961 sit,
932 1879 1075 1944 dominus
1102 1879 1200 1960 ferae,

88 2023 170 2084 quae
194 2003 310 2082 nocuit,
335 2003 414 2066 tanti
434 2003 703 2082 condemnabitur,
728 2009 878 2084 quantum
896 2005 1011 2068 bonum
1032 2011 1063 2068 et
1086 2023 1200 2084 aquum

87 2127 186 2192 iudiei
202 2127 367 2192 uidebitur.
412 2127 439 2190 si
455 2127 520 2190 alia
536 2127 696 2207 quaelibet
711 2147 761 2192 res
777 2127 866 2192 laesa
891 2136 947 2209 est,
971 2129 1069 2192 ueluti
1092 2148 1201 2194 seruus
1269 2109 1273 2125 ⁸

87 2273 179 2317 meus
202 2253 253 2316 uel
279 2271 367 2317 meus
389 2272 488 2332 equus
508 2253 560 2316 uel
584 2252 668 2316 aliud
693 2252 855 2333 quodlibet
876 2253 1005 2327 animal,
1030 2252 1117 2318 ouius
1133 2273 1202 2316 sum
1222 2265 1254 2315 15

88 2379 248 2457 dominus,
278 2377 405 2462 duplum
434 2377 540 2441 damni
568 2377 633 2440 dati
664 2377 808 2442 dominus
836 2378 1019 2460 praestabit.
1064 2387 1098 2442 ut
1128 2397 1202 2442 eece

85 2503 204 2566 damno
217 2503 246 2564 X
258 2521 424 2566 aureorum
440 2501 582 2566 adfectus
599 2522 682 2584 sum;
706 2503 766 2565 XX
784 2521 966 2584 eonsequar.
1001 2523 1059 2567 nee
1083 2511 1202 2567 tantum

86 2625 257 2690 aedilioiae
285 2626 441 2706 actiones,
470 2633 519 2691 set
541 2626 636 2691 etiam
660 2627 790 2691 noxales
814 2627 847 2690 in
874 2627 1051 2693 huiusmodi
1077 2628 1202 2692 nasibus

84 2752 192 2816 looum
221 2751 345 2815 habent.
401 2750 591 2834 generaliter
618 2750 700 2815 enim
733 2750 948 2816 admonendus
982 2771 1017 2816 es
1044 2772 1203 2832 nunquam

84 2877 241 2959 poenales
265 2877 405 2942 annones
434 2875 473 2939 de
497 2875 607 2940 eadem
636 2895 670 2940 re
698 2882 919 2940 concurrentes
946 2875 1042 2940 aliam
1070 2877 1110 2939 ab
1139 2875 1203 2939 alia
1222 2887 1257 2938 20

84 3001 240 3068 consumi.

215 3604 264 3667 De
287 3603 336 3666 his
360 3621 417 3686 per
441 3622 520 3682 quos
545 3622 642 3684 agere
664 3620 841 3685 possumus.
886 3600 1009 3666 Titulus
1035 3603 1083 3668 10.

180 3761 258 3827 (lum
281 3762 321 3827 de
345 3762 521 3826 actionibus
545 3761 726 3842 dixerimus,
750 3780 832 3842 quae
853 3767 962 3826 eontra
985 3779 1043 3825 nos
1067 3766 1207 3826 donuae·

86 3901 179 3952 tuum
204 3894 258 3950 aut
281 3885 465 3950 deliotorum
490 3905 596 3951 eorum
620 3885 762 3966 nomine,
786 3885 840 3965 qui
864 3885 896 3949 in
918 3892 1027 3949 nostra
1049 3891 1207 3968 potestate

142 4195 237 4246 sinopa.
252 4197 364 4236 nudosa.
379 4206 420 4236 reo.
435 4193 522 4235 Farrin'u
1011 4189 1045 4242 58
