2932 4704
688 247 919 308 -112-

245 453 358 506 σαντος
381 433 429 495 καί
451 431 488 495 τὰ
510 431 717 521 δαπανήματα
738 436 794 518 τῆς
816 435 951 517 γραφῆς,
973 432 1018 518 μῆ
1035 430 1221 512 καταβαλῶν
1236 430 1368 514 ἑτοίμως
1451 381 1459 496 δ

244 533 478 620 ἐκβληδῆσομαι
514 535 565 597 διὰ
598 539 655 621 τῆς
681 539 737 599 τοῦ
765 534 858 598 δόλου
892 539 1122 620 παραγραφῆς,
1156 534 1189 596 ἐν
1225 532 1255 619 ᾧ
1286 532 1368 596 bons
1457 540 1458 543 ’

243 635 308 702 fids
316 638 341 718 ¹)
379 637 489 721 νομεὺς
517 634 594 722 ῆνό
622 639 720 699 ταῦτα
750 639 881 721 πράξας.
892 637 918 718 ²)
975 637 1026 700 34.
1061 637 1178 718 Λαβών
1207 655 1252 708 τις
1280 635 1404 716 ἀλλο-ας

242 739 330 823 τρίαν
353 738 465 802 σανίδα
487 738 698 824 ἐζωγράφησε
721 740 769 802 καί
792 739 895 802 εἰκόνα
916 738 1155 803 κατεσκεύασεν.
1184 737 1267 812 τίνος
1288 736 1367 798 ἐστίν

209 843 263 928 πῆ
287 841 385 919 εἰκὼν,
409 840 557 927 ἐζητῆδη.
600 842 652 905 καὶ
673 842 702 903 σί
722 842 780 925 μὲν
802 841 926 922 λέγουσι
951 843 1002 903 τὸν
1026 841 1196 924 ζωγράφον
1225 838 1367 918 γίνεσδαι

242 943 398 1029 δεσπότην
421 948 478 1031 τῆς
499 943 625 1020 σανίδος
645 946 695 1008 καί
722 944 776 1029 τῆν
802 942 911 1005 σανίδα
941 941 1028 1004 εἴκειν
1050 944 1089 1026 τῆ
1110 943 1234 1026 γραφῆ,
1265 939 1368 1023 ἕτεροι

242 1045 279 1108 δὲ
305 1047 359 1108 τὸν
385 1049 441 1131 τῆς
469 1044 592 1119 σανίδος
621 1045 808 1131 δεσπότηνθ)
839 1049 896 1129 τῆς
925 1048 1053 1128 γραφῆς
1087 1041 1228 1122 γίνεσδαι
1262 1041 1367 1124 κύριόν

244 1170 347 1232 φασιν,
371 1146 579 1233 όπαιαδῆποτε
602 1147 648 1233 εἴη
670 1148 821 1232 4)γραφῆ.
867 1145 944 1209 όδὲ
970 1146 1123 1230 ῆμέτερος
1143 1143 1291 1225 βασιλεὺς
1315 1146 1368 1228 τῆν

243 1248 429 1333 προτέρονῦ)
450 1249 567 1330 μᾶλλον
589 1247 719 1320 ἐδέξατο
742 1247 940 1333 γνώμηνκαὶ
966 1248 1017 1309 τδν
1034 1246 1289 1331 ζωγραφήσαντα
1311 1250 1366 1332 τῆς

194 1362 226 1414 10
243 1352 360 1425 εἰκόνος
382 1352 520 1432 γίνεσδαι
539 1350 725 1433 βούλεταιθ)
753 1351 915 1437 δεσπότην.
960 1350 1187 1430 καταγέλαστον
1217 1350 1278 1431 γὰρ
1301 1348 1367 1410 ἐνό

240 1477 328 1538 μισεν
351 1452 429 1517 εἰναι
451 1454 505 1539 τῆν
534 1452 704 1534 Ἀπέλλσυί)
733 1451 956 1538 ζωγραφίανῆ
988 1452 1205 1537 Παρρασίοαί)
1235 1453 1369 1516 ὑπείκειν

243 1558 279 1641 τῆ
309 1554 511 1642 εδτελεστιίτη
543 1553 648 1618 σανίδι.
704 1553 780 1617 ὅθεν
809 1556 836 1617 εἰ
865 1557 882 1616 ό
911 1560 968 1642 τῆς
994 1555 1120 1630 σανίδος
1151 1555 1305 1639 δεσπότης
1335 1554 1366 1615 ἐν

242 1661 356 1745 κατοχῆ
378 1657 486 1740 γέγονε
509 1662 565 1743 τῆς
586 1658 712 1737 εἰκόνας,
737 1660 754 1720 ό
777 1658 814 1721 δὲ
837 1661 1053 1744 ζωγραφήσας
1075 1657 1152 1746 έλιίη
1183 1663 1274 1722 κινῶν
1296 1657 1366 1719 κατ’

242 1762 337 1823 αὐτοῦ
360 1763 413 1848 τῆν
434 1761 467 1824 in
489 1780 556 1825 rem
575 1763 620 1846 μῆ
648 1761 835 1843 καταβαλὼν
865 1763 900 1824 τὸ
929 1765 985 1846 τῆς
1008 1761 1134 1837 σανίδος
1160 1762 1284 1846 τίμημα,
1317 1759 1367 1820 διὰ

194 1887 224 1938 15
243 1866 298 1948 τῆς
312 1866 367 1925 τοῦ
389 1862 484 1927 δόλου
507 1868 719 1949 παραγραφῆς
742 1862 975 1949 ἐκβληδῆσεται.
1005 1863 1032 1925 εἰ
1053 1863 1090 1926 δὲ
1111 1865 1129 1925 ό
1153 1863 1366 1947 ζωγραφῆσας

244 1967 367 2047 νέμεται
389 1968 443 2052 την
465 1967 578 2044 εἰκόνα,
600 1966 671 2028 τότε
694 1967 711 2026 ό
734 1971 789 2053 τῆς
816 1966 941 2039 σανίδος
968 1965 1121 2052 δεσπότης
1143 1965 1287 2029 directan
1309 1964 1366 2046 μὲν

240 2067 273 2130 in
295 2087 364 2133 rem
386 2065 499 2156 ἕγεινί)
529 2066 565 2130 οἰι
593 2067 734 2146 δύναται,
763 2066 894 2139 ἐξέπεσε
923 2067 984 2148 γὰρ
1014 2071 1070 2152 τῆς
1100 2067 1282 2141 δεσποτείας
1311 2069 1367 2151 τῆς

241 2173 367 2255 γραφῆς
389 2168 589 2257 ἐπιτεδείσης,
612 2169 731 2232 δίδοται
753 2169 789 2231 δὲ
812 2167 899 2254 αὐτῷ
922 2166 1014 2233 utilia
1023 2169 1060 2250 ¹⁰)
1084 2168 1223 2246 iurem,
1255 2167 1304 2230 ἵνα
1327 2190 1364 2229 κι-

244 2276 304 2334 νῶν
333 2270 416 2334 οότω
447 2271 537 2358 λέγγγ
571 2273 714 2334 ὡσανεὶ
743 2271 965 2358 ὑπῆρχονῑῑ)
997 2269 1208 2356 δεσπότης.
1265 2271 1302 2355 τῆ
1329 2267 1364 2329 δὲ

191 2394 226 2443 πο
243 2374 390 2460 εἰρημένη
418 2371 555 2458 util1412)
584 2372 617 2436 in
646 2392 713 2437 rem
742 2374 915 2460 γρώμενος,
945 2372 973 2434 εἰ
991 2373 1036 2457 μῆ
1059 2374 1205 2459 παράσχῃ
1235 2373 1272 2433 τὰ
1296 2374 1365 2454 περὶ

242 2479 297 2562 τῆν
321 2477 503 2560 ζωγραφίαν
525 2477 677 2559 γενόμενα
699 2476 906 2562 δαπανῆματα
930 2477 977 2556 τῷ
998 2472 1083 2540 bona
1104 2473 1169 2539 fide
1197 2474 1364 2560 ζωγραφῆ·

244 2601 341 2656 σαντι,
364 2578 528 2650 ἐξωδεῑται
550 2578 601 2640 διὰ
624 2582 677 2663 τῆς
698 2579 752 2640 τοῦ
775 2577 911 2658 δόλοαίί)
936 2581 1159 2662 παραγραφῆς.
1197 2579 1363 2640 καὶταῦτα

241 2681 300 2764 μὲν
322 2682 554 2763 τετρακτιίϊσται
575 2681 648 2744 ὅσον
677 2680 725 2742 ἐπὶ
751 2687 789 2765 τῆ
816 2678 987 2764 δεσποτεία
1017 2683 1071 2764 τῆς
1099 2679 1232 2753 εἰκόνος·
1267 2679 1363 2742 ἐκεῖνο

243 2783 303 2867 γὰρ
326 2788 388 2846 τῶν
412 2783 660 2868 ὡμολογημένων
684 2783 779 2858 ἐστιν,
804 2783 848 2844 ὅτι
872 2780 938 2844 εἴτε
966 2784 983 2841 ό
1012 2782 1227 2866 ζωγραφῆσας
1257 2779 1363 2863 ἔκλεψε

191 2908 225 2959 25
243 2886 298 2970 τῆν
320 2885 439 2964 σανίδα,
463 2884 523 2948 εἴτε
546 2885 653 2970 ἕτερός
674 2905 728 2963 τις,
750 2883 871 2946 δίδοται
902 2886 947 2970 τῷ
969 2883 1106 2969 δεσπότη
1135 2884 1154 2967 ῆ
1185 2882 1260 2947 furti
1286 2882 1362 2945 κατὰ

243 2989 296 3049 τοῦ
330 2986 469 3050 κλέπτου.
524 2989 575 3051 35.
603 2984 646 3048 ‘Y
642 2985 816 3061 ποπτεόσας
848 2984 926 3048 εἰνιιί
958 3009 994 3049 σε
1021 2985 1175 3068 δεσπότην
1205 2985 1412 3066 ἀλλότριονεε,

146 3164 148 3170 Ι
241 3087 384 3173 ἠγόρασα
406 3088 492 3171 παρὰ
514 3090 569 3150 σοῦ
592 3087 689 3170 ἀγρὸν
712 3087 731 3172 ῆ
753 3086 830 3149 κατὰ
860 3084 986 3169 δωρεὰν
1016 3083 1130 3166 ἔλαβον
1159 3083 1177 3169 ῆ
1208 3085 1245 3157 ἐξ
1271 3085 1360 3169 ἄλλης

242 3190 338 3264 αἰτίας
359 3190 498 3271 εὐλόγου,
523 3187 607 3254 bona
635 3188 699 3253 fide
727 3189 853 3272 μέντοι,
882 3187 947 3252 οἷον
976 3188 1037 3250 ἀπὸ
1068 3185 1358 3268 permutationosu)

311 3430 333 3494 1)
350 3427 389 3480 its
406 3427 444 3479 M.
464 3433 515 3480 σοι.
538 3440 599 3479 -se
617 3424 688 3480 fidei.
725 3425 796 3495 καλῇ
813 3425 903 3477 πίστει
922 3424 969 3477 [δ.
1085 3423 1109 3490 1)
1128 3424 1190 3478 dedi
1209 3440 1243 3478 ex
1260 3425 1297 3478 Μ.
1312 3423 1357 3474 Ll.

241 3515 305 3568 L².:
323 3522 375 3568 cst.
393 3514 513 3583 γράφας-
704 3513 727 3578 ³)
744 3512 788 3564 καί
805 3512 847 3566 sd.
867 3513 909 3567 vi.
928 3512 959 3567 F.
978 3512 1025 3578 R.;
1046 3511 1141 3580 κόριον
1158 3529 1207 3578 γιν.
1225 3529 1253 3577 φ.
1272 3509 1309 3563 vi.
1326 3507 1357 3560 R.

240 3597 562 3668 4)ῆν,δᾶ.1ι1.Ιι9.Ὲ’.
703 3600 726 3664 ⁵)
744 3615 836 3666 -ρων
857 3597 888 3650 G.
997 3599 1019 3665 6)
1037 3597 1116 3662 βαύλ.
1133 3598 1185 3664 γέν.
1204 3597 1252 3650 [1⁶.
1272 3595 1310 3647 vi.
1325 3593 1356 3646 R.

242 3685 264 3750 1)
282 3684 427 3750 ζώγραφος
445 3684 476 3735 δὲ
495 3680 574 3742 οὗτος
591 3685 649 3734 τῶν
667 3683 739 3750 παρ’
757 3680 864 3752 έλλησιν
884 3681 1115 3749 δριστεασάντων
1139 3679 1200 3734 αδδ.
1225 3680 1295 3743 libri,
1317 3676 1355 3730 sd.

242 3785 311 3837 omn.
330 3777 372 3824 set
390 3770 522 3837 glossema
540 3769 655 3835 sapiunt.
758 3768 780 3834 8)
799 3767 963 3836 ηὐδοκίμησε
984 3766 1014 3818 δὲ
1026 3765 1108 3825 οὗτος
1119 3766 1196 3834 παρὰ
1210 3762 1356 3828 ζΡωμαιόιςε

241 3856 306 3908 item
324 3855 456 3921 glossema
475 3853 604 3908 redolent.
709 3854 733 3918 9)
751 3852 789 3924 ἔγ.
808 3852 825 3906 i.
843 3868 864 3905 r.
885 3867 955 3905 omn.
975 3858 1083 3920 praeter
1101 3851 1139 3903 M.
1261 3851 1292 3916 ¹⁰)
1308 3847 1355 3900 uti·

241 3941 274 3995 lis
292 3941 323 3996 R.
429 3944 465 4006 11)
483 3956 564 4009 -χεν
582 3938 624 3992 ed.
641 3943 696 3992 ant.
715 3937 747 3990 F.
851 3936 886 4004 11)
904 3935 964 3989 utili
983 3935 1016 3989 R.
1036 3935 1124 3988 -lian
1142 3934 1180 3988 M.
1250 3934 1282 3999 11)
1298 3931 1355 3984 δόΙα

241 4029 279 4081 Μ.
384 4029 420 4094 11)
437 4027 532 4094 scripsi
550 4040 583 4078 ex
602 4024 638 4077 M.
658 4024 706 4077 hl.
726 4023 775 4076 L2.
