2864 4736
529 403 768 465 —443-

96 575 151 655 qui
174 575 236 640 sibi
262 575 400 640 debitam
423 577 589 659 pecuniam
612 577 766 658 integram
793 576 933 659 reoipere
956 597 1019 640 non
1042 577 1207 659 potuerint,

91 701 248 780 reliquam
275 721 426 764 summam
453 709 578 784 petere:
608 700 866 765 condemnabitur
893 707 996 765 autem
1021 701 1067 764 eis
1089 720 1153 764 uon
1175 700 1208 764 in

90 825 236 906 solidum,
261 833 309 890 set
329 826 361 890 in
377 826 410 890 id
426 826 510 908 quod
525 827 634 890 faeere
648 833 758 909 potest.
792 825 991 890 inhumanum
1009 826 1090 890 enim
1107 827 1207 889 uisum

90 955 143 1014 est
166 952 334 1034 spoliatum
357 951 488 1015 fortunis
513 952 577 1015 suis
601 951 788 1016 insolidum
813 951 1022 1016 condemnari.

107 1637 112 1646 Ι
183 1659 275 1736 Quod
300 1681 368 1725 oum
392 1681 430 1724 eo
455 1660 563 1741 quiin
587 1661 692 1725 aliena
715 1665 870 1744 potestate
895 1669 942 1723 est
966 1658 1124 1740 negotium

361 1793 483 1868 gestum
508 1806 578 1850 esse
602 1786 722 1850 dieitur.
768 1785 890 1850 Titulus
917 1788 943 1850 7.

186 1946 336 2028 Superius
360 1946 493 2010 aetionis
517 1947 554 2009 de
578 1945 702 2029 peeulio
727 1945 914 2009 mentionem
937 1944 1117 2024 habuimus,
1148 1965 1211 2024 qua
1247 1959 1262 2007 5

95 2070 129 2132 in
153 2071 308 2152 peonlium
338 2090 498 2134 seruorum
527 2071 578 2134 uel
602 2071 735 2134 liliorum
762 2069 899 2134 familias
928 2069 1032 2151 agitur
1059 2069 1210 2132 aduersus

95 2201 220 2278 patrem
245 2195 450 2259 dominumue.
497 2214 576 2277 opus
600 2202 648 2258 est
670 2195 778 2276 igitur,
806 2201 840 2258 ut
864 2194 902 2256 de
927 2209 971 2256 ea·
993 2193 1209 2276 dispiciamus:

95 2320 129 2382 in
153 2319 212 2382 hoe
236 2320 318 2383 enim
342 2327 466 2402 tempus
491 2319 558 2382 eius
581 2326 746 2383 tractatum
771 2319 954 2383 distulimus.
990 2325 1037 2382 set
1061 2339 1139 2400 opus
1163 2325 1211 2382 est

96 2463 222 2524 quoque
261 2445 300 2508 de
343 2445 454 2508 esteris
493 2445 682 2524 notionibuS‚
722 2465 802 2524 quae
842 2443 1009 2508 eorundem
1049 2463 1209 2506 seruorum

95 2569 272 2633 filiorumue
288 2569 426 2633 familias
442 2570 566 2633 nomine
583 2569 722 2633 exerceri
738 2569 847 2648 solent,
869 2567 1048 2650 diligentius
1064 2574 1210 2631 mantare.
1231 2581 1264 2631 10

94 2701 146 2758 set
170 2694 252 2774 qnia,
277 2695 343 2757 siue
368 2715 437 2757 eum
461 2715 552 2758 seruo
575 2695 734 2776 negotium
758 2701 880 2775 gestum
904 2693 953 2772 sit,
978 2693 1045 2756 siue
1062 2713 1131 2755 eum
1147 2692 1210 2755 lilio
1242 2775 1245 2782 Ι

92 2817 250 2898 familias,
279 2819 391 2882 eadem
415 2817 480 2882 fere
505 2819 573 2881 iura
597 2825 776 2891 seruantur,
801 2837 840 2881 ne
864 2816 980 2898 loquax
1005 2822 1036 2880 et
1058 2817 1210 2880 uerbosus

95 2963 170 3007 osse
199 2943 308 3007 uidear
336 2943 464 3007 infinitis
493 2943 756 3026 disputationibus
778 2949 883 3020 utone,
913 2961 1085 3006 sermonem
1110 2941 1149 3005 de
1172 2940 1210 3004 iis

97 3074 220 3132 tantum
253 3069 387 3150 negotiis
420 3069 558 3148 habebo,
588 3089 668 3150 quae
699 3087 768 3130 oum
797 3067 896 3131 seruis
924 3075 1086 3148 geruntur,
1118 3073 1149 3130 et
1172 3066 1211 3129 de

94 3193 280 3272 intentione,
305 3213 385 3274 quae
410 3194 562 3258 aduersus
586 3193 744 3257 dominum
768 3192 949 3275 ooneipitur.
995 3192 1106 3255 eadem
1130 3191 1211 3254 enim
1232 3199 1263 3252 15

94 3319 135 3382 de
160 3318 225 3382 lilio
250 3339 373 3398 quoque
397 3319 615 3400 intellegemus
639 3325 670 3383 et
694 3318 733 3381 de
756 3324 855 3400 patre,
885 3317 937 3398 qui
961 3337 1030 3380 enm
1054 3316 1085 3378 in
1108 3321 1211 3398 potes-

95 3451 164 3507 tate
196 3443 306 3524 habea
340 3443 366 3506 si
395 3443 470 3522 qnid
505 3449 609 3506 autem
642 3442 673 3505 in
706 3441 754 3505 his
788 3441 913 3524 proprie
949 3441 1143 3518 obseruator,
1179 3438 1211 3500 id

47 3581 72 3632 1.
97 3567 273 3650 separatim
298 3566 506 3632 ostendemus.
548 3571 573 3632 1.
594 3567 651 3630 Est
666 3565 761 3646 igitur
778 3585 845 3628 eum
863 3563 988 3628 domino
1005 3563 1087 3626 aetio
1104 3562 1211 3642 ‘quod

94 3692 212 3755 iussu'
238 3712 345 3756 eorum
370 3692 567 3773 negotiorum
585 3690 696 3772 gratia,
721 3709 801 3772 quae
825 3709 893 3752 oum
911 3689 1010 3752 seruis
1026 3695 1116 3770 gesta
1132 3692 1211 3750 sunt.
