2884 4728
524 393 764 457 -392-

47 579 82 628 16.
92 587 151 632 non
174 567 327 632 soluendo
350 568 429 632 fullo
454 575 509 632 aut
531 569 707 632 sarcinator
730 567 778 632 sit.
828 571 875 633 16.
900 567 1027 650 Omnia,
1056 587 1138 648 quae
1162 569 1202 633 de

91 692 206 756 fullone
231 699 262 756 et
286 693 479 757 sarcinatore
504 693 648 774 diximus
674 692 785 757 eadem
801 693 1021 757 transferenda
1044 693 1202 757 existima-

90 818 163 880 bant
186 824 311 882 neteres
334 817 376 882 ad
400 837 479 899 cnm,
503 816 553 881 cui
576 836 627 881 res
651 816 851 881 commodata
874 824 966 882 esset.
1012 838 1085 882 nam
1109 819 1137 881 si
1152 819 1202 881 cui

89 942 200 1004 librum
222 963 325 1006 meum
346 942 427 1006 forte
444 942 692 1006 commodassem
716 942 806 1022 isque
821 943 989 1026 subreptus
1012 947 1106 1022 esset,
1132 963 1202 1006 cum

89 1065 160 1128 mihi
184 1067 374 1130 commodati
391 1067 475 1131 aetio
493 1066 644 1130 aduersus
669 1087 749 1146 enm,
775 1067 917 1147 quirem
940 1067 1089 1130 utendam
1113 1087 1201 1131 acce·
1238 1085 1254 1136 5

87 1190 194 1271 pisset,
219 1197 420 1274 competeret,
444 1211 501 1276 per
524 1210 618 1271 quam
635 1190 854 1256 commodatae
869 1192 916 1255 roi
932 1191 1109 1257 aestimatio
1126 1191 1200 1255 milui

86 1319 272 1398 seruaretur,
295 1335 359 1379 non
382 1316 458 1379 mihi
481 1316 617 1397 domino,
640 1322 689 1379 set
713 1316 752 1396 ei,
777 1317 830 1396 qni
854 1336 920 1380 rem
943 1316 1092 1380 utendam
1112 1336 1201 1381 acoe-

86 1438 193 1520 pisset,
217 1439 291 1502 furti
314 1439 398 1503 actio
422 1440 565 1504 dabatur.
587 1460 660 1503 nam
685 1440 752 1522 ipse
770 1461 810 1504 ex
825 1441 907 1505 furto
924 1440 1072 1505 damnum
1088 1441 1201 1505 sentie-

85 1565 150 1642 bat,
185 1565 239 1644 qui
265 1585 300 1628 re
329 1571 457 1628 seruata
485 1564 545 1627 frui
574 1570 695 1647 posset:
724 1585 826 1647 neque
849 1565 882 1628 in
905 1585 944 1629 eo
972 1567 1039 1630 eius
1067 1585 1199 1630 commo·

86 1688 154 1750 dum
173 1689 378 1769 consistebat,
404 1688 488 1768 quod
503 1689 654 1771 pecunias
671 1695 807 1773 caperet,
833 1695 881 1754 set
897 1690 980 1770 quod
996 1691 1199 1755 intentionem
1221 1707 1254 1758 10

86 1832 174 1875 suam
200 1813 328 1895 explere
352 1819 466 1896 posset.
502 1813 582 1878 hano
606 1819 710 1878 autem
734 1815 884 1897 explebat
906 1815 938 1878 in
961 1835 996 1878 re
1019 1815 1145 1895 utenda,
1169 1821 1200 1880 et

84 1937 153 2000 ideo
181 1937 377 2020 diligentiam
402 1937 435 2001 in
456 1958 491 2002 re
516 1938 722 2002 custodienda
745 1946 909 2021 praestare
933 1938 1083 2021 debebat,
1108 1939 1200 2004 sicuti

83 2068 113 2125 et
138 2061 229 2143 fullo,
259 2063 515 2142 quimercedem
543 2063 752 2144 consequitur.
799 2063 826 2126 si
852 2083 929 2126 uero
957 2082 1020 2126 non
1048 2063 1199 2127 soluendo

83 2194 166 2250 esset
191 2188 218 2250 is
243 2187 296 2267 qui
318 2207 384 2250 rem
408 2187 556 2251 utendam
580 2188 780 2270 suscepisset,
805 2187 858 2250 uel
880 2187 1064 2251 insolidum
1087 2189 1139 2251 uel
1159 2207 1199 2250 ex

83 2319 182 2394 parte,
212 2312 254 2375 ad
277 2331 326 2376 me
351 2311 510 2375 dominum
533 2313 608 2375 furti
631 2312 714 2376 aetio
737 2312 993 2376 transferebatur.
1044 2317 1092 2376 set
1120 2312 1198 2376 haec
1220 2325 1251 2376 15

82 2437 209 2518 cuidem
246 2438 286 2502 ad
320 2439 523 2502 sarcinatoris
559 2445 653 2518 atque
687 2437 814 2501 fullonis
850 2436 1084 2500 similitudinem
1115 2436 1197 2519 apud

80 2570 206 2626 ueteres
231 2564 423 2645 optinebant.
464 2562 644 2626 constitutio
660 2568 766 2625 antem
784 2561 934 2645 principis
957 2562 1057 2625 nostri
1073 2561 1197 2645 prodiit,

81 2707 150 2750 eum
175 2687 330 2750 eiusmodi
355 2686 496 2766 quaestio
521 2685 550 2750 ei
574 2693 659 2750 esset
681 2686 792 2768 relata,
816 2707 879 2766 qua
902 2693 1026 2749 cautum
1043 2693 1099 2765 est,
1122 2693 1156 2749 ut
1172 2685 1199 2750 si

81 2811 116 2890 is,
142 2811 197 2891 qui
221 2832 287 2874 rem
311 2811 460 2874 utendam
484 2811 650 2894 acceperit,
675 2811 790 2875 furtum
813 2831 927 2893 passus
951 2811 1000 2891 sit,
1025 2811 1057 2874 in
1081 2809 1200 2875 domini

80 2935 218 2999 amissae
241 2935 288 2998 rei
310 2934 475 2998 uoluntate
498 2935 547 3015 sit,
572 2935 639 2999 siue
661 2935 849 2999 commodati
873 2935 1029 2999 actionem
1045 2935 1197 2999 aduersus
1217 2947 1251 2998 20

80 3077 163 3138 cum,
196 3058 337 3138 quirem
362 3058 592 3122 commodatam
616 3059 752 3141 accepit,
781 3078 908 3122 monere
933 3058 1105 3138 desiderat,
1130 3059 1197 3122 siue

79 3185 154 3247 furti
178 3183 332 3247 aduersus
356 3203 436 3266 eum,
460 3183 513 3264 qni
537 3184 700 3266 subripuit,
725 3191 756 3248 et
780 3184 931 3247 alterutra
955 3203 1062 3246 earnm
1086 3182 1196 3264 electa,

81 3328 143 3370 non
168 3309 268 3390 possit
285 3308 427 3371 dominus
444 3328 483 3372 en
496 3308 689 3392 poenitentia
707 3308 748 3371 ad
761 3309 892 3372 alteram
909 3309 1016 3372 uenire
1034 3308 1197 3372 actionem.

81 3439 129 3497 set
153 3433 182 3497 si
205 3433 331 3514 quidem
354 3434 455 3496 furem
480 3434 625 3515 elegerit,
655 3435 708 3498 ille
733 3434 874 3515 quirem
902 3433 1050 3496 utendam
1075 3432 1198 3514 accepit

79 3558 244 3638 liberetur,
274 3559 323 3622 sin
346 3565 451 3622 autem
480 3559 695 3623 commodator
717 3559 824 3623 ueniat
848 3558 1000 3622 aduersus
1029 3577 1113 3638 enm,
1143 3558 1197 3638 qui
1215 3568 1249 3618 25

80 3703 146 3746 rem
181 3683 328 3746 utendam
362 3684 535 3766 acceperit,
569 3684 632 3767 ipsi
659 3683 885 3747 commodatori
912 3682 1091 3747 nullomodo
1122 3682 1196 3746 furti

80 3807 232 3872 aduersus
255 3809 355 3872 furem
379 3817 545 3892 competat.
591 3811 621 3872 ei
645 3817 763 3888 autem,
793 3809 845 3889 qui
872 3829 938 3872 rem
967 3807 1195 3872 commodatam

82 3933 219 4016 accepit,
242 3933 325 3996 hanc
349 3934 501 3998 aduersus
525 3934 624 3996 furem
647 3934 802 3998 actionem
823 3933 1001 3997 constitutio
1022 3932 1085 3996 dat.
1123 3938 1195 3996 tunc

80 4067 185 4121 autem
198 4058 341 4122 dominus
358 4077 397 4122 ex
414 4058 613 4123 commodato
624 4079 723 4139 agens
733 4058 806 4122 furti
817 4058 971 4122 actionem
985 4058 1107 4138 amittit,
1126 4077 1194 4121 eum

135 4259 227 4310 'i'heoplu
243 4261 351 4301 Antecess.
366 4272 408 4301 rec.
423 4261 510 4300 Ferrint.
983 4255 1017 4305 50
