2960 4704
575 361 774 437 ·-a-

120 558 277 644 principali
292 577 369 626 uoce
383 559 590 642 componitur,
606 558 691 640 quod
705 559 879 642 proemium
894 559 1123 643 quodammodo
1138 559 1243 642 legum

121 684 165 746 est
178 678 379 760 eruditionls3
394 685 428 746 et
437 678 571 746 lectione
586 687 729 745 ueterum
744 679 930 762 prudentiae
943 677 1099 759 absoluta,
1116 696 1244 746 necessa

80 819 103 868 4.
121 805 166 866 et
185 800 263 865 iuris
284 800 459 867 studiosum
474 800 614 882 legendis
628 799 905 868 constitutionibus
920 817 1046 882 operam
1061 817 1189 865 nauata
1211 801 1242 862 4.

120 918 258 1002 Suntque
281 919 393 986 deinde
415 921 577 1002 compositi
599 918 671 985 libri
684 919 876 1002 digestorum
892 937 948 985 seu
963 918 1187 1001 pandectarum
1209 917 1243 985 in

120 1057 194 1120 quos
208 1046 353 1106 ueterum
375 1041 426 1105 ius
447 1039 594 1107 collatum
610 1047 668 1120 est,
690 1043 744 1123 qui
765 1041 969 1122 pereundum
984 1039 1243 1123 gloriosissimum
1278 1037 1296 1089 ὅ

119 1159 341 1227 Tribuniauum
357 1165 540 1244 ceterosque
556 1159 643 1227 uiros
657 1159 796 1226 illustres
812 1164 844 1225 et
858 1159 1096 1226 iucundissimus
1110 1155 1245 1226 coniecti

120 1287 199 1346 sunt.
242 1281 357 1347 Postea
378 1299 456 1348 uero
478 1282 509 1347 iu
531 1281 589 1348 hos
616 1287 767 1364 quattuor
791 1281 889 1348 libros
918 1281 1139 1349 serenissimus
1160 1281 1245 1364 prin·

119 1417 190 1480 ceps
215 1406 325 1467 noster
352 1418 459 1468 eorum
487 1402 679 1483 digestorum
709 1401 972 1469 introductionem
1002 1400 1114 1485 partiri
1141 1400 1242 1478 iussit,

78 1549 103 1598 p
118 1525 154 1586 ut
167 1519 230 1585 sint
244 1519 344 1586 totius
363 1520 520 1602 legitimae
536 1521 685 1588 scientiae
707 1523 808 1604 prima
829 1520 994 1588 elementa
1017 1520 1048 1586 5.
1070 1519 1107 1586 In
1129 1519 1244 1602 quibus

118 1639 255 1706 breviter
282 1641 448 1722 exponitur
475 1646 508 1707 et
538 1643 622 1724 quod
650 1649 745 1708 autea
773 1643 937 1725 optincbat
963 1647 996 1708 et
1022 1639 1106 1724 quud
1133 1643 1244 1722 postea
1263 1639 1295 1692 1⁰

119 1759 325 1826 desuetudine
339 1759 551 1827 inumbratum
574 1763 614 1828 ab
635 1760 790 1845 imperiali
805 1763 942 1828 remedio
959 1767 1008 1828 est
1022 1759 1243 1824 illuminatum.

77 1891 102 1942 s.
120 1881 148 1944 6.
169 1880 257 1960 Quae
280 1880 435 1948 clementa
457 1901 495 1948 ex
517 1883 660 1949 omuibus
681 1884 723 1949 ab
744 1883 883 1965 antiquis
905 1881 1090 1964 conscriptis
1113 1878 1243 1945 Institu-

119 1999 169 2079 tis,
195 2003 365 2084 praecipue
387 2021 425 2068 ex
447 2004 678 2069 commentariis
707 2003 778 2068 Gaii
807 2011 871 2068 tem
901 2003 1127 2080 institutorum,
1148 2015 1243 2081 quam

118 2121 184 2188 eius
220 2121 382 2202 codicum,
416 2123 448 2188 iu
484 2125 599 2206 quibus
628 2123 668 2189 de
702 2124 797 2188 rebus
825 2121 955 2188 cottidie
981 2117 1243 2186 usuueuicutibus

115 2247 242 2323 tractat,
267 2246 399 2328 aliisque
420 2244 528 2311 multis
550 2243 781 2313 commentariis
804 2243 956 2326 praedicti
983 2246 1049 2308 tres
1079 2239 1141 2306 uiri
1171 2255 1242 2304 cum
1262 2248 1295 2302 ιο

115 2365 374 2447 composuissent,
392 2353 504 2446 magno
520 2363 653 2448 principi
669 2363 860 2448 optulerunt
885 2363 952 2430 eius
967 2367 1073 2427 autem
1089 2359 1243 2426 serenitas

115 2499 183 2550 cum
215 2483 315 2566 legit,
344 2488 412 2548 tum
437 2501 527 2548 suam
558 2483 833 2566 plenissimamque
867 2481 1088 2547 auctoritatem
1126 2478 1242 2548 eisdem

76 2621 97 2674 ⁷.
114 2602 339 2670 constitutione
372 2603 634 2670 accomodandam
665 2621 735 2668 esse
768 2602 960 2684 recogoouit.
1022 2603 1052 2664 7.
1089 2600 1245 2666 Hortatur

114 2729 220 2788 autem
254 2723 413 2805 praesenti
439 2722 663 2790 constitutione
684 2723 927 2805 benignissimus
958 2721 1107 2802 Princeps
1136 2725 1243 2787 noster

115 2861 177 2922 eos,
200 2843 242 2908 ed
265 2859 345 2924 quos
366 2860 434 2907 eam
457 2842 632 2923 rescripsit,
655 2849 691 2908 ut
717 2861 839 2908 summa
866 2861 925 2924 ope
955 2847 988 2909 et
1013 2841 1108 2908 alacri
1137 2839 1243 2906 studio
1263 2853 1296 2904 ro

115 2968 300 3044 praesentes
321 2964 477 3043 accipiant
497 2962 594 3045 leges,
617 2981 788 3046 earumque
809 2961 943 3028 lectione
965 2967 1065 3028 semet
1091 2961 1177 3042 ipsos
1198 2959 1244 3025 ita

115 3082 257 3147 eruditos
278 3082 456 3160 ostendant,
478 3087 516 3147 ut
542 3101 598 3164 spe
625 3083 795 3148 foueuntur
823 3081 1034 3164 pulcherrima
1062 3099 1148 3160 sese,
1178 3084 1244 3146 toto

115 3199 258 3282 legitimo
281 3220 377 3283 opero
398 3202 547 3284 perlecto,
571 3202 713 3268 diuersas
736 3201 804 3267 eius
826 3203 872 3268 roi
895 3202 1039 3284 publicae
1067 3205 1175 3281 partes
1196 3217 1245 3264 re·

115 3326 236 3388 cturos.
