2960 4704
559 409 778 454 -m-

111 573 248 638 bachii
276 573 443 640 editionem
475 581 507 642 et
539 576 674 642 codicem
703 576 934 644 ambrosianum
962 575 997 656 0,
1020 575 1115 642 dini
1144 576 1232 642 addi·

111 693 173 758 bui.
219 695 313 774 plurn
335 695 549 776 suppeditauit
570 702 724 762 tractatus
747 697 793 762 de
815 697 995 774 Peculiis,
1019 716 1110 781 quem
1134 697 1233 764 edidit

110 810 450 896 Heimbechius1),
474 835 511 880 en
533 833 595 897 quo
618 817 702 882 locos
730 817 882 897 quosdam
904 817 975 884 libri
998 817 1044 883 11¹
1069 817 1233 900 castigaui.

111 933 321 1002 Michaelis
355 937 578 1002 Attalensis
607 933 642 1000 τὸ
670 937 785 1024 ποίημα
814 957 875 1004 non
910 945 975 1004 tam
1007 939 1048 1004 ud
1081 937 1232 1004 hunch-

111 1055 250 1120 niensem
275 1055 450 1134 editionem,
473 1076 565 1140 quum
589 1057 628 1122 ad
652 1057 744 1124 fidem
767 1059 907 1126 codicum
929 1060 1230 1142 manuscriptorum

113 1173 246 1240 imbros
269 1173 295 1256 1,
319 1177 379 1238 lli
402 1175 487 1256 int‘)
509 1177 602 1243 Laur.
625 1175 757 1257 LXXX,
779 1179 799 1241 6
821 1185 852 1244 et
877 1175 920 1254 V,
942 1179 963 1244 4
985 1177 1130 1254 leuduni,
1159 1197 1230 1246 cum

110 1293 171 1358 iam
195 1295 303 1359 studio
326 1313 426 1361 nouae
441 1296 578 1362 eiusdem
593 1297 738 1364 editionis
754 1297 979 1380 comparandae
994 1298 1124 1365 inierim.
1155 1298 1230 1366 iren

112 1415 170 1479 Gai
192 1413 433 1482 Commentariis
456 1419 495 1482 ud
518 1417 667 1501 quosdam
690 1417 775 1482 locos
797 1419 1007 1484 emendandos
1027 1437 1103 1484 usus
1118 1418 1230 1501 sum¹),

112 1545 143 1602 et
164 1538 234 1600 iure
257 1535 398 1616 quidem,
421 1555 490 1602 cnm
516 1545 639 1604 constet
667 1555 813 1618 graecum
837 1537 895 1604 Gai
917 1538 996 1602 κατὰ
1019 1537 1117 1614 πόδας
1138 1539 1230 1604 Paru-

111 1657 215 1737 phresi
239 1673 296 1737 pro
320 1657 521 1722 fundamento
542 1658 648 1724 fuisse
675 1660 869 1725 coniecturus
891 1655 1041 1724 Beitaii
1064 1667 1096 1723 et
1119 1657 1230 1724 Wue-

112 1778 311 1841 stemenni
332 1779 449 1858 passim
473 1777 594 1856 admisi,
617 1795 698 1859 quae
720 1779 861 1860 singulae
883 1778 991 1860 quales
1014 1778 1077 1844 sint
1099 1779 1165 1846 suis
1186 1778 1231 1844 lo-

111 1894 154 1962 cis
175 1914 357 1980 proponam.

195 2016 266 2094 Qua
299 2024 403 2081 entem
432 2015 553 2084 ratione
576 2018 655 2083 hanc
678 2018 846 2084 editionem
870 2020 1132 2101 compescuerim,
1157 2035 1230 2100 per·

112 2135 240 2201 cisium
269 2135 416 2216 explicari
446 2144 557 2218 potest
608 2139 814 2220 antiquiorem
844 2140 1053 2204 recensionem
1082 2138 1114 2204 in
1142 2144 1230 2204 textu

112 2275 176 2321 snm
200 2264 344 2322 secutus:
368 2255 500 2322 medium
528 2263 560 2322 et
586 2256 787 2322 nouissimam
818 2259 848 2322 in
878 2257 961 2324 notis
989 2258 1127 2340 exposui.
1172 2257 1230 2326 Or·

112 2375 328 2457 thugruphium
350 2394 387 2440 ex
410 2375 569 2442 codicibus
597 2376 682 2454 dedi,
713 2378 767 2458 qui
795 2395 864 2443 eam
894 2378 1106 2446 recensionem
1138 2396 1231 2461 quem

111 2493 290 2560 fidelissime
317 2503 604 2576 repraesentarent,
627 2496 646 2560 i.
664 2516 691 2562 e.
736 2495 930 2563 Messaneusi
961 2504 993 2565 et
1020 2498 1231 2566 Laurentiano

114 2617 244 2696 LXXX,
269 2621 297 2680 1.
341 2609 501 2685 'Rubrices
528 2619 640 2685 latinus
670 2619 787 2702 ubique
817 2621 958 2688 serueui:
988 2638 1118 2700 graecas
1151 2621 1232 2686 euim

112 2755 179 2802 sero
213 2746 245 2802 et
285 2738 427 2820 imperite
468 2738 593 2804 additas
630 2757 699 2804 esse
738 2742 800 2804 iam
837 2740 918 2805 uidit
956 2739 1146 2806 Reituius
1180 2737 1233 2823 (11

114 2859 192 2922 1175
207 2858 280 2939 su).
326 2857 364 2922 de
391 2857 640 2940 orthographicis
670 2859 837 2924 canonibus
867 2859 941 2924 alibi
969 2857 1029 2925 ium
1058 2857 1149 2942 pluru
1171 2857 1233 2924 dis·

111 2979 240 3060 scrui⁴):
271 2983 409 3043 ceterum
438 2977 624 3045 mouendum
654 2985 702 3042 om
729 2995 886 3059 uunquam
915 2997 964 3044 me
992 2979 1072 3045 adeo
1106 2977 1231 3060 ingenio

110 3115 178 3163 meo
221 3096 399 3175 indulsisse,
424 3103 457 3160 ut
480 3113 561 3178 quae
583 3095 615 3161 in
637 3095 727 3162 libris
750 3104 854 3163 essent
882 3107 1005 3164 mutere
1031 3099 1228 3165 sustinerem.

112 3216 161 3282 lte
183 3217 301 3282 fectum
324 3223 372 3282 est
394 3224 430 3282 ut
451 3217 604 3297 quaedum
626 3216 725 3284 lutino
747 3219 861 3290 uerba,
891 3234 972 3298 quae
996 3219 1026 3284 in
1049 3217 1137 3284 libris
1160 3237 1232 3285 con·

110 3341 233 3403 stanter
259 3337 345 3402 nulle
371 3337 509 3420 pretiosa
536 3339 658 3403 ratione
683 3337 805 3420 graecis
833 3337 948 3402 litteris
976 3337 1094 3420 scriptu
1116 3345 1230 3418 essent,

110 3475 168 3538 ego
191 3473 317 3538 quoque
339 3457 460 3539 graecis
482 3455 596 3522 litteris
619 3457 837 3538 exprimerem,
861 3457 1006 3538 quamuis
1036 3457 1128 3524 niiter
1150 3465 1231 3526 cete·

109 3593 215 3642 rarum
240 3594 350 3641 uocum
373 3573 521 3658 ἀναλογία
548 3578 760 3658 persuaderet
809 3582 956 3643 accentus
977 3594 1101 3662 quoque
1123 3598 1231 3646 secun·

178 3867 201 3931 l)
217 3861 358 3919 ’Δνὲκδοτα
374 3864 404 3918 lI
421 3867 565 3923 247-260.

181 3951 206 4018 ²)
233 3951 314 4006 Hunc
340 3949 436 4006 librum
458 3952 558 4008 diserte
580 3951 709 4022 descripsi
736 3951 939 4008 Rundicouti
966 3952 1023 4009 lut
1040 3953 1148 4011 Lumb.
1166 3953 1230 4012 xvl

111 4042 258 4192 64-ξὸδί
277 4137 348 4193 quae
365 4123 499 4194 disputm
515 4126 543 4179 iu
560 4123 765 4182 Rundiconti
783 4125 801 4178 i.
819 4140 841 4180 c.
859 4139 885 4194 p.
897 4126 955 4180 ⁶72.
973 4127 1031 4181 dtr.

177 4212 201 4279 ⁴)
217 4209 306 4266 Beud.
333 4211 377 4264 let
395 4209 487 4266 Lomb.
506 4209 523 4266 l.
541 4225 564 4266 c
583 4227 609 4282 p.
627 4213 737 4267 sr-sa.
