2926 4708
534 384 769 448 -192-

100 572 140 632 est
159 573 206 646 ut,
231 568 347 636 herede
370 569 496 654 scripto,
519 587 577 652 per
597 568 872 637 fideicommissum
895 571 1027 638 eundern
1043 572 1217 654 obligemus

99 693 129 751 nt
146 687 240 753 altori
262 687 470 754 hereditatem
493 689 645 755 restituet
667 690 717 756 uei
739 696 837 756 totam
860 692 911 756 uel
933 708 989 772 pro
1012 698 1111 772 parte.
1141 710 1216 774 qno·

99 806 180 872 nodo
203 809 312 874 autem
333 804 606 874 fideicommissum
629 809 662 873 id
685 807 801 875 efficiat
822 827 880 876 suo
902 809 970 875 iooo
992 810 1145 877 tradetur.

181 1413 307 1494 Quibus
328 1413 430 1480 modis
449 1421 641 1482 testamenta
661 1415 869 1482 infirmantur.
914 1414 1039 1480 Titulus
1064 1415 1112 1478 17.

172 1599 327 1666 Nouimus
356 1601 512 1682 quomodo
541 1602 611 1667 iure
643 1599 721 1666 finnt
754 1606 953 1668 testamenta.
1005 1607 1055 1666 set
1081 1601 1109 1666 si
1137 1600 1214 1683 quid

95 1720 253 1785 omittatur
276 1737 384 1784 eorunr
407 1737 489 1803 quae
512 1719 552 1785 ad
580 1720 658 1784 iuris
687 1719 939 1786 obseruationem
969 1720 1145 1804 pertinent,
1168 1719 1214 1784 di·
1247 1748 1265 1798 5

95 1838 170 1904 uitur
201 1841 427 1904 testamentum
455 1857 528 1904 non
561 1839 644 1905 iure
676 1839 793 1906 ciuili
821 1839 971 1907 fautum
999 1839 1053 1905 uel
1083 1839 1213 1906 breuius

94 1959 292 2024 iniustum.
336 1957 419 2025 forte
443 1961 524 2024 enim
547 1958 705 2040 legitimus
728 1959 857 2026 testium
880 1977 1027 2026 numerus
1050 1965 1099 2026 est
1121 1959 1213 2026 omis·

94 2093 153 2156 sus,
175 2077 226 2143 nel
254 2083 375 2160 septem
403 2079 529 2160 qnidam
560 2079 749 2158 adfuerunt,
780 2097 842 2146 nun
869 2096 976 2145 omnes
1004 2085 1110 2145 autem
1140 2095 1213 2160 sup

94 2195 290 2278 seripserunt,
302 2198 354 2264 uei
368 2200 624 2281 snpsoripserunt
638 2217 745 2266 omnes
760 2199 896 2284 quidem,
912 2217 973 2264 non
988 2206 1094 2265 autem
1109 2198 1213 2280 signa·

93 2321 209 2397 neunt,
232 2314 285 2382 uei
307 2316 384 2384 haee
405 2317 532 2399 quidem
553 2317 705 2398 iecerunt,
728 2324 778 2386 set
798 2323 933 2385 testator
952 2317 1077 2384 heredis
1100 2335 1210 2384 nomen
1232 2325 1264 2379 ro

93 2441 213 2520 propria
234 2457 332 2505 manu
353 2458 417 2505 non
439 2439 574 2522 scripsit,
597 2457 699 2520 neque
721 2459 825 2508 coram
844 2439 978 2507 testibus
993 2438 1135 2507 futurum
1150 2437 1211 2506 sibi

92 2573 299 2624 suscessorem
322 2559 517 2641 nuncupauit
539 2558 590 2625 nel
612 2559 728 2625 liberos
750 2577 825 2625 snos
847 2578 917 2627 cunr
939 2559 1085 2633 haberet,
1110 2576 1211 2640 neque

91 2673 216 2742 huedeu
243 2677 384 2744 instituit
404 2697 507 2763 neque
529 2678 700 2746 exheredes
723 2679 806 2744 ieoit
851 2680 882 2745 in
906 2678 991 2746 hisee
1018 2697 1093 2761 ergo
1115 2680 1210 2745 omni-

92 2795 148 2860 bns
167 2795 271 2863 musis
293 2797 408 2863 dieitur
436 2803 659 2864 testamentum
689 2816 762 2864 nou
792 2798 879 2864 iure
908 2797 1026 2864 ciuili
1056 2796 1209 2863 fautum.

91 2911 261 2982 duantum
283 2916 360 2981 nihil
380 2915 533 2982 eiusmodi
549 2917 706 3010 omissum,
720 2921 779 2993 ost,
801 2933 902 2997 neque
924 2916 995 2982 ideo
1017 2933 1147 2998 prorsus
1169 2916 1209 2982 ad
1231 2925 1261 2977 lt

89 3029 178 3099 finem
199 3053 300 3118 usque
322 3035 409 3112 umet
429 3019 667 3110 testamentum,
695 3041 852 3117 ruptum
883 3035 963 3101 enim
992 3035 1209 3102 inritumue

55 3155 75 3204 1-
90 3149 156 3216 tisri
186 3159 299 3235 potest
358 3156 386 3215 1.
419 3153 589 3235 Rumpitur
623 3159 730 3219 autem
758 3153 817 3220 hou
843 3154 946 3219 modo.
995 3159 1131 3220 testatus
1161 3162 1209 3219 est

88 3270 210 3352 qnidam
225 3273 293 3338 sine
307 3271 402 3350 uitio;
425 3290 495 3338 cnm
512 3277 646 3338 testator
661 3272 694 3337 in
709 3271 817 3337 eodem
833 3277 918 3338 statu
933 3278 1083 3351 maneret,
1106 3272 1209 3355 potuit

86 3389 136 3454 ius
168 3391 261 3457 minui
302 3390 492 3457 testamenti.
547 3391 575 3455 si
608 3389 689 3456 enim
724 3395 796 3471 post
827 3390 1007 3456 testamenti
1040 3389 1208 3457 notionem

87 3511 237 3592 quendam
273 3511 488 3595 adoptandum
521 3512 710 3594 susceperit,
750 3511 820 3579 siue
855 3509 1113 3594 patremfamilias
1150 3527 1208 3592 per
1225 3525 1259 3577 no

87 3628 303 3713 imperatorem
325 3632 396 3697 siue
416 3629 651 3696 filiumfamilias
672 3649 731 3712 per
759 3635 939 3711 praetorem
970 3629 1141 3696 secundum
1169 3647 1208 3695 aa

88 3763 165 3827 qnae
195 3748 420 3818 constitutione
452 3756 607 3816 canentur
634 3748 766 3833 piissimi
803 3747 953 3832 principis
983 3749 1098 3826 nostri,
1123 3745 1208 3814 idest

87 3882 156 3932 oum
173 3885 252 3934 anus
273 3869 316 3935 sit
337 3869 392 3952 qui
413 3869 544 3952 adoptet
566 3869 655 3952 (tuno
678 3867 761 3936 enirn
777 3869 904 3952 adoptio
920 3869 983 3934 nim
999 3887 1088 3936 suam
1104 3873 1206 3935 osten·
