2898 4712
532 343 767 412 ..245-

90 531 362 600 eonatueonnrnlto
384 531 455 617 cogi
476 549 548 600 enm
569 532 678 609 adiro,
704 548 874 614 omnesque
902 533 1040 602 telloneo
1067 532 1099 601 in
1125 531 1213 601 lidel-

89 653 334 720 commissarium
362 654 536 721 transferri.
588 653 622 720 id
652 653 751 737 igitur
783 673 822 722 er
849 651 915 721 eolo
944 655 1213 722 senatusconsulto

88 771 271 840 trebelliano
293 773 358 853 fiat,
382 781 414 842 et
435 775 527 841 heres
556 780 684 842 coaetus
712 773 805 841 adeat
835 780 867 840 et
895 774 1101 841 hereditatem
1129 772 1214 841 fidei·

88 891 303 961 commissario
324 895 482 974 restituat,
505 895 558 980 qui
580 895 612 960 id
635 892 802 974 desideret,
825 894 911 960 nullo
933 895 1047 962 damno
1069 893 1119 962 uel
1135 911 1213 960 oom-

54 1011 178 1080 tmodo
204 1014 290 1098 apud
312 1013 459 1082 heredem
486 1020 641 1082 manente.
686 1017 716 1081 8.
751 1015 838 1096 Quae
868 1016 925 1082 tibi
952 1015 1113 1097 proposita
1142 1018 1216 1080 suut
1248 1023 1266 1076 t

91 1133 127 1198 do
153 1150 213 1214 eo,
241 1133 296 1217 qni
325 1153 359 1200 ee
387 1153 459 1202 aare
487 1134 579 1203 hereo
608 1135 774 1202 institutus
802 1135 859 1216 eit,
893 1135 1002 1202 eadem
1035 1135 1216 1218 intellegere

93 1252 185 1320 debea
212 1252 251 1320 da
275 1270 313 1321 eo
327 1273 452 1339 qnoque
478 1256 532 1337 qni
554 1275 592 1324 er
614 1263 714 1340 perte,
735 1253 836 1324 ueluti
858 1273 896 1321 er
918 1255 1058 1332 semisse,
1080 1256 1215 1338 aodptne

92 1379 187 1440 totam
212 1380 334 1457 partem
356 1381 413 1442 aut
434 1376 534 1460 partie
555 1381 676 1460 partem
699 1375 867 1443 restituero
893 1375 936 1442 eit
958 1384 1097 1460 rogatae.
1143 1395 1214 1442 nam

94 1501 123 1560 et
143 1493 207 1562 hoe
228 1513 305 1562 earn
325 1494 434 1563 eadem
456 1495 618 1564 obseruari
641 1495 858 1562 remotissimus
880 1496 1023 1579 princepe
1046 1496 1213 1578 praecepit,

50 1615 170 1696 &quae
191 1612 227 1680 in
250 1615 349 1682 totino
370 1614 553 1683 hereditatio
576 1633 672 1682 causa
694 1614 838 1682 diximus.
876 1616 905 1680 9.
933 1612 965 1681 Si
987 1616 1058 1697 quio
1081 1615 1216 1681 moriere
1237 1631 1268 1684 ιο

93 1756 139 1807 me
159 1735 310 1803 heredem
333 1735 506 1803 instituerit
521 1743 617 1820 utque
635 1736 806 1803 addiderit:
834 1754 949 1817 trogo
971 1742 1024 1818 te,
1048 1736 1216 1802 deducto

93 1876 162 1924 eeu
183 1863 402 1942 praecepto
424 1856 498 1923 hoo
520 1854 645 1924 tundo
668 1855 732 1925 uel
754 1858 834 1926 alia
862 1877 935 1941 qua
962 1876 1005 1924 re
1033 1859 1123 1941 (puto
1149 1855 1215 1922 lun-

95 1977 166 2044 dum
197 1976 407 2058 quadrantem
436 1973 560 2044 efficere
588 1975 801 2060 hereditatio),
828 1976 921 2043 huie
949 1975 1215 2042 hereditatem

95 2097 355 2172 restituerer
378 2095 438 2164 hoo
458 2112 583 2180 quoqne
605 2115 680 2165 naeu
701 2097 788 2164 loeus
810 2096 846 2163 fit
861 2095 1133 2164 senatusconsulto
1155 2101 1217 2160 tre-

97 2217 231 2286 helliauo
253 2217 318 2285 anei
341 2217 471 2285 dixerit:
502 2234 620 2300 »rogo
648 2225 703 2300 te,
729 2217 950 2302 quadrante
976 2215 1216 2284 hereditatis
1235 2237 1267 2290 15

98 2338 277 2420 deducto,
298 2345 433 2406 uetera
448 2338 690 2406 restituere«
708 2345 757 2406 eet
771 2339 803 2404 in
818 2357 855 2404 eo
871 2345 920 2404 eet
935 2336 1118 2415 differentia,
1133 2337 1217 2421 quod

97 2475 164 2526 oum
186 2469 356 2543 praecepta
377 2458 481 2540 aliqua
503 2477 538 2526 re
559 2464 672 2544 quarta
691 2459 776 2542 apud
799 2457 944 2524 heredem
967 2464 1086 2538 manet,
1113 2456 1145 2521 in
1169 2473 1218 2522 so·

98 2577 192 2647 lidum
213 2597 253 2645 er
274 2576 458 2646 trebelliano
480 2579 619 2648 actiones
645 2577 933 2646 fideicommissario
960 2585 1055 2661 etque
1077 2579 1108 2642 in
1131 2575 1218 2642 fidoi·

99 2699 342 2768 oommieonrium
369 2699 500 2779 dantur,
526 2704 559 2766 et
585 2717 636 2766 rea
663 2700 748 2782 apud
770 2699 916 2765 heredem
939 2704 1045 2766 manet
1065 2699 1132 2764 sine
1154 2696 1217 2764 ullo

100 2839 205 2900 onem,
232 2827 382 2904 tanquam
412 2839 450 2888 er
476 2819 580 2904 legato
610 2819 640 2886 ei
666 2819 839 2901 adquisita:
873 2837 943 2885 oum
977 2836 1053 2885 uero
1085 2818 1116 2884 in
1150 2818 1218 2883 iure
1233 2828 1269 2880 no

101 2947 241 3024 quertum
274 2941 372 3008 hebet
402 2941 462 3026 (ait
493 2943 575 3007 enim
608 2945 761 3008 testator:
795 2940 1019 3021 quadrante
1052 2937 1216 3004 deducto

100 3059 363 3130 hereditatem
398 3061 606 3145 restitue),
638 3061 824 3130 scinduntur
851 3058 991 3128 aetionea
1018 3068 1051 3126 et
1078 3077 1134 3140 pro
1164 3059 1217 3123 do·
