2870 4716
522 376 668 440 -330
715 412 749 422 -

75 561 107 627 in
138 562 343 646 stipulatione
370 563 463 630 unius
491 567 614 630 tantum
642 563 839 631 dominorum
868 563 1057 630 mentionem
1080 562 1198 642 lecerit,

76 683 191 748 ueluti:
219 683 444 765 spondesne
467 681 559 750 dare
579 685 707 750 Primo
729 682 884 749 domino
907 684 1009 748 meo?
1031 682 1076 747 illi
1098 683 1199 748 solum

76 801 227 884 adquirit.
251 802 333 869 idem
348 823 424 870 uero
437 805 557 887 optinet
568 805 663 870 etiam
674 805 702 870 si
716 823 778 869 non
793 803 976 868 nominatim
987 803 1084 868 Primi
1099 803 1131 868 in
1146 804 1200 868 sti-

76 923 240 1004 pulatione
251 922 360 990 feeerit
370 924 568 1004 mentionem
581 928 631 990 set
641 923 760 1006 absque
771 941 924 1006 personae
935 923 1092 988 mentione
1103 922 1200 988 Primi

75 1043 167 1108 iussu
188 1041 283 1109 merit
311 1044 494 1126 stipulatus:
522 1063 595 1110 nam
621 1045 667 1110 ita
696 1061 823 1126 quoque
844 1043 949 1110 Primo
979 1041 1233 1109 tantummod05

77 1162 226 1246 adquiret
246 1165 321 1246 quia
335 1163 420 1246 quod
434 1165 567 1231 nominis
583 1164 717 1230 adiectio
739 1163 822 1230 idem
844 1162 920 1229 facit
942 1162 1060 1228 domini
1082 1163 1197 1228 iussus.

78 1283 162 1366 quod
178 1285 205 1349 si
218 1284 337 1366 absque
351 1303 505 1368 personae
515 1285 672 1350 mentione
683 1284 853 1366 stipulatus
865 1281 961 1348 fuerit
974 1301 1087 1348 seruus
1102 1287 1135 1348 et
1149 1301 1200 1349 res

77 1405 105 1468 in
124 1404 363 1488 stipulationem
374 1403 510 1471 deducta
524 1405 615 1470 alteri
631 1425 668 1471 ex
683 1403 817 1471 dominis
833 1402 957 1486 adquiri
968 1422 1030 1469 non
1046 1404 1198 1486 potest¹):

77 1524 158 1607 finge
180 1525 263 1590 enim
291 1543 341 1590 me
366 1529 400 1590 et
420 1524 561 1590 Primum
590 1543 785 1591 communem
807 1543 934 1590 seruum
956 1523 1086 1602 habere,
1114 1522 1198 1592 huno

78 1664 154 1712 uero
178 1664 198 1710 a
219 1645 302 1710 litio
323 1645 370 1712 ita
392 1646 578 1729 stipulatum
599 1664 683 1712 esse:
717 1645 944 1728 spondesne
967 1643 1074 1710 Titie
1094 1645 1199 1710 huno
1219 1645 1251 1697 ¹⁰

77 1763 234 1830 iundum
262 1763 394 1831 darei:
424 1764 479 1846 qui
507 1762 623 1834 inndus
653 1764 728 1830 mini
756 1765 925 1848 pertineat:
957 1763 1042 1846 quod
1069 1763 1111 1829 ad
1137 1782 1197 1844 me,

78 1885 240 1968 stipulatio
271 1884 390 1952 inutilis
420 1889 484 1962 est,
513 1903 583 1950 oum
613 1904 653 1950 ne
682 1885 750 1967 ipse
777 1882 904 1966 quidem
933 1883 1038 1949 aalide
1066 1881 1199 1965 stipuler

78 2024 141 2071 rem
164 2003 240 2070 mihi
264 2003 332 2070 dari
359 2021 442 2087 quae
470 2004 533 2070 iam
559 2022 630 2070 mea
651 2004 708 2083 sit;
737 2003 832 2070 dare
859 2003 942 2069 enim
969 2003 1197 2087 susscipitur,

78 2129 113 2189 ut
140 2143 191 2192 res
220 2123 351 2190 adonius
377 2121 448 2190 fiat:
476 2123 610 2206 amplius
640 2128 747 2189 autem
775 2141 880 2189 meum
909 2123 996 2205 quod
1022 2141 1127 2188 meum
1149 2128 1199 2189 est

78 2243 143 2310 fieri
172 2245 290 2329 nequit.
336 2246 363 2312 si
390 2261 465 2324 ergo
492 2241 578 2325 quod
605 2242 645 2308 ad
672 2259 775 2308 meam
803 2261 969 2324 personam
999 2243 1120 2309 inutilis
1149 2247 1199 2310 est
1218 2253 1249 2306 15

79 2365 237 2449 stipulatio
259 2367 426 2449 quaeritur
447 2371 656 2450 unquentum
678 2365 719 2432 ad
741 2364 773 2431 id
788 2366 925 2450 pertinet
939 2366 1024 2448 quod
1046 2367 1122 2432 mihi
1144 2366 1198 2434 ad·
1265 2455 1268 2461 Ι

78 2485 159 2567 quiri
181 2485 318 2566 deberet
341 2485 461 2552 inutilis
483 2486 646 2569 stipulatio
662 2504 792 2569 prorsus
807 2485 920 2554 ellectu
942 2491 1056 2568 careat,
1081 2507 1121 2554 an
1143 2506 1197 2570 po-

79 2605 142 2672 tius
164 2607 238 2672 mihi
259 2608 387 2690 quidem
408 2611 485 2676 nihil
508 2612 711 2694 adquiratur,
735 2611 819 2678 sosio
842 2615 948 2676 autem
969 2629 1039 2676 meo
1061 2611 1197 2678 solidum

79 2723 190 2790 detur?
216 2727 301 2809 quod
331 2734 364 2795 et
393 2730 512 2812 plaeuit
540 2735 669 2814 propter
690 2731 831 2814 regulam
853 2750 935 2813 quae
957 2732 1015 2797 ait:
1043 2730 1196 2815 quidquid

80 2846 133 2910 uni
156 2845 349 2914 dominorum
377 2849 500 2933 adquiri
528 2871 589 2918 non
618 2857 723 2936 potest
744 2851 777 2918 id
799 2852 890 2918 alteri
913 2851 1050 2938 adquiri,
1073 2853 1128 2935 qui
1149 2852 1195 2920 ni-
1212 2850 1247 2902 ²⁰

79 2965 192 3031 mirum
213 2966 377 3050 adquirere
399 2970 508 3054 possit.

149 3205 170 3274 1)
187 3205 223 3264 sia
239 3206 296 3268 rare
314 3209 410 3283 supple
430 3209 524 3272 »uua
542 3211 656 3268 solidum
674 3211 851 3282 adquiritur«.
