3092 4702
599 332 810 398 ..65-

148 513 194 584 lu·
210 517 374 598 inquirens
395 537 437 586 eu
459 517 600 602 locuples
622 517 666 585 sit
687 536 728 585 on
750 519 861 603 pupilli
886 537 938 586 res
959 517 1180 586 administrare
1201 535 1272 601 uos·

155 635 202 715 sit,
226 653 297 702 oum
319 637 350 703 ei
373 637 414 703 od
435 636 648 720 plenissimum
670 637 886 720 probationem
909 637 1047 732 detrusti
1068 636 1204 705 sufficiet
1225 639 1272 705 iu·

148 754 269 822 licium.

254 1361 318 1441 Qui
340 1362 409 1428 dori
431 1367 552 1428 tutores
574 1368 764 1430 testamento
785 1368 927 1444 possunt
970 1363 1095 1430 Titulus
1119 1363 1169 1426 14.

236 1549 321 1615 Cum
345 1549 515 1614 dixerimus
537 1547 591 1628 qui
614 1554 735 1615 tutores
756 1547 936 1632 relinquere
957 1550 1088 1633 possint,
1113 1549 1277 1616 uideamus

154 1669 207 1748 qui
231 1667 369 1750 relinqui
391 1668 522 1750 possint.
567 1669 642 1734 dure
671 1674 778 1734 nutem
806 1685 976 1751 possumus
1003 1687 1065 1736 uon
1093 1668 1195 1734 solum
1223 1685 1278 1750 pu·
1311 1676 1329 1729 o

117 1784 137 1835 ¹·
157 1787 376 1868 messentius,
398 1794 448 1853 set
469 1787 562 1852 etiam
589 1784 815 1852 filiusfamilias.
861 1791 890 1850 1.
925 1786 982 1852 Set
1008 1794 1041 1852 et
1068 1804 1194 1852 seruum
1223 1805 1278 1853 no·

154 1912 255 1970 strum
279 1905 310 1971 in
335 1911 526 1971 testamento
548 1923 617 1972 oum
639 1903 786 1972 libertate
808 1912 894 1973 reete
921 1911 1057 1973 tutorem
1086 1907 1207 1972 dumus.
1252 1907 1280 1971 oi

157 2043 231 2090 nero
254 2042 383 2090 seruum
407 2024 532 2108 quidem
561 2028 696 2090 tutorem
725 2024 792 2090 sulio
821 2042 891 2090 meo
921 2025 1077 2105 densum,
1101 2025 1278 2092 libertutem

155 2149 259 2210 eutem
288 2143 320 2208 ei
346 2161 407 2208 non
434 2143 669 2224 adscripserim,
697 2150 746 2211 set
772 2144 841 2210 sine
867 2143 1013 2211 libertate
1040 2161 1111 2210 eum
1141 2148 1280 2210 tutorem

155 2261 347 2345 reliquerim,
368 2262 488 2343 pluomt
517 2261 627 2327 louore
648 2260 837 2344 pupillorum
867 2263 1018 2329 uirentem
1047 2262 1078 2328 ei
1105 2266 1281 2344 competere
1301 2276 1334 2329 ru

157 2377 338 2468 fibertatem
361 2386 394 2445 et
414 2399 472 2462 per
492 2380 552 2448 hoe
573 2387 659 2447 reete
681 2387 817 2447 tutorem
839 2399 909 2447 esse
931 2381 1048 2448 dutum.
1081 2380 1153 2447 ideo
1175 2387 1282 2448 numm

162 2500 378 2566 »directum
400 2499 654 2566 libertatem«
679 2500 708 2565 ei
730 2505 907 2582 competere
929 2500 992 2566 dixi
1014 2506 1051 2566 ut
1072 2500 1164 2566 simul
1185 2505 1283 2582 etque

157 2605 313 2684 morietur
336 2624 485 2696 testator,
508 2619 575 2685 sine
597 2617 661 2684 ullo
683 2618 905 2702 impedimento
934 2637 1047 2686 seruus
1072 2619 1152 2686 liber
1180 2617 1283 2686 luctus

156 2739 289 2806 tutelam
312 2739 473 2822 suscipiat
516 2756 589 2805 nuru
616 2739 643 2805 si
669 2737 958 2807 fitomumissmis
985 2745 1085 2812 esset,
1114 2736 1282 2804 manumis-

161 2857 249 2923 sione
272 2875 292 2923 n
313 2856 433 2940 pupillo
454 2857 538 2926 laetu
557 2875 638 2940 opus
659 2863 753 2924 esset.
783 2857 866 2937 Quid
888 2863 993 2924 eutem
1014 2855 1047 2922 id
1068 2858 1119 2931 sit
1141 2855 1283 2940 apertius
1302 2860 1334 2913 15

159 2975 326 3044 dioen'dum
349 2983 407 3042 est
451 2975 529 3042 hoec
550 2981 624 3044 onte
645 2977 751 3043 omniu
771 2977 889 3044 hebeno
909 2983 1084 3060 perspectu
1116 2973 1283 3042 inueniun-

162 3101 217 3161 tur
238 3097 271 3160 in
294 3095 494 3162 testamentis
514 3095 613 3162 uerbo
634 3094 777 3178 diuersa3
800 3097 875 3161 sunt
896 3095 978 3161 euim
998 3095 1154 3178 quaedum
1168 3091 1283 3174 quibus

161 3213 310 3282 heredem
332 3213 543 3293 instituimus,
572 3215 634 3280 olio
655 3214 769 3296 quibus
789 3215 949 3297 legemus,
978 3213 1040 3279 ulie
1064 3212 1179 3296 quibus
1201 3217 1281 3278 tuto·

160 3351 229 3398 rem
253 3335 382 3413 demus,
409 3334 474 3399 olio
494 3333 608 3414 quibus
629 3333 807 3401 libertatem
829 3333 1051 3417 relinquimus,
1078 3332 1143 3402 ulie
1170 3330 1284 3413 quibus

155 3450 403 3524 ,fideieommisss
435 3458 492 3520 out
519 3452 838 3520 fideicommissorum
864 3449 1042 3517 libertatem
1071 3451 1284 3532 relinquimus
1301 3463 1337 3518 uo

157 3568 356 3637 instituimus
371 3575 476 3637 eutem
492 3570 637 3636 heredem
652 3568 701 3636 his
717 3569 840 3636 uerbis:
864 3566 974 3636 illum
997 3567 1181 3636 heredem
1198 3584 1284 3634 esse
