2926 4708
682 371 716 382 -
764 335 913 399 204-

239 544 296 586 ται.
341 521 367 584 ελ
388 521 432 607 μὴ
456 522 503 584 ὅτι
524 523 542 584 ό
563 518 705 603 ρταύίωι·
732 523 749 584 ό
777 522 832 606 τὴν
860 519 1078 587 absfinationa
1104 521 1268 603 ἐπινοήσας
1294 520 1347 584 ἀπὸ

238 621 301 686 τῶν
322 622 493 688 δανειστῶν
515 627 671 707 περιποιεῖ
689 622 775 710 αὐτῷ
798 623 833 688 τό
855 624 1067 713 ἀνενύγλητον.
1112 624 1159 687 καί
1185 621 1220 686 ἐν
1240 623 1348 698 τούτοις

236 725 294 804 μὲν
317 727 349 788 αί
371 725 529 811 διαφοραί,
552 724 587 788 ὲν
608 725 717 810 ἐκείνῳ
739 726 775 790 δὲ
798 727 852 813 ηῑ)
875 726 1034 806 κοινωνία,
1063 727 1108 790 ότι
1130 723 1193 790 εἴτε
1213 727 1231 788 ό
1253 745 1349 791 news·

238 825 342 893 sarios
363 827 477 916 ἐμμίξη
507 829 619 892 ἑαυτὸν
642 827 704 892 εἴτε
726 829 744 891 ύ
767 828 914 906 ἐξωτικδς
934 827 1130 916 εδὶίείιεηί),
1158 827 1195 891 ού
1216 826 1350 891 δύνανται

204 929 317 1014 υμετὰ
338 933 436 993 ταῦτα
458 931 630 1015 ἀποστῆναι
653 933 706 1015 τῆς
729 931 949 1016 κληρονομίας,
978 931 1004 996 εί
1031 932 1076 1018 μὴ
1106 929 1170 1017 ἇρα
1199 927 1351 1005 ἔλαττσνες

238 1032 296 1097 ὦσι
318 1037 381 1097 τῶν
404 1031 528 1114 εἴκοσι’)
551 1031 643 1096 πέντε
665 1031 823 1096 ἐνιαυτῶν.
870 1037 933 1108 τοῖς
955 1033 1015 1120 γάο
1042 1033 1150 1116 ἄγουσι
1173 1033 1283 1120 ταύτην
1304 1033 1351 1119 τὴν

237 1135 362 1221 ἠλικίαν,
385 1134 491 1220 ίύςπερ
514 1133 548 1196 ἐν
570 1135 634 1208 τοῖς
655 1133 770 1209 λοιποῖς
798 1135 893 1199 ἅπασι
916 1136 1124 1221 πράγμαστνί)
1148 1133 1350 1223 ἀπατηύεῖσυ,

237 1237 319 1302 ούτω
341 1236 509 1310 κανταῦύο,
531 1235 565 1299 ἐν
589 1235 618 1321 ᾧ
640 1235 805 1321 προπετῶς
826 1236 986 1323 ἐπιζήμιον
1008 1231 1272 1319 κατσδὲξωνταιέ)
1291 1237 1352 1322 κλη·
1451 1243 1452 1324 ᾗ

234 1341 395 1424 ρυνομίαν,
418 1341 435 1401 ό
458 1338 599 1421 ρταύίωτ
622 1338 784 1428 συντρέχει
807 1338 914 1416 διδούς
936 1340 1040 1418 αὐτοῖς
1068 1342 1122 1428 τὴν
1150 1340 1349 1403 ἀποκατάστσι
1451 1325 1452 1376 ί

188 1446 220 1498 10
238 1467 292 1522 σιν,
316 1445 396 1520 ῶςτε
418 1447 473 1530 τῆς
501 1441 707 1528 κληρονομίας
736 1443 915 1529 ἀποστῆναι.
961 1445 990 1508 6.
1024 1445 1052 1511 ⁸)
1067 1443 1100 1507 Τί
1121 1442 1157 1506 δὲ
1180 1444 1227 1505 ότι
1247 1440 1351 1526 μείζων
1366 1456 1384 1505 6.

238 1569 283 1622 τις
305 1547 349 1608 ῶν
373 1550 434 1609 τῶν
456 1532 491 1609 κε
514 1545 663 1609 ἐνιαυτῶν
685 1541 821 1630 εὔπορον
849 1543 926 1608 εἶναι
956 1549 1084 1630 νομίσας
1105 1547 1161 1632 τὴν
1183 1549 1238 1608 τοῦ
1261 1546 1352 1608 τελευ·

239 1651 390 1736 τησαντος
413 1647 590 1731 περιουσίαν
612 1645 766 1731 ὴδίίειιεθ,
788 1646 868 1730 μετὰ
890 1645 926 1710 δὲ
950 1650 1045 1711 ταῦτα
1061 1647 1161 1734 χρέος
1183 1645 1352 1729 ἀπρόοπτον

237 1752 378 1838 ἀνεφάνη
406 1751 486 1833 ὅπερ
508 1751 612 1834 πολλῷ
634 1753 680 1835 τῷ
700 1749 811 1836 μέτρῷ
829 1751 884 1836 τὴν
906 1749 1112 1836 κληρονομίαν
1142 1748 1353 1833 ὑπερέβαινεν;

237 1854 347 1936 γέγονε
366 1853 505 1929 διάταξις
520 1851 696 1935 Αδτίευδί)
718 1855 773 1916 τοῦ
795 1851 955 1936 βασιλέως
975 1853 1142 1939 βοηύυῦσα
1165 1852 1276 1937 τούτῳ,
1298 1849 1353 1932 εἴγε

189 1971 220 2023 15
240 1955 316 2019 κατὰ
339 1957 466 2040 πρώτην
490 1953 558 2039 όφιν
581 1953 716 2040 εὔπορος
738 1957 756 2018 ό
778 1956 924 2041 κλῆροςί)
947 1955 1102 2040 ἐφαίνετο,
1125 1955 1303 2039 ἀπρόοπτον
1323 1952 1354 2014 δὲ

235 2059 316 2143 μετὰ
339 2062 437 2122 ταῦτα
459 2058 560 2147 χρέος
586 2058 744 2144 ἀνεφάνη,
775 2059 854 2143 ὅπερ
884 2059 961 2122 κατὰ
990 2062 1042 2122 τόν
1072 2059 1180 2143 καιρόν
1202 2055 1355 2120 ε’λάνύανε

239 2165 294 2248 τῆς
317 2159 487 2228 υάἰίίουυε.
531 2160 602 2224 ἀλλ’
626 2159 786 2226 Αᾶτίαυόε
807 2160 866 2245 μὲν
888 2160 927 2233 ἐξ
954 2159 1050 2246 ίδικῆς
1080 2160 1251 2244 φιλοτιμίας
1271 2160 1354 2244 ῥητῷ

238 2264 401 2348 προσώπῳ
428 2263 483 2350 τὴν
512 2263 656 2350 τοιαύτην
686 2260 808 2328 δέδωκε
843 2264 1045 2348 συγγνώμην,
1081 2263 1098 2323 ό
1132 2260 1169 2324 δέ
1201 2261 1356 2332 δειότατος

239 2363 421 2431 Gordianbs
449 2365 529 2449 μετὰ
558 2369 655 2428 ταῦτα
685 2363 735 2428 ἐπί
764 2368 963 2449 στρατιωτῶν
997 2363 1103 2447 μόνων
1140 2365 1193 2448 τὴν
1220 2363 1356 2448 τοιαύτην

186 2481 220 2532 20
239 2463 371 2539 ἐξέτεινε
393 2466 573 2550 φιλοτιγάαν.
625 2468 658 2529 τὸ
686 2466 722 2529 δὲ
745 2463 798 2529 τοῦ
828 2464 984 2551 ἡμετέρου
1011 2465 1169 2547 βασιλέως
1196 2463 1357 2539 καλσύελὲς

239 2569 340 2654 κοινὴν
362 2571 426 2644 τοῖς
448 2569 588 2632 τελοῦσιν
611 2567 670 2632 ὑπὸ
694 2571 747 2656 την
770 2567 866 2632 αὺτοῦ
881 2568 1070 2652 βασιλείανῧ)
1087 2565 1269 2655 ἐδωρήσατο
1283 2567 1356 2652 βοη-

239 2671 342 2735 ύειαν·
366 2669 488 2736 τέύεικε
510 2671 571 2754 γὰρ
593 2669 732 2743 διάταξιν
754 2669 902 2757 ἐπίσημύν
930 2672 1035 2734 τεκαὶ
1057 2669 1250 2755 δικαιοτάτην
1276 2668 1357 2748 τοῦδ)

239 2778 334 2840 ποιεῖν
356 2772 558 2839 ἰυυθυίίῑτίυυ
582 2772 643 2855 πρό
665 2771 833 2852 υᾶίίίουοε,
857 2773 1001 2857 φανερὰς
1022 2771 1156 2860 ἔχουσαν
1165 2773 1203 2854 ¹⁰)
1225 2793 1358 2857 παρατη-

235 2877 360 2965 ρηόεις,
384 2876 423 2951 ἃς
445 2875 501 2938 ἐάν
523 2898 569 2952 τις
592 2876 818 2961 παραφυλάξη,
849 2876 876 2939 ελ
898 2876 946 2938 καὶ
969 2875 1081 2959 ἀπόρῳ
1110 2873 1271 2960 προσέλδη
1295 2874 1357 2958 κλη-

187 2997 220 3049 25
237 2977 372 3064 ρονυμίᾳ
394 2977 437 3050 είς
460 2980 605 3041 τοσοῦτον
629 2979 862 3066 κατασχησεται,
887 2979 932 3053 είς
955 2979 1027 3043 ὅσον
1050 2979 1069 3065 ί]
1092 2983 1155 3040 τῶν
1172 2977 1358 3064 πράγματων

239 3085 292 3166 τῆς
315 3079 519 3165 κληρονομίας
542 3082 708 3159 συνάγεται
737 3083 887 3167 ποσότης·
917 3082 997 3155 ῶςτε
1027 3083 1133 3146 λυιπάν
1162 3079 1244 3170 μηδὲ
1271 3080 1359 3156 ἀναγ-

239 3183 324 3246 καίαν
348 3181 500 3268 εἶναιτὴν
523 3181 686 3266 διάσκεψιν.
732 3183 923 3270 ἐπινενόηται
946 3185 1006 3268 γὰρ
1029 3187 1048 3270 ἡ
1071 3184 1232 3268 διάσκεψις
1255 3181 1359 3244 διὰτὸ

238 3285 352 3366 γνῶναι
383 3287 538 3368 πριίτερον
569 3285 597 3348 ελ
626 3285 750 3368 αίρετός
781 3285 861 3348 ἐστιν
891 3287 908 3348 ἀ
938 3287 1053 3372 κλῆρος
1073 3277 1137 3349 Ικαὶ
1166 3283 1267 3359 ούτως
1294 3277 1359 3345 adi-

242 3387 403 3468 tofieinss),
431 3386 478 3450 ἵνα
500 3387 545 3474 μή
566 3409 612 3462 τις
634 3385 672 3458 ἐξ
692 3387 871 3468 ἀπρούπτου
895 3388 1053 3473 ἐπιβλαβῆ
1068 3382 1273 3474 καταδέξηται
1293 3385 1361 3467 κλη·

187 3505 222 3556 30
237 3489 399 3572 ρυνυμίαν.
423 3489 451 3552 εἰ·
467 3488 502 3551 δέ
519 3509 562 3562 τις
577 3491 820 3576 καταφρονήσας
836 3494 897 3552 τῶν
913 3483 1144 3575 περιεχομένων
1161 3493 1198 3576 τῇ
1213 3489 1285 3572 ἀείᾳ
1299 3483 1359 3547 δια·

307 3679 329 3743 ¹)
347 3674 389 3730 ad.
409 3691 468 3730 cum
488 3673 529 3729 vi.
547 3676 579 3730 R.
657 3677 680 3743 ἐ)
698 3675 750 3730 Μ.;
769 3693 847 3727 -σει
864 3675 906 3728 Vi.
925 3675 970 3729 R:
990 3675 1084 3727 -εύει
1102 3675 1150 3729 hl.
1172 3675 1202 3728 F.
1279 3673 1300 3736 ³)
1317 3669 1360 3720 καί
1451 3691 1452 3748 η

238 3761 281 3816 ad.
300 3760 341 3815 Vi.
361 3759 392 3815 R.
450 3765 473 3827 ⁴)
486 3760 575 3816 (ΗΝ.
636 3765 658 3829 ⁵)
677 3761 726 3829 τὴν
746 3761 793 3815 Ll.
815 3761 845 3814 F.
894 3763 917 3826 6)
934 3761 974 3814 ita
992 3761 1031 3814 Μ.
1086 3761 1181 3827 7)Μ.ι
1201 3761 1217 3812 δ
1234 3756 1360 3826 κληρονό-
1451 3779 1452 3784 ’

236 3864 288 3908 μσς
306 3846 352 3898 L1.
373 3845 447 3898 L¹⁸.:
467 3845 483 3912 ἡ
503 3846 667 3914 κληρονομία
684 3845 726 3898 Vi.
747 3845 778 3898 F.
796 3845 829 3898 R.
917 3845 940 3911 ⁸)
959 3846 1095 3897 πολιτείαν
1116 3843 1156 3897 vi.
1175 3843 1208 3897 R.
1288 3842 1308 3909 ⁹)
1328 3841 1359 3893 τὸ

238 3932 286 3984 Ῑοῑ.
307 3931 367 3984 11¹⁸.
387 3931 434 3985 L⁶.
454 3931 495 3985 ed.
514 3939 568 3984 ant.
587 3931 617 3985 F.
663 3933 699 3996 10)
717 3931 766 3990 τὰς
783 3929 825 3984 ad.
847 3929 887 3983 vi.
907 3929 940 3983 R.
1012 3933 1046 3996 Η)
1067 3931 1163 3998 -είιεη
1185 3929 1232 3980 Ll.
1254 3927 1359 3978 -εύσει
1451 3921 1452 3940 ³

239 4017 312 4070 b¹⁸.:
331 4019 398 4068 -εῦ
418 4035 446 4067 αι
464 4015 506 4070 Vi.
526 4015 558 4069 R.
1451 4003 1452 4028 ³

307 4127 335 4180 a)
355 4118 392 4172 ef.
412 4118 508 4173 Proch.
527 4122 569 4182 30,
588 4122 629 4186 63,
647 4121 688 4172 60.
