3092 4702
625 363 837 426 -.12-

177 555 224 616 tes
245 557 339 616 uocat
360 569 462 633 neque
484 555 642 632 cognatos.
692 551 836 631 cognatio
863 549 944 617 euim
974 567 1054 631 quae
1081 557 1195 617 natura
1222 568 1294 617 cou-

176 670 268 752 tingit
289 689 347 753 pro
369 669 466 736 nihilo
488 669 521 735 in
545 670 711 752 adoptione
739 670 882 736 habetur.
927 667 1005 736 (lum
1033 671 1111 736 haec
1138 669 1195 737 tibi
1224 687 1294 752 per·

177 797 281 872 specta
303 791 376 867 sint,
400 790 473 855 uide
494 789 570 870 qnid
592 790 665 856 indc
687 796 847 872 sequatur.
897 791 1115 872 proposuimus
1143 791 1175 856 in
1205 807 1293 871 supe·

175 910 310 976 rioribus
342 927 403 975 uon
437 927 560 990 semper
593 910 692 975 ciuem
725 927 887 974 romanum
921 929 1067 976 romanae
1095 911 1293 976 coniunctum

172 1031 273 1097 iustas
295 1032 422 1114 nuptias
444 1029 647 1109 contrahere
669 1037 744 1096 sunt
765 1031 846 1096 enim
868 1025 1022 1113 quaedam
1051 1028 1238 1112 prohibitae.
1262 1038 1294 1096 et
1327 1033 1344 1085 ὅ

173 1153 424 1233 interponentes
447 1150 573 1234 quidem
595 1157 628 1216 et
657 1149 773 1215 liberos
795 1151 826 1214 in
856 1149 1012 1216 inlinitum
1039 1147 1168 1232 nuptiae
1190 1148 1291 1232 prohi-

173 1271 296 1336 bentur.
344 1289 405 1334 non
427 1275 531 1350 potest
556 1267 639 1334 euim
662 1268 733 1350 quis
755 1275 886 1342 matrem
917 1288 1005 1335 suam
1034 1275 1091 1335 aut
1112 1269 1215 1335 auiam
1239 1275 1295 1334 aut

172 1387 264 1454 filiam
288 1394 347 1454 ant
369 1395 493 1469 neptem
516 1389 584 1454 sine
607 1387 767 1454 naturales
790 1388 863 1468 sint,
885 1387 955 1454 siue
976 1388 1144 1471 adoptiuae
1167 1407 1293 1455 uxorem

172 1509 296 1586 ducere,
323 1507 397 1573 lieet
418 1525 475 1590 per
497 1505 777 1588 emancipationem
806 1507 934 1589 adoptio
961 1508 1004 1573 sit
1031 1506 1144 1573 solute
1189 1507 1295 1589 pristi-

172 1645 244 1692 num
268 1628 355 1692 enim
377 1627 476 1709 patris
498 1627 550 1690 uel
574 1625 626 1690 aui
648 1643 759 1690 nomen
788 1643 871 1691 nuuc
892 1642 1017 1709 qnoque
1039 1625 1068 1692 ei
1090 1627 1202 1709 pudori
1225 1643 1294 1693 esse
1314 1621 1347 1673 ¹⁰

134 1759 156 1809 a.
173 1746 273 1811 debet.
323 1746 352 1808 2.
386 1743 467 1810 item
496 1745 578 1809 iuter
606 1763 660 1810 eas
689 1760 814 1825 qnoque
840 1761 991 1827 personas
1019 1764 1100 1828 quae
1128 1765 1166 1812 ex
1196 1753 1295 1812 trans·

173 1883 262 1930 uerso
291 1865 394 1947 gradu
417 1865 611 1945 cognationis
633 1865 805 1946 iunguntur
827 1872 876 1930 est
890 1864 1016 1947 aliquod
1029 1866 1295 1947 impedimentum,

172 1991 219 2050 eet
239 2003 303 2050 non
327 1991 523 2067 perpetuum.
554 2001 629 2051 sane
652 1984 734 2051 enim
756 1985 839 2052 inter
859 1983 989 2052 fratrem
1013 2003 1214 2068 sororemque
1241 2004 1296 2052 nu·
1389 2021 1391 2030 ι

172 2105 253 2184 ptiae
276 2123 342 2169 non
369 2105 557 2182 consistunt,
581 2105 650 2170 sine
673 2124 710 2171 ex
740 2104 849 2170 eodem
879 2113 969 2188 patre
996 2106 1167 2187 eademque
1194 2112 1294 2170 matre

171 2223 235 2290 nati
257 2223 389 2296 fuerint,
411 2223 480 2289 siue
501 2224 541 2290 ab
563 2222 715 2290 alterutro
738 2242 854 2289 eornm.
898 2230 948 2291 set
969 2225 996 2290 ei
1019 2242 1100 2308 quoe
1122 2243 1179 2307 per
1200 2223 1345 2306 adop-1⁶

171 2345 287 2410 tionem
317 2361 409 2410 soror
436 2343 514 2409 mihi
539 2362 608 2409 esse
636 2345 788 2424 eoeperit,
816 2346 944 2426 nuptiae
970 2345 1190 2427 impediuntur.
1236 2343 1294 2410 hac

172 2483 245 2530 uero
285 2461 442 2529 dissoluta
479 2483 550 2530 mea
580 2464 662 2529 torte
694 2471 750 2530 out
782 2465 864 2530 illius
894 2465 1162 2547 emancipatione,
1196 2462 1294 2530 libere

171 2583 406 2649 matrimonium
426 2583 583 2664 procedet
623 2582 791 2666 adoptione
817 2583 915 2662 enim,
945 2590 1054 2666 utpote
1082 2603 1163 2667 quae
1193 2581 1295 2665 legiti-

170 2721 252 2769 mum
276 2703 324 2770 sit
342 2705 511 2784 negotium,
534 2723 590 2786 per
604 2705 889 2786 emancipationem,
912 2722 993 2786 quae
1008 2703 1086 2770 iuris
1101 2704 1204 2770 ciuilis
1220 2722 1295 2787 quo·

170 2841 229 2903 qne
251 2831 313 2900 est,
338 2820 498 2901 dissoluta,
522 2821 637 2888 nullam
665 2839 735 2889 eum
764 2841 802 2889 ea
823 2823 957 2907 speeiem
986 2823 1109 2890 habebo
1137 2823 1293 2904 cognatio·
1312 2839 1347 2890 ao

169 2944 226 3007 nis.
272 2941 351 3008 olim
372 2944 452 3008 enim
475 2961 546 3008 cnm
568 2949 701 3024 uterque
722 2941 755 3007 in
779 2942 918 3009 eiusdem
945 2941 1045 3025 patrie
1067 2949 1225 3023 potestate
1248 2959 1296 3008 ee·

169 3079 291 3141 semus,
328 3062 496 3142 adgnatam
528 3081 597 3129 eam
631 3068 665 3128 et
693 3068 857 3146 cognatam
886 3062 1096 3146 appellabam3
1126 3061 1297 3143 adeptione

169 3199 245 3247 uero
259 3199 321 3262 per
336 3182 612 3264 emancipationem
627 3181 739 3262 soluta,
762 3181 928 3263 adgnatam
949 3199 1017 3247 eam
1039 3200 1101 3247 non
1121 3179 1296 3263 appellabo.

170 3300 298 3383 adoptio
338 3300 421 3366 enim
461 3309 568 3384 utpote
606 3320 688 3384 quae
728 3301 805 3367 iuria
846 3301 946 3368 ciuilis
984 3301 1028 3367 sit
1067 3301 1191 3367 ciuilem
1226 3319 1297 3383 eog-

169 3422 330 3486 nationem
353 3422 385 3486 in
408 3439 442 3487 se
456 3420 604 3500 continet,
628 3420 710 3486 idest
730 3420 958 3502 adgnationem.
982 3421 1171 3502 adgnatioue
1187 3413 1296 3486 a'utem
1315 3439 1348 3492 aa

170 3541 295 3608 sublata
320 3543 464 3622 cognatio
485 3559 609 3625 quoque
631 3540 822 3608 dissoluitur.
868 3547 900 3607 et
927 3559 997 3606 cum
1027 3559 1095 3606 eam
1125 3540 1298 3621 adgnatam
