2936 4704
515 359 847 448 -134-.

99 550 157 632 quid
175 549 255 614 euim
276 548 429 614 furtiuum
456 549 560 614 sites
588 549 665 629 ipsis
692 551 769 613 iuris
796 549 912 631 regulis
941 549 1193 632 deprehenditur.

98 669 182 750 itaque
203 669 231 732 si
252 669 284 732 ui
306 675 339 733 te
360 667 488 750 praedio
510 669 651 734 eiecerim
674 687 794 750 nequeo
814 685 997 749 usucapere,
1020 687 1090 733 cum
1113 667 1195 734 mala

97 787 143 854 ide
161 790 351 870 possideam:
375 795 423 854 set
444 809 545 871 neque
567 791 594 854 is
615 789 671 869 qui
692 809 712 854 a
733 807 782 854 me
804 791 886 854 bona
907 785 968 853 fide
991 789 1021 852 id
1038 791 1195 870 acceperit

96 919 200 990 propter
222 911 356 975 haerens
376 909 475 974 maiae
489 906 560 973 fidei
575 910 702 974 uitium:
725 917 774 974 est
795 911 877 974 enim
900 908 933 976 ui
956 927 1142 991 possessum.
1165 907 1193 974 is

95 1036 176 1094 tomen
197 1029 254 1110 qui
276 1029 392 1112 accipit
413 1050 432 1094 a
453 1047 502 1095 me
524 1031 607 1095 bona
627 1028 779 1110 fiderem,
802 1032 830 1096 si
849 1047 887 1095 ea
908 1029 955 1094 uis
978 1027 1095 1093 inlatae
1115 1029 1192 1094 uitio
1227 1028 1245 1078 ὅ

94 1149 280 1227 conlaboret,
298 1165 469 1230 usucapere
483 1157 596 1231 potest
620 1157 653 1214 et
667 1149 821 1232 quomodo
836 1150 867 1214 id
882 1146 938 1214 fiat
952 1147 1117 1213 dicendum
1133 1155 1191 1212 est.

93 1267 209 1334 habebat
235 1269 308 1350 quis
334 1267 478 1333 fundum:
508 1287 638 1351 peregre
664 1268 821 1352 proiectus
844 1287 914 1334 eum
936 1267 1004 1333 siue
1024 1285 1100 1332 cura
1126 1265 1195 1332 reli·

92 1387 160 1466 quit;
180 1389 232 1453 uel
255 1391 349 1453 ctiam
371 1405 519 1471 praesens
541 1387 658 1454 nulum
680 1387 749 1470 agri
772 1407 877 1454 curam
900 1389 1012 1470 gessit,
1036 1405 1091 1452 seu
1113 1404 1193 1452 mor·

92 1515 150 1570 tuos
171 1513 219 1571 est
241 1507 313 1588 quis
336 1509 503 1572 intestatus
529 1515 561 1572 et
582 1525 673 1572 nemo
700 1525 828 1588 prorsus
857 1509 925 1572 eius
953 1509 1036 1573 bona
1064 1509 1192 1590 accepit

92 1641 147 1688 cum
166 1645 223 1708 ego
247 1626 386 1691 uiderem
409 1625 538 1691 fundum
560 1646 580 1691 a
600 1627 722 1691 nemine
744 1645 940 1708 possessum,
967 1647 1037 1692 eum
1068 1627 1100 1693 in
1123 1645 1193 1710 pos·
1215 1631 1245 1682 ¹0

91 1745 243 1811 sessionem
268 1764 367 1810 meam
395 1747 517 1828 redegi:
546 1763 718 1826 usucapere
747 1764 818 1812 eum
845 1747 1023 1813 nullomodo
1052 1765 1191 1830 possum,

91 1865 157 1929 malo
187 1865 247 1930 fide
281 1867 362 1932 enim
399 1867 555 1948 possideo,
594 1868 695 1932 sciens
735 1867 871 1932 alienum
912 1885 990 1932 esse.
1048 1868 1075 1932 si
1117 1885 1192 1949 ergo

93 1983 135 2048 aiii
164 2003 232 2051 eum
266 1983 389 2052 uadem
424 1988 504 2052 bona
536 1985 597 2052 fide
630 1987 814 2068 accipienti,
849 1986 991 2067 procedit
1025 1987 1191 2069 usucapio,

92 2111 119 2166 et
146 2104 267 2186 longum
295 2112 418 2187 tempus
452 2106 623 2173 dominium
656 2107 685 2172 ei
717 2107 850 2189 quaerit
898 2123 999 2186 neque
1029 2107 1111 2172 cuim
1141 2107 1194 2172 de·

92 2219 145 2287 ficit
173 2225 257 2306 prior
290 2225 430 2292 condicio
464 2233 500 2290 ut
532 2227 681 2308 usucapio
707 2225 912 2308 impediatur,
942 2226 1082 2308 possidet
1111 2225 1192 2292 euim
1214 2235 1244 2286 ro

92 2341 253 2410 bonafide:
275 2351 326 2410 set
345 2365 447 2436 meque
468 2346 614 2424 secunda,
637 2353 731 2412 uocat
752 2346 834 2412 euim
855 2364 907 2412 res
929 2345 1017 2411 uitio.
1062 2353 1111 2412 set
1133 2345 1193 2412 erit

91 2460 139 2540 qui
164 2461 245 2528 dicat
273 2481 341 2529 esm
369 2482 438 2530 esse
466 2463 633 2531 furtiuum:
667 2483 802 2546 namque
827 2484 897 2530 cum
925 2467 1028 2532 sciens
1057 2466 1193 2533 alienum

92 2597 151 2645 esse
169 2601 276 2664 agrum
298 2603 370 2648 eum
391 2582 445 2648 ulii
466 2584 648 2650 tradiderim
670 2583 821 2652 iurtiuum
844 2603 914 2650 eum
936 2583 1059 2652 efficere
1074 2586 1191 2652 uidcor.

90 2709 133 2764 set
152 2721 228 2769 uana
249 2703 402 2769 eiusmodi
422 2704 504 2769 ratio
525 2707 590 2784 est';
612 2703 730 2770 furtum
752 2705 835 2771 euim
857 2723 963 2770 rerum
985 2703 1191 2770 immobilium

89 2837 144 2885 ron
163 2823 345 2887 admittitur.
379 2823 497 2888 abolita
518 2830 567 2889 est
588 2823 670 2888 enim
692 2831 787 2906 atque
809 2842 847 2889 er
869 2823 938 2890 iure
959 2823 1044 2890 ciuili
1066 2824 1193 2907 explosa
1210 2831 1244 2883 ac

89 2939 356 3007 iureconsultorum
383 2945 539 3009 sententio
565 2943 809 3010 existimantium
837 2944 1036 3028 praediorum
1068 2962 1193 3027 quoque

87 3055 194 3124 mrtum
215 3061 347 3126 admitti.
381 3061 437 3126 sed
460 3081 559 3146 neque
581 3063 614 3127 ui
635 3081 853 3146 possessores
875 3071 933 3142 est,
955 3083 1018 3130 uon
1041 3071 1089 3129 est
1110 3065 1193 3129 enim

88 3177 134 3242 uis
155 3189 263 3246 secuta.
290 3187 395 3263 potest
416 3180 514 3264 igitur
536 3182 642 3248 decem
664 3183 817 3265 uigintiue
837 3183 929 3248 aonia
950 3182 1006 3264 qui
1029 3185 1110 3249 bona
1131 3181 1193 3248 fide

88 3299 197 3380 accepit
217 3301 359 3366 domiuus
380 3302 501 3384 praedii
521 3299 603 3380 fieri,
633 3304 763 3386 eiusque
787 3303 1012 3386 principalibus
1042 3301 1192 3368 coustitu-

90 3417 212 3484 tiouibus
246 3419 437 3504 prospicitur
467 3441 507 3486 ne
542 3423 593 3489 cui
630 3422 722 3504 longe
758 3429 790 3488 et
823 3421 1003 3489 indubitata
1035 3421 1191 3504 possessio
1208 3436 1243 3488 uo

53 3535 193 3604 sautem
214 3540 335 3607 debeat
367 3540 398 3604 8.
432 3541 572 3608 Diximus
593 3559 645 3608 res
666 3541 800 3608 furtiuas
824 3545 857 3608 et
878 3544 911 3609 ui
933 3559 1095 3627 possessas
1118 3558 1192 3606 usu·
