<?xml version="1.0" encoding="UTF-8"?>
<!DOCTYPE html PUBLIC "-//W3C//DTD XHTML 1.0 Transitional//EN"
    "http://www.w3.org/TR/xhtml1/DTD/xhtml1-transitional.dtd">
<html xmlns="http://www.w3.org/1999/xhtml" xml:lang="en" lang="en">
 <head>
  <title>
</title>
<meta http-equiv="Content-Type" content="text/html;charset=utf-8" />
  <meta name='ocr-system' content='tesseract 3.04.00' />
  <meta name='ocr-capabilities' content='ocr_page ocr_carea ocr_par ocr_line ocrx_word'/>
</head>
<body>
  <div class='ocr_page' id='page_1' title='image "./institutionumgr02linggoog_0290.png"; bbox 0 0 2936 4704; ppageno 0'>
   <div class='ocr_carea' id='block_1_1' title="bbox 531 344 764 410">
    <p class='ocr_par' dir='ltr' id='par_1_1' title="bbox 531 344 764 410">
     <span class='ocr_line' id='line_1_1' title="bbox 531 344 764 410; baseline 0.009 -2"><span class='ocrx_word' id='word_1_1' title='bbox 531 344 764 410; x_wconf 81' lang='lat'>-128-</span> 
     </span>
    </p>
   </div>
   <div class='ocr_carea' id='block_1_2' title="bbox 61 531 1257 3588">
    <p class='ocr_par' dir='ltr' id='par_1_2' title="bbox 80 531 1256 1445">
     <span class='ocr_line' id='line_1_2' title="bbox 80 531 1204 617; baseline -0.004 -17"><span class='ocrx_word' id='word_1_2' title='bbox 80 551 98 601; x_wconf 81' lang='lat' dir='ltr'>a.</span> <span class='ocrx_word' id='word_1_3' title='bbox 111 536 151 617; x_wconf 80' lang='lat' dir='ltr'>qui</span> <span class='ocrx_word' id='word_1_4' title='bbox 169 531 394 599; x_wconf 80' lang='lat' dir='ltr'>usumfructum</span> <span class='ocrx_word' id='word_1_5' title='bbox 417 533 520 606; x_wconf 84' lang='lat' dir='ltr'>hahet,</span> <span class='ocrx_word' id='word_1_6' title='bbox 542 533 573 597; x_wconf 94' lang='lat' dir='ltr'>id</span> <span class='ocrx_word' id='word_1_7' title='bbox 596 531 700 598; x_wconf 86' lang='lat' dir='ltr'>facere</span> <span class='ocrx_word' id='word_1_8' title='bbox 715 533 925 612; x_wconf 70' lang='lat' dir='ltr'>permittatur.</span> <span class='ocrx_word' id='word_1_9' title='bbox 948 532 977 594; x_wconf 80' lang='lat'>2.</span> <span class='ocrx_word' id='word_1_10' title='bbox 1001 531 1061 610; x_wconf 88' lang='lat' dir='ltr'>Qui</span> <span class='ocrx_word' id='word_1_11' title='bbox 1082 531 1204 596; x_wconf 81' lang='lat' dir='ltr'>aedium</span> 
     </span>
     <span class='ocr_line' id='line_1_3' title="bbox 109 651 1205 733; baseline -0.002 -16"><span class='ocrx_word' id='word_1_12' title='bbox 109 671 181 718; x_wconf 87' lang='lat' dir='ltr'>usum</span> <span class='ocrx_word' id='word_1_13' title='bbox 200 652 295 716; x_wconf 88' lang='lat' dir='ltr'>habat</span> <span class='ocrx_word' id='word_1_14' title='bbox 316 652 468 716; x_wconf 89' lang='lat' dir='ltr'>hactenns</span> <span class='ocrx_word' id='word_1_15' title='bbox 488 651 566 715; x_wconf 91' lang='lat' dir='ltr'>iuris</span> <span class='ocrx_word' id='word_1_16' title='bbox 595 651 712 716; x_wconf 86' lang='lat' dir='ltr'>habere</span> <span class='ocrx_word' id='word_1_17' title='bbox 742 651 951 733; x_wconf 85' lang='lat' dir='ltr'>intellegitur,</span> <span class='ocrx_word' id='word_1_18' title='bbox 980 659 1016 716; x_wconf 90' lang='lat' dir='ltr'>ut</span> <span class='ocrx_word' id='word_1_19' title='bbox 1043 652 1109 732; x_wconf 91' lang='lat' dir='ltr'>ipsc</span> <span class='ocrx_word' id='word_1_20' title='bbox 1138 655 1205 715; x_wconf 85' lang='lat' dir='ltr'>tau-</span> 
     </span>
     <span class='ocr_line' id='line_1_4' title="bbox 108 768 1206 856; baseline -0.002 -20"><span class='ocrx_word' id='word_1_21' title='bbox 108 779 160 836; x_wconf 90' lang='lat' dir='ltr'>tum</span> <span class='ocrx_word' id='word_1_22' title='bbox 178 771 313 849; x_wconf 86' lang='lat' dir='ltr'>habitet,</span> <span class='ocrx_word' id='word_1_23' title='bbox 335 788 392 836; x_wconf 91' lang='lat' dir='ltr'>ncc</span> <span class='ocrx_word' id='word_1_24' title='bbox 414 771 445 834; x_wconf 90' lang='lat' dir='ltr'>in</span> <span class='ocrx_word' id='word_1_25' title='bbox 473 768 570 836; x_wconf 91' lang='lat' dir='ltr'>alium</span> <span class='ocrx_word' id='word_1_26' title='bbox 599 769 824 837; x_wconf 76' lang='lat' dir='ltr'>habitationem</span> <span class='ocrx_word' id='word_1_27' title='bbox 852 769 1031 836; x_wconf 87' lang='lat' dir='ltr'>transferat.</span> <span class='ocrx_word' id='word_1_28' title='bbox 1084 769 1206 856; x_wconf 89' lang='lat' dir='ltr'>quaesi·</span> 
     </span>
     <span class='ocr_line' id='line_1_5' title="bbox 107 889 1205 972; baseline 0 -18"><span class='ocrx_word' id='word_1_29' title='bbox 107 898 159 955; x_wconf 87' lang='lat' dir='ltr'>tum</span> <span class='ocrx_word' id='word_1_30' title='bbox 178 897 223 955; x_wconf 90' lang='lat' dir='ltr'>est</span> <span class='ocrx_word' id='word_1_31' title='bbox 244 909 287 955; x_wconf 89' lang='lat' dir='ltr'>an</span> <span class='ocrx_word' id='word_1_32' title='bbox 309 891 338 955; x_wconf 86' lang='lat' dir='ltr'>ei</span> <span class='ocrx_word' id='word_1_33' title='bbox 360 889 454 954; x_wconf 88' lang='lat' dir='ltr'>liceat</span> <span class='ocrx_word' id='word_1_34' title='bbox 475 889 629 971; x_wconf 85' lang='lat' dir='ltr'>hospitem</span> <span class='ocrx_word' id='word_1_35' title='bbox 652 891 790 972; x_wconf 87' lang='lat' dir='ltr'>recipcre</span> <span class='ocrx_word' id='word_1_36' title='bbox 813 900 845 956; x_wconf 93' lang='lat' dir='ltr'>et</span> <span class='ocrx_word' id='word_1_37' title='bbox 865 889 985 971; x_wconf 79' lang='lat' dir='ltr'>placuit</span> <span class='ocrx_word' id='word_1_38' title='bbox 1006 889 1108 956; x_wconf 90' lang='lat' dir='ltr'>licere.</span> <span class='ocrx_word' id='word_1_39' title='bbox 1137 907 1205 954; x_wconf 89' lang='lat' dir='ltr'>con·</span> 
     </span>
     <span class='ocr_line' id='line_1_6' title="bbox 107 1008 1256 1076; baseline 0 -1"><span class='ocrx_word' id='word_1_40' title='bbox 107 1008 208 1075; x_wconf 88' lang='lat' dir='ltr'>ceditur</span> <span class='ocrx_word' id='word_1_41' title='bbox 228 1016 336 1074; x_wconf 83' lang='lat' dir='ltr'>autsm</span> <span class='ocrx_word' id='word_1_42' title='bbox 359 1010 388 1074; x_wconf 95' lang='lat' dir='ltr'>ei</span> <span class='ocrx_word' id='word_1_43' title='bbox 410 1009 441 1074; x_wconf 90' lang='lat' dir='ltr'>in</span> <span class='ocrx_word' id='word_1_44' title='bbox 463 1009 657 1074; x_wconf 84' lang='lat' dir='ltr'>habitatione</span> <span class='ocrx_word' id='word_1_45' title='bbox 678 1028 807 1074; x_wconf 86' lang='lat' dir='ltr'>uxorem</span> <span class='ocrx_word' id='word_1_46' title='bbox 829 1009 946 1076; x_wconf 92' lang='lat' dir='ltr'>habere</span> <span class='ocrx_word' id='word_1_47' title='bbox 973 1017 1005 1074; x_wconf 92' lang='lat' dir='ltr'>et</span> <span class='ocrx_word' id='word_1_48' title='bbox 1033 1028 1107 1074; x_wconf 91' lang='lat' dir='ltr'>suos</span> <span class='ocrx_word' id='word_1_49' title='bbox 1129 1009 1204 1076; x_wconf 76' lang='lat' dir='ltr'>libe</span> <span class='ocrx_word' id='word_1_50' title='bbox 1239 1025 1256 1075; x_wconf 83' lang='lat' dir='ltr'>o</span> 
     </span>
     <span class='ocr_line' id='line_1_7' title="bbox 105 1127 1205 1210; baseline 0.001 -16"><span class='ocrx_word' id='word_1_51' title='bbox 105 1147 147 1194; x_wconf 87' lang='lat' dir='ltr'>ros</span> <span class='ocrx_word' id='word_1_52' title='bbox 166 1137 194 1194; x_wconf 87' lang='lat' dir='ltr'>et</span> <span class='ocrx_word' id='word_1_53' title='bbox 213 1127 363 1207; x_wconf 90' lang='lat' dir='ltr'>libertos,</span> <span class='ocrx_word' id='word_1_54' title='bbox 393 1147 533 1194; x_wconf 89' lang='lat' dir='ltr'>necnon</span> <span class='ocrx_word' id='word_1_55' title='bbox 556 1137 588 1194; x_wconf 86' lang='lat' dir='ltr'>et</span> <span class='ocrx_word' id='word_1_56' title='bbox 610 1138 730 1194; x_wconf 89' lang='lat' dir='ltr'>ceteras</span> <span class='ocrx_word' id='word_1_57' title='bbox 757 1127 871 1193; x_wconf 90' lang='lat' dir='ltr'>liberas</span> <span class='ocrx_word' id='word_1_58' title='bbox 897 1147 1063 1208; x_wconf 81' lang='lat' dir='ltr'>personae,</span> <span class='ocrx_word' id='word_1_59' title='bbox 1092 1130 1205 1210; x_wconf 91' lang='lat' dir='ltr'>quibus</span> 
     </span>
     <span class='ocr_line' id='line_1_8' title="bbox 104 1246 1205 1328; baseline 0 -16"><span class='ocrx_word' id='word_1_60' title='bbox 104 1267 154 1313; x_wconf 91' lang='lat' dir='ltr'>non</span> <span class='ocrx_word' id='word_1_61' title='bbox 181 1250 285 1314; x_wconf 88' lang='lat' dir='ltr'>miuus</span> <span class='ocrx_word' id='word_1_62' title='bbox 311 1267 406 1328; x_wconf 88' lang='lat' dir='ltr'>quam</span> <span class='ocrx_word' id='word_1_63' title='bbox 436 1249 536 1314; x_wconf 89' lang='lat' dir='ltr'>seruis</span> <span class='ocrx_word' id='word_1_64' title='bbox 563 1249 680 1326; x_wconf 89' lang='lat' dir='ltr'>utitur,</span> <span class='ocrx_word' id='word_1_65' title='bbox 710 1246 809 1314; x_wconf 88' lang='lat' dir='ltr'>ueluti</span> <span class='ocrx_word' id='word_1_66' title='bbox 837 1247 1045 1314; x_wconf 89' lang='lat' dir='ltr'>mercenariis.</span> <span class='ocrx_word' id='word_1_67' title='bbox 1097 1255 1147 1313; x_wconf 96' lang='grc' dir='ltr'>εει</span> <span class='ocrx_word' id='word_1_68' title='bbox 1178 1249 1205 1312; x_wconf 90' lang='lat' dir='ltr'>si</span> 
     </span>
     <span class='ocr_line' id='line_1_9' title="bbox 104 1365 1205 1445; baseline 0.002 -15"><span class='ocrx_word' id='word_1_69' title='bbox 104 1368 209 1434; x_wconf 89' lang='lat' dir='ltr'>mulieri</span> <span class='ocrx_word' id='word_1_70' title='bbox 230 1387 309 1434; x_wconf 89' lang='lat' dir='ltr'>usus</span> <span class='ocrx_word' id='word_1_71' title='bbox 331 1369 454 1434; x_wconf 92' lang='lat' dir='ltr'>aedium</span> <span class='ocrx_word' id='word_1_72' title='bbox 475 1367 604 1433; x_wconf 87' lang='lat' dir='ltr'>relictus</span> <span class='ocrx_word' id='word_1_73' title='bbox 627 1369 685 1445; x_wconf 91' lang='lat' dir='ltr'>sit,</span> <span class='ocrx_word' id='word_1_74' title='bbox 713 1367 785 1432; x_wconf 91' lang='lat' dir='ltr'>licet</span> <span class='ocrx_word' id='word_1_75' title='bbox 815 1369 843 1432; x_wconf 96' lang='lat' dir='ltr'>ei</span> <span class='ocrx_word' id='word_1_76' title='bbox 873 1365 971 1432; x_wconf 88' lang='lat' dir='ltr'>libere</span> <span class='ocrx_word' id='word_1_77' title='bbox 997 1367 1112 1432; x_wconf 92' lang='lat' dir='ltr'>ibidem</span> <span class='ocrx_word' id='word_1_78' title='bbox 1135 1385 1205 1432; x_wconf 92' lang='lat' dir='ltr'>cum</span> 
     </span>
    </p>

    <p class='ocr_par' dir='ltr' id='par_1_3' title="bbox 70 1485 1257 1808">
     <span class='ocr_line' id='line_1_10' title="bbox 70 1485 1206 1582; baseline 0.004 -34"><span class='ocrx_word' id='word_1_79' title='bbox 70 1487 198 1554; x_wconf 82' lang='lat' dir='ltr'>smarito</span> <span class='ocrx_word' id='word_1_80' title='bbox 218 1488 374 1553; x_wconf 88' lang='lat' dir='ltr'>hahitare.</span> <span class='ocrx_word' id='word_1_81' title='bbox 411 1487 441 1550; x_wconf 91' lang='grc'>3.</span> <span class='ocrx_word' id='word_1_82' title='bbox 474 1486 606 1582; x_wconf 74' lang='lat' dir='ltr'>Slusus</span> <span class='ocrx_word' id='word_1_83' title='bbox 629 1488 712 1552; x_wconf 89' lang='lat' dir='ltr'>serui</span> <span class='ocrx_word' id='word_1_84' title='bbox 734 1485 811 1550; x_wconf 92' lang='lat' dir='ltr'>mihi</span> <span class='ocrx_word' id='word_1_85' title='bbox 833 1487 1031 1562; x_wconf 88' lang='lat' dir='ltr'>concedatur,</span> <span class='ocrx_word' id='word_1_86' title='bbox 1054 1503 1112 1567; x_wconf 87' lang='lat' dir='ltr'>ego</span> <span class='ocrx_word' id='word_1_87' title='bbox 1134 1505 1206 1568; x_wconf 85' lang='lat' dir='ltr'>ope·</span> 
     </span>
     <span class='ocr_line' id='line_1_11' title="bbox 103 1605 1257 1688; baseline -0.001 -17"><span class='ocrx_word' id='word_1_88' title='bbox 103 1609 136 1671; x_wconf 89' lang='lat' dir='ltr'>ris</span> <span class='ocrx_word' id='word_1_89' title='bbox 154 1615 274 1672; x_wconf 85' lang='lat' dir='ltr'>tautum</span> <span class='ocrx_word' id='word_1_90' title='bbox 296 1615 329 1672; x_wconf 90' lang='lat' dir='ltr'>ct</span> <span class='ocrx_word' id='word_1_91' title='bbox 349 1605 523 1672; x_wconf 88' lang='lat' dir='ltr'>ministerio</span> <span class='ocrx_word' id='word_1_92' title='bbox 545 1608 613 1672; x_wconf 90' lang='lat' dir='ltr'>eius</span> <span class='ocrx_word' id='word_1_93' title='bbox 636 1608 682 1670; x_wconf 91' lang='lat' dir='ltr'>uti</span> <span class='ocrx_word' id='word_1_94' title='bbox 704 1623 848 1688; x_wconf 90' lang='lat' dir='ltr'>possum,</span> <span class='ocrx_word' id='word_1_95' title='bbox 872 1605 905 1669; x_wconf 94' lang='lat' dir='ltr'>in</span> <span class='ocrx_word' id='word_1_96' title='bbox 928 1607 1021 1670; x_wconf 88' lang='lat' dir='ltr'>alium</span> <span class='ocrx_word' id='word_1_97' title='bbox 1045 1611 1149 1671; x_wconf 89' lang='lat' dir='ltr'>autem</span> <span class='ocrx_word' id='word_1_98' title='bbox 1171 1605 1257 1677; x_wconf 91' lang='lat' dir='ltr'>id1o</span> 
     </span>
     <span class='ocr_line' id='line_1_12' title="bbox 101 1725 1204 1808; baseline -0.001 -18"><span class='ocrx_word' id='word_1_99' title='bbox 101 1729 165 1791; x_wconf 86' lang='lat' dir='ltr'>iuris</span> <span class='ocrx_word' id='word_1_100' title='bbox 184 1727 355 1792; x_wconf 88' lang='lat' dir='ltr'>transferre</span> <span class='ocrx_word' id='word_1_101' title='bbox 376 1727 552 1808; x_wconf 90' lang='lat' dir='ltr'>prohibeor.</span> <span class='ocrx_word' id='word_1_102' title='bbox 597 1726 677 1791; x_wconf 87' lang='lat' dir='ltr'>idem</span> <span class='ocrx_word' id='word_1_103' title='bbox 701 1733 749 1790; x_wconf 92' lang='lat' dir='ltr'>est</span> <span class='ocrx_word' id='word_1_104' title='bbox 777 1741 903 1805; x_wconf 84' lang='lat' dir='ltr'>quoque</span> <span class='ocrx_word' id='word_1_105' title='bbox 924 1725 950 1790; x_wconf 88' lang='lat' dir='ltr'>si</span> <span class='ocrx_word' id='word_1_106' title='bbox 974 1725 1105 1789; x_wconf 90' lang='lat' dir='ltr'>iumenti</span> <span class='ocrx_word' id='word_1_107' title='bbox 1127 1743 1204 1790; x_wconf 90' lang='lat' dir='ltr'>usus</span> 
     </span>
    </p>

    <p class='ocr_par' dir='ltr' id='par_1_4' title="bbox 69 1842 1255 2526">
     <span class='ocr_line' id='line_1_13' title="bbox 69 1842 1204 1927; baseline -0.001 -17"><span class='ocrx_word' id='word_1_108' title='bbox 69 1854 86 1902; x_wconf 79' lang='lat' dir='ltr'>t</span> <span class='ocrx_word' id='word_1_109' title='bbox 101 1845 164 1910; x_wconf 88' lang='lat' dir='ltr'>mihi</span> <span class='ocrx_word' id='word_1_110' title='bbox 185 1864 350 1912; x_wconf 87' lang='lat' dir='ltr'>concessus</span> <span class='ocrx_word' id='word_1_111' title='bbox 373 1845 424 1911; x_wconf 82' lang='lat' dir='ltr'>sit.</span> <span class='ocrx_word' id='word_1_112' title='bbox 467 1849 497 1908; x_wconf 80' lang='lat' dir='ltr'>t.</span> <span class='ocrx_word' id='word_1_113' title='bbox 532 1845 565 1910; x_wconf 88' lang='lat' dir='ltr'>Si</span> <span class='ocrx_word' id='word_1_114' title='bbox 588 1846 693 1927; x_wconf 83' lang='lat' dir='ltr'>gregis</span> <span class='ocrx_word' id='word_1_115' title='bbox 714 1842 813 1909; x_wconf 90' lang='lat' dir='ltr'>ueluti</span> <span class='ocrx_word' id='word_1_116' title='bbox 835 1846 940 1910; x_wconf 89' lang='lat' dir='ltr'>ouium</span> <span class='ocrx_word' id='word_1_117' title='bbox 962 1861 1038 1909; x_wconf 89' lang='lat' dir='ltr'>usus</span> <span class='ocrx_word' id='word_1_118' title='bbox 1060 1844 1134 1909; x_wconf 94' lang='lat' dir='ltr'>mihi</span> <span class='ocrx_word' id='word_1_119' title='bbox 1161 1844 1204 1909; x_wconf 91' lang='lat' dir='ltr'>le·</span> 
     </span>
     <span class='ocr_line' id='line_1_14' title="bbox 100 1962 1204 2048; baseline -0.002 -18"><span class='ocrx_word' id='word_1_120' title='bbox 100 1973 178 2046; x_wconf 86' lang='lat' dir='ltr'>gatus</span> <span class='ocrx_word' id='word_1_121' title='bbox 199 1967 250 2046; x_wconf 90' lang='lat' dir='ltr'>sit,</span> <span class='ocrx_word' id='word_1_122' title='bbox 274 1982 374 2046; x_wconf 89' lang='lat' dir='ltr'>neque</span> <span class='ocrx_word' id='word_1_123' title='bbox 396 1965 475 2030; x_wconf 89' lang='lat' dir='ltr'>lacte</span> <span class='ocrx_word' id='word_1_124' title='bbox 497 1981 598 2045; x_wconf 86' lang='lat' dir='ltr'>neque</span> <span class='ocrx_word' id='word_1_125' title='bbox 619 1965 710 2046; x_wconf 82' lang='lat' dir='ltr'>agnis</span> <span class='ocrx_word' id='word_1_126' title='bbox 731 1981 834 2048; x_wconf 88' lang='lat' dir='ltr'>neque</span> <span class='ocrx_word' id='word_1_127' title='bbox 856 1981 964 2028; x_wconf 88' lang='lat' dir='ltr'>earum</span> <span class='ocrx_word' id='word_1_128' title='bbox 978 1962 1052 2028; x_wconf 91' lang='lat' dir='ltr'>lana</span> <span class='ocrx_word' id='word_1_129' title='bbox 1065 1964 1112 2028; x_wconf 90' lang='lat' dir='ltr'>uti</span> <span class='ocrx_word' id='word_1_130' title='bbox 1134 1981 1204 2044; x_wconf 91' lang='lat' dir='ltr'>pos·</span> 
     </span>
     <span class='ocr_line' id='line_1_15' title="bbox 100 2082 1203 2164; baseline -0.003 -14"><span class='ocrx_word' id='word_1_131' title='bbox 100 2104 166 2164; x_wconf 87' lang='lat' dir='ltr'>sum,</span> <span class='ocrx_word' id='word_1_132' title='bbox 186 2105 256 2153; x_wconf 88' lang='lat' dir='ltr'>cum</span> <span class='ocrx_word' id='word_1_133' title='bbox 278 2087 356 2152; x_wconf 87' lang='lat' dir='ltr'>haec</span> <span class='ocrx_word' id='word_1_134' title='bbox 377 2086 409 2150; x_wconf 92' lang='lat' dir='ltr'>in</span> <span class='ocrx_word' id='word_1_135' title='bbox 431 2083 536 2150; x_wconf 89' lang='lat' dir='ltr'>fructu</span> <span class='ocrx_word' id='word_1_136' title='bbox 557 2085 630 2163; x_wconf 90' lang='lat' dir='ltr'>sint,</span> <span class='ocrx_word' id='word_1_137' title='bbox 659 2092 693 2150; x_wconf 91' lang='lat' dir='ltr'>ct</span> <span class='ocrx_word' id='word_1_138' title='bbox 717 2083 787 2150; x_wconf 89' lang='lat' dir='ltr'>ideo</span> <span class='ocrx_word' id='word_1_139' title='bbox 816 2083 856 2148; x_wconf 92' lang='lat' dir='ltr'>ad</span> <span class='ocrx_word' id='word_1_140' title='bbox 885 2082 1114 2149; x_wconf 80' lang='lat' dir='ltr'>usumfructum</span> <span class='ocrx_word' id='word_1_141' title='bbox 1142 2100 1203 2147; x_wconf 92' lang='lat' dir='ltr'>non</span> 
     </span>
     <span class='ocr_line' id='line_1_16' title="bbox 100 2203 1255 2288; baseline -0.002 -18"><span class='ocrx_word' id='word_1_142' title='bbox 100 2205 133 2270; x_wconf 84' lang='lat' dir='ltr'>cd</span> <span class='ocrx_word' id='word_1_143' title='bbox 151 2224 238 2271; x_wconf 90' lang='lat' dir='ltr'>usum</span> <span class='ocrx_word' id='word_1_144' title='bbox 260 2207 447 2288; x_wconf 82' lang='lat' dir='ltr'>pertineant</span> <span class='ocrx_word' id='word_1_145' title='bbox 492 2212 541 2273; x_wconf 87' lang='lat' dir='ltr'>set</span> <span class='ocrx_word' id='word_1_146' title='bbox 562 2203 634 2272; x_wconf 90' lang='lat' dir='ltr'>idco</span> <span class='ocrx_word' id='word_1_147' title='bbox 657 2211 778 2270; x_wconf 88' lang='lat' dir='ltr'>tantum</span> <span class='ocrx_word' id='word_1_148' title='bbox 806 2203 928 2270; x_wconf 86' lang='lat' dir='ltr'>confert</span> <span class='ocrx_word' id='word_1_149' title='bbox 956 2204 1030 2270; x_wconf 90' lang='lat' dir='ltr'>mihi</span> <span class='ocrx_word' id='word_1_150' title='bbox 1052 2219 1129 2268; x_wconf 89' lang='lat' dir='ltr'>usus</span> <span class='ocrx_word' id='word_1_151' title='bbox 1151 2222 1255 2284; x_wconf 73' lang='lat' dir='ltr'>pcc-15</span> 
     </span>
     <span class='ocr_line' id='line_1_17' title="bbox 100 2322 1205 2410; baseline -0.002 -21"><span class='ocrx_word' id='word_1_152' title='bbox 100 2341 202 2405; x_wconf 91' lang='lat' dir='ltr'>corum,</span> <span class='ocrx_word' id='word_1_153' title='bbox 222 2327 308 2410; x_wconf 89' lang='lat' dir='ltr'>quod</span> <span class='ocrx_word' id='word_1_154' title='bbox 330 2344 368 2390; x_wconf 92' lang='lat' dir='ltr'>ea</span> <span class='ocrx_word' id='word_1_155' title='bbox 388 2326 504 2407; x_wconf 88' lang='lat' dir='ltr'>possim</span> <span class='ocrx_word' id='word_1_156' title='bbox 519 2325 552 2389; x_wconf 92' lang='lat' dir='ltr'>iu</span> <span class='ocrx_word' id='word_1_157' title='bbox 566 2323 696 2390; x_wconf 87' lang='lat' dir='ltr'>fundum</span> <span class='ocrx_word' id='word_1_158' title='bbox 718 2342 820 2392; x_wconf 92' lang='lat' dir='ltr'>meum</span> <span class='ocrx_word' id='word_1_159' title='bbox 842 2341 936 2405; x_wconf 83' lang='lat' dir='ltr'>agere</span> <span class='ocrx_word' id='word_1_160' title='bbox 963 2322 1003 2388; x_wconf 89' lang='lat' dir='ltr'>ud</span> <span class='ocrx_word' id='word_1_161' title='bbox 1032 2341 1102 2388; x_wconf 89' lang='lat' dir='ltr'>eum</span> <span class='ocrx_word' id='word_1_162' title='bbox 1126 2328 1205 2388; x_wconf 88' lang='lat' dir='ltr'>ster·</span> 
     </span>
     <span class='ocr_line' id='line_1_18' title="bbox 100 2440 1203 2526; baseline -0.002 -18"><span class='ocrx_word' id='word_1_163' title='bbox 100 2447 272 2524; x_wconf 80' lang='lat' dir='ltr'>curandum,</span> <span class='ocrx_word' id='word_1_164' title='bbox 300 2453 422 2510; x_wconf 77' lang='lat' dir='ltr'>starem</span> <span class='ocrx_word' id='word_1_165' title='bbox 451 2449 557 2510; x_wconf 84' lang='lat' dir='ltr'>autam</span> <span class='ocrx_word' id='word_1_166' title='bbox 586 2461 733 2526; x_wconf 87' lang='lat' dir='ltr'>pecorum</span> <span class='ocrx_word' id='word_1_167' title='bbox 755 2441 889 2509; x_wconf 83' lang='lat' dir='ltr'>fertilem</span> <span class='ocrx_word' id='word_1_168' title='bbox 912 2449 944 2508; x_wconf 90' lang='lat' dir='ltr'>et</span> <span class='ocrx_word' id='word_1_169' title='bbox 965 2443 1112 2524; x_wconf 85' lang='lat' dir='ltr'>pinguem</span> <span class='ocrx_word' id='word_1_170' title='bbox 1135 2440 1203 2506; x_wconf 92' lang='lat' dir='ltr'>fun-</span> 
     </span>
    </p>

    <p class='ocr_par' dir='ltr' id='par_1_5' title="bbox 65 2561 1255 3484">
     <span class='ocr_line' id='line_1_19' title="bbox 65 2561 1202 2646; baseline 0.001 -20"><span class='ocrx_word' id='word_1_171' title='bbox 65 2567 85 2615; x_wconf 79' lang='lat'>5-</span> <span class='ocrx_word' id='word_1_172' title='bbox 99 2563 163 2627; x_wconf 92' lang='lat' dir='ltr'>dum</span> <span class='ocrx_word' id='word_1_173' title='bbox 182 2567 294 2632; x_wconf 81' lang='lat' dir='ltr'>reddit</span> <span class='ocrx_word' id='word_1_174' title='bbox 340 2567 369 2630; x_wconf 81' lang='lat'>5.</span> <span class='ocrx_word' id='word_1_175' title='bbox 404 2564 438 2630; x_wconf 89' lang='lat' dir='ltr'>Si</span> <span class='ocrx_word' id='word_1_176' title='bbox 460 2565 510 2630; x_wconf 90' lang='lat' dir='ltr'>cui</span> <span class='ocrx_word' id='word_1_177' title='bbox 531 2564 684 2630; x_wconf 89' lang='lat' dir='ltr'>hahitatio</span> <span class='ocrx_word' id='word_1_178' title='bbox 705 2561 812 2646; x_wconf 80' lang='lat' dir='ltr'>legata</span> <span class='ocrx_word' id='word_1_179' title='bbox 838 2563 906 2628; x_wconf 88' lang='lat' dir='ltr'>siue</span> <span class='ocrx_word' id='word_1_180' title='bbox 934 2563 995 2628; x_wconf 88' lang='lat' dir='ltr'>alio</span> <span class='ocrx_word' id='word_1_181' title='bbox 1021 2581 1083 2645; x_wconf 89' lang='lat' dir='ltr'>quo</span> <span class='ocrx_word' id='word_1_182' title='bbox 1111 2561 1202 2627; x_wconf 90' lang='lat' dir='ltr'>modo</span> 
     </span>
     <span class='ocr_line' id='line_1_20' title="bbox 97 2681 1202 2765; baseline -0.001 -18"><span class='ocrx_word' id='word_1_183' title='bbox 97 2685 256 2752; x_wconf 79' lang='lat' dir='ltr'>constituta</span> <span class='ocrx_word' id='word_1_184' title='bbox 277 2684 329 2759; x_wconf 87' lang='lat' dir='ltr'>sit,</span> <span class='ocrx_word' id='word_1_185' title='bbox 351 2701 453 2765; x_wconf 89' lang='lat' dir='ltr'>neqne</span> <span class='ocrx_word' id='word_1_186' title='bbox 475 2700 551 2750; x_wconf 90' lang='lat' dir='ltr'>usus</span> <span class='ocrx_word' id='word_1_187' title='bbox 576 2685 610 2750; x_wconf 89' lang='lat' dir='ltr'>id</span> <span class='ocrx_word' id='word_1_188' title='bbox 638 2701 707 2749; x_wconf 88' lang='lat' dir='ltr'>esse</span> <span class='ocrx_word' id='word_1_189' title='bbox 728 2684 855 2749; x_wconf 87' lang='lat' dir='ltr'>uidetur</span> <span class='ocrx_word' id='word_1_190' title='bbox 876 2701 978 2765; x_wconf 88' lang='lat' dir='ltr'>neque</span> <span class='ocrx_word' id='word_1_191' title='bbox 1005 2681 1202 2748; x_wconf 79' lang='lat' dir='ltr'>ususfructus</span> 
     </span>
     <span class='ocr_line' id='line_1_21' title="bbox 96 2802 1255 2888; baseline -0.003 -20"><span class='ocrx_word' id='word_1_192' title='bbox 96 2811 138 2868; x_wconf 89' lang='lat' dir='ltr'>set</span> <span class='ocrx_word' id='word_1_193' title='bbox 157 2807 245 2886; x_wconf 87' lang='lat' dir='ltr'>qnasi</span> <span class='ocrx_word' id='word_1_194' title='bbox 267 2803 428 2888; x_wconf 89' lang='lat' dir='ltr'>proprium</span> <span class='ocrx_word' id='word_1_195' title='bbox 451 2803 577 2884; x_wconf 85' lang='lat' dir='ltr'>aliquod</span> <span class='ocrx_word' id='word_1_196' title='bbox 600 2805 659 2868; x_wconf 88' lang='lat' dir='ltr'>ius.</span> <span class='ocrx_word' id='word_1_197' title='bbox 692 2803 868 2884; x_wconf 86' lang='lat' dir='ltr'>quaesitum</span> <span class='ocrx_word' id='word_1_198' title='bbox 890 2811 938 2868; x_wconf 88' lang='lat' dir='ltr'>cst</span> <span class='ocrx_word' id='word_1_199' title='bbox 961 2822 1001 2867; x_wconf 93' lang='lat' dir='ltr'>an</span> <span class='ocrx_word' id='word_1_200' title='bbox 1023 2802 1051 2866; x_wconf 89' lang='lat' dir='ltr'>is</span> <span class='ocrx_word' id='word_1_201' title='bbox 1073 2803 1126 2884; x_wconf 90' lang='lat' dir='ltr'>qui</span> <span class='ocrx_word' id='word_1_202' title='bbox 1148 2803 1201 2867; x_wconf 91' lang='lat' dir='ltr'>ha·</span> <span class='ocrx_word' id='word_1_203' title='bbox 1218 2833 1255 2884; x_wconf 72' lang='lat'>20</span> 
     </span>
     <span class='ocr_line' id='line_1_22' title="bbox 96 2921 1202 3005; baseline 0.002 -20"><span class='ocrx_word' id='word_1_204' title='bbox 96 2922 265 2991; x_wconf 87' lang='lat' dir='ltr'>bitationcm</span> <span class='ocrx_word' id='word_1_205' title='bbox 299 2923 414 2990; x_wconf 89' lang='lat' dir='ltr'>habeat</span> <span class='ocrx_word' id='word_1_206' title='bbox 447 2922 577 2988; x_wconf 87' lang='lat' dir='ltr'>eandem</span> <span class='ocrx_word' id='word_1_207' title='bbox 603 2921 658 2988; x_wconf 91' lang='lat' dir='ltr'>alii</span> <span class='ocrx_word' id='word_1_208' title='bbox 686 2923 790 2988; x_wconf 83' lang='lat' dir='ltr'>locare</span> <span class='ocrx_word' id='word_1_209' title='bbox 815 2921 932 3004; x_wconf 83' lang='lat' dir='ltr'>possit,</span> <span class='ocrx_word' id='word_1_210' title='bbox 964 2928 1012 3000; x_wconf 93' lang='lat' dir='ltr'>et,</span> <span class='ocrx_word' id='word_1_211' title='bbox 1044 2921 1202 3005; x_wconf 84' lang='lat' dir='ltr'>plerisque</span> 
     </span>
     <span class='ocr_line' id='line_1_23' title="bbox 94 3039 1200 3125; baseline 0 -21"><span class='ocrx_word' id='word_1_212' title='bbox 94 3039 304 3109; x_wconf 85' lang='lat' dir='ltr'>iureconsultis</span> <span class='ocrx_word' id='word_1_213' title='bbox 325 3041 529 3125; x_wconf 82' lang='lat' dir='ltr'>negantibus,</span> <span class='ocrx_word' id='word_1_214' title='bbox 552 3061 614 3108; x_wconf 89' lang='lat' dir='ltr'>uno</span> <span class='ocrx_word' id='word_1_215' title='bbox 643 3047 747 3106; x_wconf 89' lang='lat' dir='ltr'>autem</span> <span class='ocrx_word' id='word_1_216' title='bbox 771 3041 919 3106; x_wconf 88' lang='lat' dir='ltr'>Marcello</span> <span class='ocrx_word' id='word_1_217' title='bbox 947 3040 1050 3105; x_wconf 87' lang='lat' dir='ltr'>locare</span> <span class='ocrx_word' id='word_1_218' title='bbox 1075 3041 1200 3121; x_wconf 86' lang='lat' dir='ltr'>permit·</span> 
     </span>
     <span class='ocr_line' id='line_1_24' title="bbox 95 3158 1201 3244; baseline -0.004 -20"><span class='ocrx_word' id='word_1_219' title='bbox 95 3168 181 3241; x_wconf 80' lang='lat' dir='ltr'>teutc,</span> <span class='ocrx_word' id='word_1_220' title='bbox 203 3161 268 3230; x_wconf 85' lang='lat' dir='ltr'>late</span> <span class='ocrx_word' id='word_1_221' title='bbox 288 3169 338 3230; x_wconf 89' lang='lat' dir='ltr'>est</span> <span class='ocrx_word' id='word_1_222' title='bbox 360 3163 543 3229; x_wconf 86' lang='lat' dir='ltr'>constitutio</span> <span class='ocrx_word' id='word_1_223' title='bbox 564 3161 697 3244; x_wconf 86' lang='lat' dir='ltr'>piissimi</span> <span class='ocrx_word' id='word_1_224' title='bbox 720 3161 869 3240; x_wconf 89' lang='lat' dir='ltr'>principis</span> <span class='ocrx_word' id='word_1_225' title='bbox 899 3158 998 3225; x_wconf 89' lang='lat' dir='ltr'>nostri</span> <span class='ocrx_word' id='word_1_226' title='bbox 1021 3167 1201 3224; x_wconf 85' lang='lat' dir='ltr'>controuer-</span> 
     </span>
     <span class='ocr_line' id='line_1_25' title="bbox 94 3277 1201 3364; baseline -0.005 -20"><span class='ocrx_word' id='word_1_227' title='bbox 94 3281 167 3346; x_wconf 91' lang='lat' dir='ltr'>sium</span> <span class='ocrx_word' id='word_1_228' title='bbox 190 3282 334 3348; x_wconf 85' lang='lat' dir='ltr'>decidens</span> <span class='ocrx_word' id='word_1_229' title='bbox 361 3291 393 3348; x_wconf 91' lang='lat' dir='ltr'>et</span> <span class='ocrx_word' id='word_1_230' title='bbox 421 3279 561 3347; x_wconf 86' lang='lat' dir='ltr'>Marcelli</span> <span class='ocrx_word' id='word_1_231' title='bbox 588 3289 716 3364; x_wconf 89' lang='lat' dir='ltr'>propter</span> <span class='ocrx_word' id='word_1_232' title='bbox 744 3296 850 3344; x_wconf 88' lang='lat' dir='ltr'>rerum</span> <span class='ocrx_word' id='word_1_233' title='bbox 879 3277 1049 3344; x_wconf 85' lang='lat' dir='ltr'>utilitatem</span> <span class='ocrx_word' id='word_1_234' title='bbox 1078 3282 1201 3342; x_wconf 84' lang='lat' dir='ltr'>senten·</span> 
     </span>
     <span class='ocr_line' id='line_1_26' title="bbox 95 3394 1254 3484; baseline -0.003 -20"><span class='ocrx_word' id='word_1_235' title='bbox 95 3397 164 3464; x_wconf 87' lang='lat' dir='ltr'>tium</span> <span class='ocrx_word' id='word_1_236' title='bbox 185 3400 336 3484; x_wconf 82' lang='lat' dir='ltr'>umplona,</span> <span class='ocrx_word' id='word_1_237' title='bbox 358 3419 421 3484; x_wconf 90' lang='lat' dir='ltr'>qua</span> <span class='ocrx_word' id='word_1_238' title='bbox 442 3402 471 3466; x_wconf 92' lang='lat' dir='ltr'>ei</span> <span class='ocrx_word' id='word_1_239' title='bbox 492 3418 553 3465; x_wconf 90' lang='lat' dir='ltr'>uon</span> <span class='ocrx_word' id='word_1_240' title='bbox 576 3407 698 3464; x_wconf 91' lang='lat' dir='ltr'>tantum</span> <span class='ocrx_word' id='word_1_241' title='bbox 726 3400 759 3464; x_wconf 92' lang='lat' dir='ltr'>iu</span> <span class='ocrx_word' id='word_1_242' title='bbox 787 3417 825 3464; x_wconf 89' lang='lat' dir='ltr'>ea</span> <span class='ocrx_word' id='word_1_243' title='bbox 853 3399 966 3480; x_wconf 78' lang='lat' dir='ltr'>degere</span> <span class='ocrx_word' id='word_1_244' title='bbox 993 3404 1043 3463; x_wconf 90' lang='lat' dir='ltr'>set</span> <span class='ocrx_word' id='word_1_245' title='bbox 1070 3403 1102 3462; x_wconf 90' lang='lat' dir='ltr'>et</span> <span class='ocrx_word' id='word_1_246' title='bbox 1129 3394 1198 3460; x_wconf 89' lang='lat' dir='ltr'>aliis</span> <span class='ocrx_word' id='word_1_247' title='bbox 1216 3421 1254 3473; x_wconf 72' lang='lat'>25</span> 
     </span>
    </p>

    <p class='ocr_par' dir='ltr' id='par_1_6' title="bbox 61 3516 1200 3588">
     <span class='ocr_line' id='line_1_27' title="bbox 61 3516 1200 3588; baseline -0.004 -4"><span class='ocrx_word' id='word_1_248' title='bbox 61 3527 80 3577; x_wconf 79' lang='lat' dir='ltr'>t</span> <span class='ocrx_word' id='word_1_249' title='bbox 95 3535 157 3584; x_wconf 83' lang='lat' dir='ltr'>eam</span> <span class='ocrx_word' id='word_1_250' title='bbox 171 3516 273 3587; x_wconf 87' lang='lat' dir='ltr'>locare</span> <span class='ocrx_word' id='word_1_251' title='bbox 294 3521 483 3588; x_wconf 90' lang='lat' dir='ltr'>conceditur.</span> <span class='ocrx_word' id='word_1_252' title='bbox 506 3522 537 3584; x_wconf 83' lang='lat'>6.</span> <span class='ocrx_word' id='word_1_253' title='bbox 559 3518 680 3587; x_wconf 84' lang='lat' dir='ltr'>Sufficit</span> <span class='ocrx_word' id='word_1_254' title='bbox 700 3519 778 3585; x_wconf 89' lang='lat' dir='ltr'>hacc</span> <span class='ocrx_word' id='word_1_255' title='bbox 793 3520 832 3584; x_wconf 88' lang='lat' dir='ltr'>de</span> <span class='ocrx_word' id='word_1_256' title='bbox 847 3517 1052 3584; x_wconf 89' lang='lat' dir='ltr'>seruitutibus</span> <span class='ocrx_word' id='word_1_257' title='bbox 1074 3523 1106 3583; x_wconf 89' lang='grc' dir='ltr'><strong>ει</strong></span> <span class='ocrx_word' id='word_1_258' title='bbox 1127 3534 1200 3580; x_wconf 90' lang='lat' dir='ltr'>usu-</span> 
     </span>
    </p>
   </div>
   <div class='ocr_carea' id='block_1_3' title="bbox 0 0 1472 4704">
    <p class='ocr_par' dir='ltr' id='par_1_7' title="bbox 0 0 1472 4704">
     <span class='ocr_line' id='line_1_28' title="bbox 0 0 1472 4704; baseline 0 8"><span class='ocrx_word' id='word_1_259' title='bbox 0 0 1472 4704; x_wconf 95' lang='lat' dir='ltr'> </span> 
     </span>
    </p>
   </div>
  </div>
 </body>
</html>
