2898 4712
514 391 554 404 -
599 355 668 422 aaa·
703 391 746 404 -

78 541 115 604 sit
134 541 273 621 scriptus
301 541 407 622 heres,
435 543 502 608 sine
532 542 651 625 plures:
678 543 761 608 idest
789 547 826 610 nt
853 549 972 626 quarta·
993 561 1075 626 pars-
1095 543 1193 610 omni·

48 661 64 710 ¹·
79 661 166 724 modo
200 659 284 742 apud
316 661 463 726 heredem
496 661 668 728 heredesue
701 669 888 728 remaneret.
944 665 972 725 l.
1011 659 1089 728 Oum
1122 664 1192 744 quis

77 776 179 845 CCCC
202 799 370 845 aureorum
393 779 612 862 patrimonium
628 779 768 860 haberet,
791 782 869 847 duos
883 780 1068 847 heredesen
1081 781 1192 863 aequis

79 900 220 982 partibus
241 899 388 975 instituit,
412 899 528 965 Titium
551 908 583 966 et
597 899 717 966 Seium:
740 900 858 980 legauit
881 909 984 965 autem
1009 901 1192 965 nominatim

79 1019 190 1084 nXitio
214 1020 335 1084 dicens:
360 1019 635 1096 damuasesto‚
651 1018 749 1096 Titi,
772 1019 834 1083 illi
856 1027 893 1084 et
914 1017 979 1084 ilii
1001 1037 1063 1086 res
1086 1021 1190 1096 dare,
1225 1048 1244 1100 ὅ

78 1156 172 1218 qnae
195 1137 247 1204 00
268 1138 334 1204 uel
358 1137 498 1204 CLXXX
528 1157 738 1204 aureorum
761 1138 1080 1206 aestimationem
1102 1139 1192 1220 eiii-

79 1258 185 1324 ciant.
210 1277 231 1324 a
245 1257 316 1324 Seio
331 1264 436 1324 autem
451 1265 507 1323 aut
521 1258 597 1322 nihii
612 1257 739 1340 legauit
761 1265 818 1324 aut
838 1275 919 1339 quac
934 1258 1108 1338 portionem
1123 1257 1191 1322 eins

79 1377 239 1442 dumtaxat
261 1377 290 1440 in
314 1383 434 1458 partem
458 1376 614 1441 dimidiam
637 1379 820 1456 minuerent,
844 1379 889 1443 ita
911 1384 946 1442 nt
967 1375 993 1442 0
1015 1378 1103 1443 aurei
1125 1396 1192 1442 om·

80 1498 143 1562 nino
167 1499 196 1560 ei
220 1504 426 1564 remanerent.
450 1495 619 1562 notuerunt
641 1497 737 1578 igitur
758 1495 902 1579 legatarii
924 1516 950 1562 a»
966 1493 1047 1563 Titio
1069 1496 1192 1580 integra

81 1623 215 1696 petentes
236 1599 353 1698 legata:
376 1617 426 1682 hio
449 1635 541 1696 uero,
569 1627 678 1700 utpote
700 1617 754 1697 qui
778 1615 854 1683 nihil
883 1636 939 1683 seu
963 1617 1123 1681 minimum
1145 1618 1191 1681 iu·
1211 1626 1243 1678 10

78 1737 117 1800 cri
136 1741 209 1817 post
224 1736 445 1802 detractionem
469 1737 642 1818 legatorum
665 1737 817 1817 reliquum
838 1735 1015 1810 habuisset,
1036 1738 1190 1818 quadran·

78 1861 134 1920 tem
166 1874 243 1920 snae
276 1854 375 1937 partis
413 1857 549 1924 retinere
574 1858 714 1936 uolebat,
746 1855 829 1922 idest
861 1855 887 1922 L
921 1873 1041 1920 aureos
1095 1871 1190 1938 oppo-

83 1977 191 2040 nebant
211 1982 316 2040 antem
339 1975 484 2057 legatarii
505 1981 686 2044 testatorem
709 1974 852 2042 falcidiae
873 1975 933 2056 legi
963 1977 1042 2044 satis
1068 1975 1200 2053 iecisset

79 2111 141 2157 oum
170 2113 232 2159 non
259 2095 392 2174 amplius
419 2094 571 2161 dodrante
600 2095 712 2177 legatis
742 2095 948 2178 erogauisset3
975 2093 1077 2160 ‘littus
1102 2113 1188 2172 nero,
1299 2169 1304 2178 ,

83 2215 123 2278 uti
143 2215 258 2280 dictum
282 2222 338 2294 est,
362 2234 439 2281 suae
460 2216 560 2297 partis
581 2215 785 2297 quadrantem
814 2216 949 2281 retinere
975 2213 1111 2281 uolebat
1154 2213 1188 2280 id
1209 2229 1240 2282 uo

81 2353 144 2399 cnm
167 2344 251 2400 esset
272 2335 458 2417 quaesitum,
480 2335 602 2417 placuit
612 2334 750 2417 singulos
765 2332 826 2400 sibi
840 2333 1017 2401 relictorum
1032 2336 1189 2415 quadran:

82 2463 138 2520 tem
161 2453 294 2521 retinere
316 2472 417 2537 posse,
441 2473 497 2520 nec
517 2455 593 2534 qnia
614 2454 735 2534 integer
749 2453 843 2518 semis
859 2451 910 2520 uei
924 2453 1082 2536 quadrans
1103 2455 1188 2536 apud

83 2571 179 2640 Seium
200 2576 359 2652 manserit,
382 2574 452 2642 ideo
473 2572 631 2657 prohiberi
653 2573 768 2639 Titium
791 2575 957 2654 quominus
985 2573 1044 2638 sibi
1067 2572 1187 2640 relicto·

82 2711 144 2758 rum
167 2701 307 2774 quartam
331 2700 450 2774 partem
473 2691 618 2760 retineat.
662 2709 769 2760 omues
796 2693 878 2758 euim
905 2690 1035 2759 heredes
1057 2692 1117 2758 sibi
1140 2712 1188 2759 re·

48 2811 215 2880 edictorum
239 2819 394 2894 quartam·
411 2819 539 2895 partem·
561 2813 671 2878 saitem
699 2812 839 2895 accipere
867 2817 1000 2895 oportet
1044 2809 1076 2876 2.-
1108 2808 1186 2877 Cum
1204 2832 1240 2884 no

85 2949 153 2996 nero
183 2933 350 3000 dixerimus
382 2933 596 3017 quadrantem·
624 2934 774 2999 bonorum
807 2931 945 2999 defuncti
978 2929 1088 2998 heredi
1116 2949 1189 3000 esso
1221 2907 1223 2914 Ι

84 3051 269 3130 seruandum,
292 3053 400 3137 quaeri
423 3061 528 3136 potest
548 3048 673 3137 quando
700 3053 861 3120 testatoris
892 3053 1043 3119 bonorum
1065 3051 1186 3136 quanti·
