<?xml version="1.0" encoding="UTF-8"?>
<!DOCTYPE html PUBLIC "-//W3C//DTD XHTML 1.0 Transitional//EN"
    "http://www.w3.org/TR/xhtml1/DTD/xhtml1-transitional.dtd">
<html xmlns="http://www.w3.org/1999/xhtml" xml:lang="en" lang="en">
 <head>
  <title>
</title>
<meta http-equiv="Content-Type" content="text/html;charset=utf-8" />
  <meta name='ocr-system' content='tesseract 3.04.00' />
  <meta name='ocr-capabilities' content='ocr_page ocr_carea ocr_par ocr_line ocrx_word'/>
</head>
<body>
  <div class='ocr_page' id='page_1' title='image "./institutionumgr02linggoog_0586.png"; bbox 0 0 2876 4712; ppageno 0'>
   <div class='ocr_carea' id='block_1_1' title="bbox 519 360 753 424">
    <p class='ocr_par' dir='ltr' id='par_1_1' title="bbox 519 360 753 424">
     <span class='ocr_line' id='line_1_1' title="bbox 519 360 753 424; baseline 0.004 -1"><span class='ocrx_word' id='word_1_1' title='bbox 519 360 753 424; x_wconf 77' lang='lat'>-276-</span> 
     </span>
    </p>
   </div>
   <div class='ocr_carea' id='block_1_2' title="bbox 46 545 1249 3383">
    <p class='ocr_par' dir='ltr' id='par_1_2' title="bbox 82 545 1249 1470">
     <span class='ocr_line' id='line_1_2' title="bbox 87 545 1197 631; baseline -0.002 -19"><span class='ocrx_word' id='word_1_2' title='bbox 87 549 123 612; x_wconf 87' lang='lat' dir='ltr'><strong>lio</strong></span> <span class='ocrx_word' id='word_1_3' title='bbox 152 548 339 629; x_wconf 75' lang='lat' dir='ltr'><strong>praemortui</strong></span> <span class='ocrx_word' id='word_1_4' title='bbox 373 549 482 615; x_wconf 78' lang='lat' dir='ltr'><strong>fratris</strong></span> <span class='ocrx_word' id='word_1_5' title='bbox 515 549 619 631; x_wconf 91' lang='lat' dir='ltr'><strong>potior</strong></span> <span class='ocrx_word' id='word_1_6' title='bbox 652 549 713 614; x_wconf 89' lang='lat' dir='ltr'><strong>erit</strong></span> <span class='ocrx_word' id='word_1_7' title='bbox 748 554 857 631; x_wconf 81' lang='lat' dir='ltr'>utpote</span> <span class='ocrx_word' id='word_1_8' title='bbox 889 545 1088 630; x_wconf 83' lang='lat' dir='ltr'><strong>adgnationis</strong></span> <span class='ocrx_word' id='word_1_9' title='bbox 1128 546 1197 611; x_wconf 90' lang='lat' dir='ltr'><strong>iura</strong></span> 
     </span>
     <span class='ocr_line' id='line_1_3' title="bbox 86 665 1197 749; baseline -0.002 -17"><span class='ocrx_word' id='word_1_10' title='bbox 86 687 119 732; x_wconf 82' lang='lat' dir='ltr'><strong>ea</strong></span> <span class='ocrx_word' id='word_1_11' title='bbox 154 668 374 735; x_wconf 83' lang='lat' dir='ltr'><strong>constitutione</strong></span> <span class='ocrx_word' id='word_1_12' title='bbox 416 669 540 749; x_wconf 87' lang='lat' dir='ltr'><strong>adepta.</strong></span> <span class='ocrx_word' id='word_1_13' title='bbox 599 666 676 732; x_wconf 87' lang='lat' dir='ltr'><strong>iilud</strong></span> <span class='ocrx_word' id='word_1_14' title='bbox 715 685 791 732; x_wconf 91' lang='lat' dir='ltr'><strong>uero</strong></span> <span class='ocrx_word' id='word_1_15' title='bbox 834 667 903 732; x_wconf 79' lang='lat' dir='ltr'><strong>»in</strong></span> <span class='ocrx_word' id='word_1_16' title='bbox 944 665 1108 748; x_wconf 79' lang='lat' dir='ltr'><strong>capita·</strong></span> <span class='ocrx_word' id='word_1_17' title='bbox 1152 667 1197 730; x_wconf 88' lang='lat' dir='ltr'><strong>ita</strong></span> 
     </span>
     <span class='ocr_line' id='line_1_4' title="bbox 85 785 1195 867; baseline -0.001 -17"><span class='ocrx_word' id='word_1_18' title='bbox 85 794 139 851; x_wconf 86' lang='lat' dir='ltr'><strong>est:</strong></span> <span class='ocrx_word' id='word_1_19' title='bbox 175 796 210 851; x_wconf 92' lang='lat' dir='ltr'><strong>ut</strong></span> <span class='ocrx_word' id='word_1_20' title='bbox 253 805 344 864; x_wconf 88' lang='lat' dir='ltr'><strong>ecce,</strong></span> <span class='ocrx_word' id='word_1_21' title='bbox 389 789 520 867; x_wconf 82' lang='lat' dir='ltr'><strong>contigit</strong></span> <span class='ocrx_word' id='word_1_22' title='bbox 557 805 606 852; x_wconf 90' lang='lat' dir='ltr'><strong>me</strong></span> <span class='ocrx_word' id='word_1_23' title='bbox 638 785 823 851; x_wconf 90' lang='lat' dir='ltr'><strong>intestatum</strong></span> <span class='ocrx_word' id='word_1_24' title='bbox 862 787 954 864; x_wconf 83' lang='lat' dir='ltr'><strong>mori,</strong></span> <span class='ocrx_word' id='word_1_25' title='bbox 1003 788 1195 866; x_wconf 82' lang='lat' dir='ltr'><strong>praemortui</strong></span> 
     </span>
     <span class='ocr_line' id='line_1_5' title="bbox 84 881 1197 988; baseline -0.001 -18"><span class='ocrx_word' id='word_1_26' title='bbox 84 905 183 970; x_wconf 83' lang='lat' dir='ltr'><strong>fratris</strong></span> <span class='ocrx_word' id='word_1_27' title='bbox 227 913 259 972; x_wconf 87' lang='lat' dir='ltr'><strong>et</strong></span> <span class='ocrx_word' id='word_1_28' title='bbox 299 915 517 988; x_wconf 78' lang='lat' dir='ltr'><strong>praemortuae</strong></span> <span class='ocrx_word' id='word_1_29' title='bbox 561 907 677 972; x_wconf 86' lang='lat' dir='ltr'><strong>sororis</strong></span> <span class='ocrx_word' id='word_1_30' title='bbox 722 903 802 971; x_wconf 87' lang='lat' dir='ltr'><strong>diios</strong></span> <span class='ocrx_word' id='word_1_31' title='bbox 846 881 1081 985; x_wconf 70' lang='lat' dir='ltr'><strong>relinquentem.</strong></span> <span class='ocrx_word' id='word_1_32' title='bbox 1148 915 1197 970; x_wconf 90' lang='lat' dir='ltr'><strong>set</strong></span> 
     </span>
     <span class='ocr_line' id='line_1_6' title="bbox 83 1021 1249 1105; baseline 0.001 -18"><span class='ocrx_word' id='word_1_33' title='bbox 83 1025 183 1089; x_wconf 85' lang='lat' dir='ltr'><strong>fratris</strong></span> <span class='ocrx_word' id='word_1_34' title='bbox 205 1024 331 1104; x_wconf 85' lang='lat' dir='ltr'><strong>quidem</strong></span> <span class='ocrx_word' id='word_1_35' title='bbox 354 1033 444 1091; x_wconf 89' lang='lat' dir='ltr'><strong>erant</strong></span> <span class='ocrx_word' id='word_1_36' title='bbox 466 1021 516 1088; x_wconf 91' lang='lat'><strong>111</strong></span> <span class='ocrx_word' id='word_1_37' title='bbox 539 1024 588 1090; x_wconf 92' lang='lat' dir='ltr'><strong>uel</strong></span> <span class='ocrx_word' id='word_1_38' title='bbox 616 1024 815 1105; x_wconf 85' lang='lat' dir='ltr'><strong>etiam1111;</strong></span> <span class='ocrx_word' id='word_1_39' title='bbox 842 1023 959 1090; x_wconf 90' lang='lat' dir='ltr'><strong>sororis</strong></span> <span class='ocrx_word' id='word_1_40' title='bbox 986 1035 1091 1090; x_wconf 84' lang='lat' dir='ltr'><strong>autem</strong></span> <span class='ocrx_word' id='word_1_41' title='bbox 1116 1044 1196 1090; x_wconf 84' lang='lat' dir='ltr'><strong>unus</strong></span> <span class='ocrx_word' id='word_1_42' title='bbox 1231 1025 1249 1074; x_wconf 81' lang='lat'>⁵</span> 
     </span>
     <span class='ocr_line' id='line_1_7' title="bbox 84 1141 1197 1228; baseline 0.003 -20"><span class='ocrx_word' id='word_1_43' title='bbox 84 1145 241 1210; x_wconf 87' lang='lat' dir='ltr'><strong>ueletiam</strong></span> <span class='ocrx_word' id='word_1_44' title='bbox 265 1141 304 1208; x_wconf 90' lang='lat'><strong>11.</strong></span> <span class='ocrx_word' id='word_1_45' title='bbox 348 1163 411 1210; x_wconf 92' lang='lat' dir='ltr'><strong>non</strong></span> <span class='ocrx_word' id='word_1_46' title='bbox 432 1149 558 1226; x_wconf 87' lang='lat' dir='ltr'><strong>oportet</strong></span> <span class='ocrx_word' id='word_1_47' title='bbox 578 1146 682 1212; x_wconf 90' lang='lat' dir='ltr'><strong>dicere</strong></span> <span class='ocrx_word' id='word_1_48' title='bbox 704 1143 820 1212; x_wconf 89' lang='lat' dir='ltr'><strong>sororia</strong></span> <span class='ocrx_word' id='word_1_49' title='bbox 843 1143 923 1212; x_wconf 86' lang='lat' dir='ltr'><strong>filios</strong></span> <span class='ocrx_word' id='word_1_50' title='bbox 946 1145 1104 1212; x_wconf 89' lang='lat' dir='ltr'><strong>dimidiam</strong></span> <span class='ocrx_word' id='word_1_51' title='bbox 1128 1163 1197 1228; x_wconf 91' lang='lat' dir='ltr'><strong>par·</strong></span> 
     </span>
     <span class='ocr_line' id='line_1_8' title="bbox 83 1263 1198 1348; baseline 0.002 -19"><span class='ocrx_word' id='word_1_52' title='bbox 83 1273 147 1344; x_wconf 88' lang='lat' dir='ltr'><strong>tem,</strong></span> <span class='ocrx_word' id='word_1_53' title='bbox 170 1263 277 1330; x_wconf 80' lang='lat' dir='ltr'><strong>fratris</strong></span> <span class='ocrx_word' id='word_1_54' title='bbox 305 1283 381 1330; x_wconf 92' lang='lat' dir='ltr'><strong>uero</strong></span> <span class='ocrx_word' id='word_1_55' title='bbox 411 1266 542 1331; x_wconf 86' lang='lat' dir='ltr'><strong>alteram</strong></span> <span class='ocrx_word' id='word_1_56' title='bbox 572 1265 730 1332; x_wconf 87' lang='lat' dir='ltr'><strong>dimidiam</strong></span> <span class='ocrx_word' id='word_1_57' title='bbox 760 1267 927 1348; x_wconf 78' lang='lat' dir='ltr'><strong>consequi3</strong></span> <span class='ocrx_word' id='word_1_58' title='bbox 958 1277 1006 1332; x_wconf 88' lang='lat' dir='ltr'><strong>set</strong></span> <span class='ocrx_word' id='word_1_59' title='bbox 1035 1269 1065 1332; x_wconf 92' lang='lat' dir='ltr'><strong>in</strong></span> <span class='ocrx_word' id='word_1_60' title='bbox 1095 1268 1198 1346; x_wconf 87' lang='lat' dir='ltr'><strong>capita</strong></span> 
     </span>
     <span class='ocr_line' id='line_1_9' title="bbox 82 1383 1198 1470; baseline 0.002 -22"><span class='ocrx_word' id='word_1_61' title='bbox 82 1384 186 1451; x_wconf 91' lang='lat' dir='ltr'><strong>diuisio</strong></span> <span class='ocrx_word' id='word_1_62' title='bbox 209 1384 255 1464; x_wconf 86' lang='lat' dir='ltr'><strong>dt,</strong></span> <span class='ocrx_word' id='word_1_63' title='bbox 278 1391 374 1468; x_wconf 83' lang='lat' dir='ltr'><strong>atque</strong></span> <span class='ocrx_word' id='word_1_64' title='bbox 400 1384 508 1450; x_wconf 84' lang='lat' dir='ltr'><strong>fratris</strong></span> <span class='ocrx_word' id='word_1_65' title='bbox 530 1383 585 1450; x_wconf 88' lang='lat' dir='ltr'><strong>filii</strong></span> <span class='ocrx_word' id='word_1_66' title='bbox 608 1405 677 1453; x_wconf 91' lang='lat' dir='ltr'><strong>cum</strong></span> <span class='ocrx_word' id='word_1_67' title='bbox 700 1385 766 1450; x_wconf 91' lang='lat'><em>1111</em></span> <span class='ocrx_word' id='word_1_68' title='bbox 788 1388 867 1464; x_wconf 83' lang='lat' dir='ltr'><strong>sint,</strong></span> <span class='ocrx_word' id='word_1_69' title='bbox 898 1394 1050 1470; x_wconf 89' lang='lat' dir='ltr'><strong>quattuor</strong></span> <span class='ocrx_word' id='word_1_70' title='bbox 1070 1387 1198 1468; x_wconf 89' lang='lat' dir='ltr'><strong>capiunt</strong></span> 
     </span>
    </p>

    <p class='ocr_par' dir='ltr' id='par_1_3' title="bbox 46 1504 1248 3383">
     <span class='ocr_line' id='line_1_10' title="bbox 46 1504 1197 1586; baseline 0.004 -20"><span class='ocrx_word' id='word_1_71' title='bbox 46 1517 65 1566; x_wconf 81' lang='lat' dir='ltr'><strong>a.</strong></span> <span class='ocrx_word' id='word_1_72' title='bbox 81 1511 195 1582; x_wconf 63' lang='lat' dir='ltr'><strong>partem</strong></span> <span class='ocrx_word' id='word_1_73' title='bbox 218 1505 335 1570; x_wconf 89' lang='lat' dir='ltr'><strong>sororis</strong></span> <span class='ocrx_word' id='word_1_74' title='bbox 356 1522 434 1570; x_wconf 92' lang='lat' dir='ltr'><strong>uero</strong></span> <span class='ocrx_word' id='word_1_75' title='bbox 456 1521 527 1570; x_wconf 91' lang='lat' dir='ltr'><strong>eum</strong></span> <span class='ocrx_word' id='word_1_76' title='bbox 549 1505 611 1570; x_wconf 91' lang='lat' dir='ltr'><strong>dno</strong></span> <span class='ocrx_word' id='word_1_77' title='bbox 634 1504 707 1582; x_wconf 77' lang='lat' dir='ltr'><strong>sint,</strong></span> <span class='ocrx_word' id='word_1_78' title='bbox 732 1505 760 1570; x_wconf 87' lang='grc' dir='ltr'><strong>ΙΙ</strong></span> <span class='ocrx_word' id='word_1_79' title='bbox 782 1513 888 1586; x_wconf 84' lang='lat' dir='ltr'><strong>partes</strong></span> <span class='ocrx_word' id='word_1_80' title='bbox 911 1507 1037 1572; x_wconf 80' lang='lat' dir='ltr'><strong>habent</strong></span> <span class='ocrx_word' id='word_1_81' title='bbox 1061 1509 1091 1572; x_wconf 84' lang='lat'><strong>5.</strong></span> <span class='ocrx_word' id='word_1_82' title='bbox 1114 1506 1197 1572; x_wconf 88' lang='lat' dir='ltr'><strong>Mor·</strong></span> 
     </span>
     <span class='ocr_line' id='line_1_11' title="bbox 82 1623 1248 1707; baseline 0.002 -21"><span class='ocrx_word' id='word_1_83' title='bbox 82 1632 146 1688; x_wconf 86' lang='lat' dir='ltr'><strong>tuus</strong></span> <span class='ocrx_word' id='word_1_84' title='bbox 168 1623 367 1707; x_wconf 85' lang='lat' dir='ltr'><strong>estquidam</strong></span> <span class='ocrx_word' id='word_1_85' title='bbox 390 1623 572 1702; x_wconf 85' lang='lat' dir='ltr'><strong>intestatus,</strong></span> <span class='ocrx_word' id='word_1_86' title='bbox 596 1624 737 1707; x_wconf 90' lang='lat' dir='ltr'><strong>pluribus</strong></span> <span class='ocrx_word' id='word_1_87' title='bbox 766 1625 911 1706; x_wconf 86' lang='lat' dir='ltr'><strong>adgnatie</strong></span> <span class='ocrx_word' id='word_1_88' title='bbox 940 1624 1058 1691; x_wconf 92' lang='lat' dir='ltr'><strong>diuersi</strong></span> <span class='ocrx_word' id='word_1_89' title='bbox 1080 1627 1196 1707; x_wconf 62' lang='lat' dir='ltr'><strong>medus</strong></span> <span class='ocrx_word' id='word_1_90' title='bbox 1217 1638 1248 1689; x_wconf 90' lang='lat'><strong>10</strong></span> 
     </span>
     <span class='ocr_line' id='line_1_12' title="bbox 80 1741 1196 1828; baseline 0.004 -22"><span class='ocrx_word' id='word_1_91' title='bbox 80 1743 269 1810; x_wconf 76' lang='lat' dir='ltr'><strong>extantibus:</strong></span> <span class='ocrx_word' id='word_1_92' title='bbox 292 1742 343 1810; x_wconf 85' lang='lat' dir='ltr'><strong>lex</strong></span> <span class='ocrx_word' id='word_1_93' title='bbox 364 1741 425 1808; x_wconf 85' lang='lat' dir='ltr'><strong>XII</strong></span> <span class='ocrx_word' id='word_1_94' title='bbox 448 1742 626 1810; x_wconf 88' lang='lat' dir='ltr'><strong>tabularum</strong></span> <span class='ocrx_word' id='word_1_95' title='bbox 649 1745 822 1827; x_wconf 85' lang='lat' dir='ltr'><strong>proximum</strong></span> <span class='ocrx_word' id='word_1_96' title='bbox 846 1751 947 1811; x_wconf 84' lang='lat' dir='ltr'><strong>uocat</strong></span> <span class='ocrx_word' id='word_1_97' title='bbox 976 1747 1085 1828; x_wconf 87' lang='lat' dir='ltr'><strong>itaque</strong></span> <span class='ocrx_word' id='word_1_98' title='bbox 1106 1747 1196 1812; x_wconf 89' lang='lat' dir='ltr'><strong>uerbi</strong></span> 
     </span>
     <span class='ocr_line' id='line_1_13' title="bbox 79 1861 1195 1948; baseline 0.004 -22"><span class='ocrx_word' id='word_1_99' title='bbox 79 1865 173 1942; x_wconf 79' lang='lat' dir='ltr'><strong>gratia</strong></span> <span class='ocrx_word' id='word_1_100' title='bbox 195 1865 224 1928; x_wconf 88' lang='lat' dir='ltr'><strong>si</strong></span> <span class='ocrx_word' id='word_1_101' title='bbox 247 1863 344 1928; x_wconf 84' lang='lat' dir='ltr'><strong>irater</strong></span> <span class='ocrx_word' id='word_1_102' title='bbox 366 1862 505 1930; x_wconf 82' lang='lat' dir='ltr'><strong>defuncti</strong></span> <span class='ocrx_word' id='word_1_103' title='bbox 532 1863 670 1945; x_wconf 85' lang='lat' dir='ltr'><strong>supersit</strong></span> <span class='ocrx_word' id='word_1_104' title='bbox 699 1861 953 1948; x_wconf 86' lang='lat' dir='ltr'><strong>praemortuique</strong></span> <span class='ocrx_word' id='word_1_105' title='bbox 974 1865 1081 1932; x_wconf 83' lang='lat' dir='ltr'><strong>fratria</strong></span> <span class='ocrx_word' id='word_1_106' title='bbox 1102 1864 1195 1943; x_wconf 84' lang='lat' dir='ltr'><strong>iilius,</strong></span> 
     </span>
     <span class='ocr_line' id='line_1_14' title="bbox 81 1982 1194 2066; baseline 0.004 -22"><span class='ocrx_word' id='word_1_107' title='bbox 81 1982 240 2048; x_wconf 88' lang='lat' dir='ltr'><strong>ueletiam</strong></span> <span class='ocrx_word' id='word_1_108' title='bbox 273 1992 420 2066; x_wconf 86' lang='lat' dir='ltr'><strong>patruus,</strong></span> <span class='ocrx_word' id='word_1_109' title='bbox 449 1985 553 2065; x_wconf 89' lang='lat' dir='ltr'><strong>potior</strong></span> <span class='ocrx_word' id='word_1_110' title='bbox 579 1987 640 2050; x_wconf 87' lang='lat' dir='ltr'><strong>erit</strong></span> <span class='ocrx_word' id='word_1_111' title='bbox 667 1985 781 2062; x_wconf 86' lang='lat' dir='ltr'><strong>irater,</strong></span> <span class='ocrx_word' id='word_1_112' title='bbox 812 2003 882 2050; x_wconf 89' lang='lat' dir='ltr'><strong>eum</strong></span> <span class='ocrx_word' id='word_1_113' title='bbox 910 1985 960 2051; x_wconf 88' lang='lat' dir='ltr'><strong>hie</strong></span> <span class='ocrx_word' id='word_1_114' title='bbox 982 1985 1127 2062; x_wconf 86' lang='lat' dir='ltr'><strong>secundi,</strong></span> <span class='ocrx_word' id='word_1_115' title='bbox 1150 1985 1194 2050; x_wconf 91' lang='lat' dir='ltr'><strong>illi</strong></span> 
     </span>
     <span class='ocr_line' id='line_1_15' title="bbox 81 2103 1196 2188; baseline 0.004 -22"><span class='ocrx_word' id='word_1_116' title='bbox 81 2121 147 2167; x_wconf 90' lang='lat' dir='ltr'><strong>uero</strong></span> <span class='ocrx_word' id='word_1_117' title='bbox 170 2103 258 2169; x_wconf 88' lang='lat' dir='ltr'><strong>tertii</strong></span> <span class='ocrx_word' id='word_1_118' title='bbox 281 2104 344 2168; x_wconf 90' lang='lat' dir='ltr'><strong>sint</strong></span> <span class='ocrx_word' id='word_1_119' title='bbox 365 2104 492 2186; x_wconf 84' lang='lat' dir='ltr'><strong>gradus.</strong></span> <span class='ocrx_word' id='word_1_120' title='bbox 544 2122 605 2170; x_wconf 92' lang='lat' dir='ltr'><strong>noo</strong></span> <span class='ocrx_word' id='word_1_121' title='bbox 629 2105 720 2170; x_wconf 93' lang='lat' dir='ltr'><strong>modo</strong></span> <span class='ocrx_word' id='word_1_122' title='bbox 749 2111 855 2170; x_wconf 87' lang='lat' dir='ltr'><strong>autam</strong></span> <span class='ocrx_word' id='word_1_123' title='bbox 884 2122 953 2170; x_wconf 90' lang='lat' dir='ltr'><strong>cum</strong></span> <span class='ocrx_word' id='word_1_124' title='bbox 982 2123 1063 2170; x_wconf 83' lang='lat' dir='ltr'><strong>unns</strong></span> <span class='ocrx_word' id='word_1_125' title='bbox 1092 2106 1196 2188; x_wconf 84' lang='lat' dir='ltr'><strong>proxi·</strong></span> 
     </span>
     <span class='ocr_line' id='line_1_16' title="bbox 79 2223 1248 2307; baseline 0.003 -22"><span class='ocrx_word' id='word_1_126' title='bbox 79 2240 140 2287; x_wconf 89' lang='lat' dir='ltr'><strong>rous</strong></span> <span class='ocrx_word' id='word_1_127' title='bbox 161 2223 204 2286; x_wconf 88' lang='lat' dir='ltr'><strong>sit</strong></span> <span class='ocrx_word' id='word_1_128' title='bbox 228 2224 267 2288; x_wconf 88' lang='lat' dir='ltr'><strong>ad</strong></span> <span class='ocrx_word' id='word_1_129' title='bbox 290 2223 495 2289; x_wconf 86' lang='lat' dir='ltr'><strong>hereditatem</strong></span> <span class='ocrx_word' id='word_1_130' title='bbox 520 2223 658 2290; x_wconf 79' lang='lat' dir='ltr'><strong>defuncti</strong></span> <span class='ocrx_word' id='word_1_131' title='bbox 680 2233 829 2302; x_wconf 83' lang='lat' dir='ltr'><strong>uocatur,</strong></span> <span class='ocrx_word' id='word_1_132' title='bbox 852 2231 901 2290; x_wconf 90' lang='lat' dir='ltr'><strong>set</strong></span> <span class='ocrx_word' id='word_1_133' title='bbox 923 2223 1017 2290; x_wconf 89' lang='lat' dir='ltr'><strong>etiam</strong></span> <span class='ocrx_word' id='word_1_134' title='bbox 1040 2227 1066 2289; x_wconf 91' lang='lat' dir='ltr'><strong>si</strong></span> <span class='ocrx_word' id='word_1_135' title='bbox 1088 2227 1195 2307; x_wconf 86' lang='lat' dir='ltr'><strong>plures</strong></span> <span class='ocrx_word' id='word_1_136' title='bbox 1216 2229 1248 2280; x_wconf 78' lang='lat'><strong>1⁵</strong></span> 
     </span>
     <span class='ocr_line' id='line_1_17' title="bbox 79 2341 1196 2426; baseline 0.006 -22"><span class='ocrx_word' id='word_1_137' title='bbox 79 2341 210 2408; x_wconf 88' lang='lat' dir='ltr'><strong>eiusdem</strong></span> <span class='ocrx_word' id='word_1_138' title='bbox 236 2345 367 2424; x_wconf 82' lang='lat' dir='ltr'><strong>proximi</strong></span> <span class='ocrx_word' id='word_1_139' title='bbox 389 2344 504 2426; x_wconf 85' lang='lat' dir='ltr'><strong>gradus</strong></span> <span class='ocrx_word' id='word_1_140' title='bbox 531 2343 611 2422; x_wconf 87' lang='lat' dir='ltr'><strong>sint,</strong></span> <span class='ocrx_word' id='word_1_141' title='bbox 640 2345 743 2409; x_wconf 89' lang='lat' dir='ltr'><strong>cuncti</strong></span> <span class='ocrx_word' id='word_1_142' title='bbox 771 2345 890 2409; x_wconf 90' lang='lat' dir='ltr'><strong>adeunt</strong></span> <span class='ocrx_word' id='word_1_143' title='bbox 916 2343 1024 2420; x_wconf 83' lang='lat' dir='ltr'><strong>simui,</strong></span> <span class='ocrx_word' id='word_1_144' title='bbox 1052 2349 1196 2426; x_wconf 86' lang='lat' dir='ltr'><strong>quamuis</strong></span> 
     </span>
     <span class='ocr_line' id='line_1_18' title="bbox 79 2461 1195 2548; baseline 0.004 -22"><span class='ocrx_word' id='word_1_145' title='bbox 79 2481 200 2528; x_wconf 90' lang='lat' dir='ltr'><strong>numero</strong></span> <span class='ocrx_word' id='word_1_146' title='bbox 225 2462 376 2544; x_wconf 82' lang='lat' dir='ltr'><strong>singulari</strong></span> <span class='ocrx_word' id='word_1_147' title='bbox 398 2461 448 2528; x_wconf 84' lang='lat' dir='ltr'><strong>lex</strong></span> <span class='ocrx_word' id='word_1_148' title='bbox 471 2463 632 2530; x_wconf 88' lang='lat' dir='ltr'><strong>duodecim</strong></span> <span class='ocrx_word' id='word_1_149' title='bbox 655 2462 832 2529; x_wconf 88' lang='lat' dir='ltr'><strong>tabularum</strong></span> <span class='ocrx_word' id='word_1_150' title='bbox 864 2482 921 2529; x_wconf 87' lang='lat' dir='ltr'><strong>usa</strong></span> <span class='ocrx_word' id='word_1_151' title='bbox 949 2465 1049 2532; x_wconf 89' lang='lat' dir='ltr'><strong>dicat:</strong></span> <span class='ocrx_word' id='word_1_152' title='bbox 1081 2484 1195 2548; x_wconf 75' lang='lat' dir='ltr'><strong>»pro-</strong></span> 
     </span>
     <span class='ocr_line' id='line_1_19' title="bbox 78 2583 1195 2670; baseline 0.004 -25"><span class='ocrx_word' id='word_1_153' title='bbox 78 2583 208 2648; x_wconf 84' lang='lat' dir='ltr'><strong>ximum</strong></span> <span class='ocrx_word' id='word_1_154' title='bbox 233 2583 454 2664; x_wconf 75' lang='lat' dir='ltr'><strong>praefero«,</strong></span> <span class='ocrx_word' id='word_1_155' title='bbox 478 2603 539 2650; x_wconf 88' lang='lat' dir='ltr'><strong>oon</strong></span> <span class='ocrx_word' id='word_1_156' title='bbox 562 2603 653 2650; x_wconf 90' lang='lat' dir='ltr'><strong>uero:</strong></span> <span class='ocrx_word' id='word_1_157' title='bbox 678 2584 933 2668; x_wconf 75' lang='lat' dir='ltr'><strong>»proximos«.</strong></span> <span class='ocrx_word' id='word_1_158' title='bbox 959 2583 1059 2670; x_wconf 79' lang='lat' dir='ltr'><strong>igitur</strong></span> <span class='ocrx_word' id='word_1_159' title='bbox 1081 2586 1108 2649; x_wconf 92' lang='lat' dir='ltr'><strong>si</strong></span> <span class='ocrx_word' id='word_1_160' title='bbox 1130 2593 1195 2650; x_wconf 87' lang='lat' dir='ltr'><strong>tres</strong></span> 
     </span>
     <span class='ocr_line' id='line_1_20' title="bbox 79 2701 1195 2788; baseline 0.005 -24"><span class='ocrx_word' id='word_1_161' title='bbox 79 2701 136 2767; x_wconf 87' lang='lat' dir='ltr'><strong>sint</strong></span> <span class='ocrx_word' id='word_1_162' title='bbox 156 2702 304 2769; x_wconf 79' lang='lat' dir='ltr'><strong>defuncto</strong></span> <span class='ocrx_word' id='word_1_163' title='bbox 327 2703 440 2770; x_wconf 85' lang='lat' dir='ltr'><strong>iratres</strong></span> <span class='ocrx_word' id='word_1_164' title='bbox 463 2713 558 2788; x_wconf 85' lang='lat' dir='ltr'><strong>atque</strong></span> <span class='ocrx_word' id='word_1_165' title='bbox 581 2705 673 2770; x_wconf 87' lang='lat' dir='ltr'><strong>unius</strong></span> <span class='ocrx_word' id='word_1_166' title='bbox 694 2703 887 2786; x_wconf 88' lang='lat' dir='ltr'><strong>praemortui</strong></span> <span class='ocrx_word' id='word_1_167' title='bbox 903 2701 994 2782; x_wconf 84' lang='lat' dir='ltr'><strong>filius,</strong></span> <span class='ocrx_word' id='word_1_168' title='bbox 1018 2702 1195 2770; x_wconf 77' lang='lat' dir='ltr'><strong>ultranea</strong></span> 
     </span>
     <span class='ocr_line' id='line_1_21' title="bbox 78 2799 1248 2906; baseline 0.006 -21"><span class='ocrx_word' id='word_1_169' title='bbox 78 2819 210 2887; x_wconf 81' lang='lat' dir='ltr'><strong>defuncti</strong></span> <span class='ocrx_word' id='word_1_170' title='bbox 226 2821 430 2889; x_wconf 87' lang='lat' dir='ltr'><strong>hereditatem</strong></span> <span class='ocrx_word' id='word_1_171' title='bbox 446 2799 571 2906; x_wconf 88' lang='lat' dir='ltr'><strong>capient</strong></span> <span class='ocrx_word' id='word_1_172' title='bbox 584 2821 691 2888; x_wconf 81' lang='lat' dir='ltr'><strong>fratria</strong></span> <span class='ocrx_word' id='word_1_173' title='bbox 707 2820 770 2887; x_wconf 89' lang='lat' dir='ltr'><strong>filio</strong></span> <span class='ocrx_word' id='word_1_174' title='bbox 792 2820 891 2887; x_wconf 83' lang='lat' dir='ltr'><strong>habiti</strong></span> <span class='ocrx_word' id='word_1_175' title='bbox 906 2824 1054 2904; x_wconf 89' lang='lat' dir='ltr'><strong>potiores.</strong></span> <span class='ocrx_word' id='word_1_176' title='bbox 1079 2831 1111 2890; x_wconf 93' lang='lat' dir='ltr'><strong>et</strong></span> <span class='ocrx_word' id='word_1_177' title='bbox 1125 2841 1190 2889; x_wconf 91' lang='lat' dir='ltr'><strong>rur·</strong></span> <span class='ocrx_word' id='word_1_178' title='bbox 1212 2842 1248 2892; x_wconf 90' lang='lat' dir='ltr'><strong>ao</strong></span> 
     </span>
     <span class='ocr_line' id='line_1_22' title="bbox 79 2939 1193 3024; baseline 0.003 -21"><span class='ocrx_word' id='word_1_179' title='bbox 79 2958 126 3004; x_wconf 86' lang='lat' dir='ltr'><strong>sos</strong></span> <span class='ocrx_word' id='word_1_180' title='bbox 146 2943 230 3022; x_wconf 86' lang='lat' dir='ltr'><strong>qnod</strong></span> <span class='ocrx_word' id='word_1_181' title='bbox 254 2943 285 3006; x_wconf 93' lang='lat' dir='ltr'><strong>iu</strong></span> <span class='ocrx_word' id='word_1_182' title='bbox 310 2941 369 3008; x_wconf 85' lang='lat' dir='ltr'><strong>XII</strong></span> <span class='ocrx_word' id='word_1_183' title='bbox 394 2945 639 3024; x_wconf 82' lang='lat' dir='ltr'><strong>»proximus«</strong></span> <span class='ocrx_word' id='word_1_184' title='bbox 659 2941 783 3024; x_wconf 86' lang='lat' dir='ltr'><strong>dicitur,</strong></span> <span class='ocrx_word' id='word_1_185' title='bbox 798 2941 832 3006; x_wconf 93' lang='lat' dir='ltr'><strong>id</strong></span> <span class='ocrx_word' id='word_1_186' title='bbox 848 2939 1043 3022; x_wconf 86' lang='lat' dir='ltr'><strong>potissimum</strong></span> <span class='ocrx_word' id='word_1_187' title='bbox 1059 2939 1193 3022; x_wconf 91' lang='lat' dir='ltr'><strong>plurium</strong></span> 
     </span>
     <span class='ocr_line' id='line_1_23' title="bbox 78 3059 1194 3142; baseline 0.002 -20"><span class='ocrx_word' id='word_1_188' title='bbox 78 3059 225 3138; x_wconf 84' lang='lat' dir='ltr'><strong>graduum</strong></span> <span class='ocrx_word' id='word_1_189' title='bbox 247 3059 510 3142; x_wconf 85' lang='lat' dir='ltr'><strong>comparationem</strong></span> <span class='ocrx_word' id='word_1_190' title='bbox 534 3062 680 3134; x_wconf 79' lang='lat' dir='ltr'><strong>ostendit,</strong></span> <span class='ocrx_word' id='word_1_191' title='bbox 703 3068 760 3137; x_wconf 86' lang='lat' dir='ltr'><strong>set,</strong></span> <span class='ocrx_word' id='word_1_192' title='bbox 783 3060 928 3142; x_wconf 86' lang='lat' dir='ltr'><strong>quamuis</strong></span> <span class='ocrx_word' id='word_1_193' title='bbox 944 3059 974 3124; x_wconf 96' lang='lat' dir='ltr'><strong>id</strong></span> <span class='ocrx_word' id='word_1_194' title='bbox 991 3059 1078 3125; x_wconf 86' lang='lat' dir='ltr'><strong>uocis</strong></span> <span class='ocrx_word' id='word_1_195' title='bbox 1100 3060 1194 3140; x_wconf 83' lang='lat' dir='ltr'><strong>signi·</strong></span> 
     </span>
     <span class='ocr_line' id='line_1_24' title="bbox 79 3175 1193 3263; baseline 0.003 -22"><span class='ocrx_word' id='word_1_196' title='bbox 79 3175 173 3244; x_wconf 86' lang='lat' dir='ltr'><strong>ficatio</strong></span> <span class='ocrx_word' id='word_1_197' title='bbox 195 3180 323 3255; x_wconf 82' lang='lat' dir='ltr'><strong>indicet,</strong></span> <span class='ocrx_word' id='word_1_198' title='bbox 346 3190 467 3259; x_wconf 85' lang='lat' dir='ltr'><strong>tamen,</strong></span> <span class='ocrx_word' id='word_1_199' title='bbox 495 3181 520 3245; x_wconf 91' lang='lat' dir='ltr'><strong>si</strong></span> <span class='ocrx_word' id='word_1_200' title='bbox 544 3180 597 3247; x_wconf 86' lang='lat' dir='ltr'><strong>uel</strong></span> <span class='ocrx_word' id='word_1_201' title='bbox 619 3200 699 3246; x_wconf 91' lang='lat' dir='ltr'><strong>uuus</strong></span> <span class='ocrx_word' id='word_1_202' title='bbox 729 3186 814 3246; x_wconf 80' lang='lat' dir='ltr'><strong>extet</strong></span> <span class='ocrx_word' id='word_1_203' title='bbox 841 3181 974 3263; x_wconf 63' lang='lat' dir='ltr'><strong>matins,</strong></span> <span class='ocrx_word' id='word_1_204' title='bbox 1005 3178 1193 3245; x_wconf 86' lang='lat' dir='ltr'><strong>successioni</strong></span> 
     </span>
     <span class='ocr_line' id='line_1_25' title="bbox 78 3299 1194 3383; baseline 0.002 -21"><span class='ocrx_word' id='word_1_205' title='bbox 78 3317 112 3362; x_wconf 86' lang='lat' dir='ltr'><strong>aa</strong></span> <span class='ocrx_word' id='word_1_206' title='bbox 130 3299 192 3365; x_wconf 85' lang='lat' dir='ltr'><strong>XII</strong></span> <span class='ocrx_word' id='word_1_207' title='bbox 216 3301 331 3368; x_wconf 85' lang='lat' dir='ltr'><strong>tabuiis</strong></span> <span class='ocrx_word' id='word_1_208' title='bbox 353 3301 440 3368; x_wconf 88' lang='lat' dir='ltr'><strong>locos</strong></span> <span class='ocrx_word' id='word_1_209' title='bbox 462 3299 507 3366; x_wconf 83' lang='lat' dir='ltr'><strong>fit.</strong></span> <span class='ocrx_word' id='word_1_210' title='bbox 552 3311 586 3366; x_wconf 90' lang='lat' dir='ltr'><strong>ut</strong></span> <span class='ocrx_word' id='word_1_211' title='bbox 609 3321 680 3368; x_wconf 88' lang='lat' dir='ltr'><strong>ecce</strong></span> <span class='ocrx_word' id='word_1_212' title='bbox 702 3309 844 3366; x_wconf 77' lang='lat' dir='ltr'><strong>mortum</strong></span> <span class='ocrx_word' id='word_1_213' title='bbox 874 3309 923 3368; x_wconf 88' lang='lat' dir='ltr'><strong>cst</strong></span> <span class='ocrx_word' id='word_1_214' title='bbox 949 3301 1020 3383; x_wconf 90' lang='lat' dir='ltr'><strong>quis</strong></span> <span class='ocrx_word' id='word_1_215' title='bbox 1047 3308 1194 3382; x_wconf 87' lang='lat' dir='ltr'><strong>patruum</strong></span> 
     </span>
    </p>
   </div>
   <div class='ocr_carea' id='block_1_3' title="bbox 0 0 1442 4712">
    <p class='ocr_par' dir='ltr' id='par_1_4' title="bbox 0 0 1442 4712">
     <span class='ocr_line' id='line_1_26' title="bbox 0 0 1442 4712; baseline 0 2"><span class='ocrx_word' id='word_1_216' title='bbox 0 0 1442 4712; x_wconf 95' lang='lat' dir='ltr'><strong> </strong></span> 
     </span>
    </p>
   </div>
  </div>
 </body>
</html>
