<?xml version="1.0" encoding="UTF-8"?>
<!DOCTYPE html PUBLIC "-//W3C//DTD XHTML 1.0 Transitional//EN"
    "http://www.w3.org/TR/xhtml1/DTD/xhtml1-transitional.dtd">
<html xmlns="http://www.w3.org/1999/xhtml" xml:lang="en" lang="en">
 <head>
  <title>
</title>
<meta http-equiv="Content-Type" content="text/html;charset=utf-8" />
  <meta name='ocr-system' content='tesseract 3.04.00' />
  <meta name='ocr-capabilities' content='ocr_page ocr_carea ocr_par ocr_line ocrx_word'/>
</head>
<body>
  <div class='ocr_page' id='page_1' title='image "./institutionumgr02linggoog_0866.png"; bbox 0 0 2864 4736; ppageno 0'>
   <div class='ocr_carea' id='block_1_1' title="bbox 517 369 759 433">
    <p class='ocr_par' dir='ltr' id='par_1_1' title="bbox 517 369 759 433">
     <span class='ocr_line' id='line_1_1' title="bbox 517 369 759 433; baseline 0.004 -1"><span class='ocrx_word' id='word_1_1' title='bbox 517 369 670 433; x_wconf 85' lang='lat'>-416</span> <span class='ocrx_word' id='word_1_2' title='bbox 726 403 759 414; x_wconf 81' lang='lat'><em>—</em></span> 
     </span>
    </p>
   </div>
   <div class='ocr_carea' id='block_1_2' title="bbox 65 535 1250 1246">
    <p class='ocr_par' dir='ltr' id='par_1_2' title="bbox 65 535 1250 1246">
     <span class='ocr_line' id='line_1_2' title="bbox 76 535 1198 627; baseline 0.011 -29"><span class='ocrx_word' id='word_1_3' title='bbox 76 535 299 601; x_wconf 75' lang='lat' dir='ltr'><strong>‘monianum</strong></span> <span class='ocrx_word' id='word_1_4' title='bbox 323 537 360 602; x_wconf 94' lang='lat' dir='ltr'><strong>iu</strong></span> <span class='ocrx_word' id='word_1_5' title='bbox 384 558 514 606; x_wconf 86' lang='lat' dir='ltr'><strong>aream</strong></span> <span class='ocrx_word' id='word_1_6' title='bbox 538 547 637 606; x_wconf 87' lang='lat' dir='ltr'><strong>tuam</strong></span> <span class='ocrx_word' id='word_1_7' title='bbox 660 543 894 627; x_wconf 89' lang='lat' dir='ltr'><strong>proicieudi’,</strong></span> <span class='ocrx_word' id='word_1_8' title='bbox 916 543 969 608; x_wconf 89' lang='lat' dir='ltr'><strong>uel</strong></span> <span class='ocrx_word' id='word_1_9' title='bbox 986 544 1102 626; x_wconf 80' lang='lat' dir='ltr'><strong>‘tigna</strong></span> <span class='ocrx_word' id='word_1_10' title='bbox 1117 563 1198 610; x_wconf 86' lang='lat' dir='ltr'><strong>mea</strong></span> 
     </span>
     <span class='ocr_line' id='line_1_3' title="bbox 75 658 1197 749; baseline 0.01 -27"><span class='ocrx_word' id='word_1_11' title='bbox 75 658 325 741; x_wconf 68' lang='lat' dir='ltr'><strong>inperialem</strong></span> <span class='ocrx_word' id='word_1_12' title='bbox 349 669 465 746; x_wconf 88' lang='lat' dir='ltr'><strong>tuum,</strong></span> <span class='ocrx_word' id='word_1_13' title='bbox 494 665 560 745; x_wconf 90' lang='lat' dir='ltr'><strong>qui</strong></span> <span class='ocrx_word' id='word_1_14' title='bbox 582 666 735 732; x_wconf 89' lang='lat' dir='ltr'><strong>uicinus</strong></span> <span class='ocrx_word' id='word_1_15' title='bbox 758 666 847 732; x_wconf 92' lang='lat' dir='ltr'><strong>mihi</strong></span> <span class='ocrx_word' id='word_1_16' title='bbox 871 687 924 749; x_wconf 86' lang='lat' dir='ltr'><strong>ea,</strong></span> <span class='ocrx_word' id='word_1_17' title='bbox 953 668 1197 733; x_wconf 87' lang='lat' dir='ltr'><strong>immittendi&#39;.</strong></span> 
     </span>
     <span class='ocr_line' id='line_1_4' title="bbox 74 784 1198 876; baseline 0.011 -30"><span class='ocrx_word' id='word_1_18' title='bbox 74 784 241 866; x_wconf 84' lang='lat' dir='ltr'><strong>negatoria</strong></span> <span class='ocrx_word' id='word_1_19' title='bbox 265 791 372 850; x_wconf 83' lang='lat' dir='ltr'><strong>autem</strong></span> <span class='ocrx_word' id='word_1_20' title='bbox 394 787 427 852; x_wconf 93' lang='lat' dir='ltr'><strong>in</strong></span> <span class='ocrx_word' id='word_1_21' title='bbox 449 808 516 854; x_wconf 91' lang='lat' dir='ltr'><strong>rem</strong></span> <span class='ocrx_word' id='word_1_22' title='bbox 531 790 730 873; x_wconf 85' lang='lat' dir='ltr'><strong>intendimus,</strong></span> <span class='ocrx_word' id='word_1_23' title='bbox 755 811 827 856; x_wconf 91' lang='lat' dir='ltr'><strong>cum</strong></span> <span class='ocrx_word' id='word_1_24' title='bbox 850 791 1000 857; x_wconf 87' lang='lat' dir='ltr'><strong>derebus</strong></span> <span class='ocrx_word' id='word_1_25' title='bbox 1017 793 1198 876; x_wconf 78' lang='lat' dir='ltr'><strong>incorpora·</strong></span> 
     </span>
     <span class='ocr_line' id='line_1_5' title="bbox 76 906 1197 995; baseline 0.011 -25"><span class='ocrx_word' id='word_1_26' title='bbox 76 906 161 972; x_wconf 89' lang='lat' dir='ltr'><strong>libus</strong></span> <span class='ocrx_word' id='word_1_27' title='bbox 185 908 332 974; x_wconf 87' lang='lat' dir='ltr'><strong>dicimus:</strong></span> <span class='ocrx_word' id='word_1_28' title='bbox 358 911 401 976; x_wconf 87' lang='lat' dir='ltr'><strong>‘si</strong></span> <span class='ocrx_word' id='word_1_29' title='bbox 416 920 525 995; x_wconf 86' lang='lat' dir='ltr'><strong>paret</strong></span> <span class='ocrx_word' id='word_1_30' title='bbox 541 914 628 978; x_wconf 87' lang='lat' dir='ltr'><strong>huic</strong></span> <span class='ocrx_word' id='word_1_31' title='bbox 644 915 702 979; x_wconf 87' lang='lat' dir='ltr'><strong>ius</strong></span> <span class='ocrx_word' id='word_1_32' title='bbox 717 915 848 980; x_wconf 87' lang='lat' dir='ltr'><strong>utendi</strong></span> <span class='ocrx_word' id='word_1_33' title='bbox 868 914 1019 980; x_wconf 81' lang='lat' dir='ltr'><strong>fruendi</strong></span> <span class='ocrx_word' id='word_1_34' title='bbox 1039 916 1197 982; x_wconf 88' lang='lat' dir='ltr'><strong>aedibus</strong></span> 
     </span>
     <span class='ocr_line' id='line_1_6' title="bbox 65 1031 1250 1124; baseline 0.009 -30"><span class='ocrx_word' id='word_1_35' title='bbox 65 1031 168 1096; x_wconf 75' lang='lat' dir='ltr'><strong>‘meis</strong></span> <span class='ocrx_word' id='word_1_36' title='bbox 192 1053 323 1098; x_wconf 88' lang='lat' dir='ltr'><strong>mcouo</strong></span> <span class='ocrx_word' id='word_1_37' title='bbox 345 1035 465 1102; x_wconf 78' lang='lat' dir='ltr'><strong>tundo</strong></span> <span class='ocrx_word' id='word_1_38' title='bbox 489 1057 562 1101; x_wconf 92' lang='lat' dir='ltr'><strong>uon</strong></span> <span class='ocrx_word' id='word_1_39' title='bbox 578 1039 686 1121; x_wconf 86' lang='lat' dir='ltr'><strong>osae’,</strong></span> <span class='ocrx_word' id='word_1_40' title='bbox 708 1039 761 1104; x_wconf 91' lang='lat' dir='ltr'><strong>uel</strong></span> <span class='ocrx_word' id='word_1_41' title='bbox 785 1040 965 1105; x_wconf 85' lang='lat' dir='ltr'><strong>‘iumenta</strong></span> <span class='ocrx_word' id='word_1_42' title='bbox 987 1060 1054 1124; x_wconf 89' lang='lat' dir='ltr'><strong>per</strong></span> <span class='ocrx_word' id='word_1_43' title='bbox 1079 1061 1197 1105; x_wconf 87' lang='lat' dir='ltr'><strong>meum</strong></span> <span class='ocrx_word' id='word_1_44' title='bbox 1234 1055 1250 1106; x_wconf 81' lang='lat'><strong>5</strong></span> 
     </span>
     <span class='ocr_line' id='line_1_7' title="bbox 71 1155 1196 1246; baseline 0.011 -28"><span class='ocrx_word' id='word_1_45' title='bbox 71 1155 227 1221; x_wconf 88' lang='lat' dir='ltr'><strong>tundum</strong></span> <span class='ocrx_word' id='word_1_46' title='bbox 255 1158 407 1240; x_wconf 80' lang='lat' dir='ltr'><strong>agendi&#39;</strong></span> <span class='ocrx_word' id='word_1_47' title='bbox 436 1161 488 1225; x_wconf 93' lang='lat' dir='ltr'><strong>uel</strong></span> <span class='ocrx_word' id='word_1_48' title='bbox 516 1161 613 1226; x_wconf 89' lang='lat' dir='ltr'><strong>‘iude</strong></span> <span class='ocrx_word' id='word_1_49' title='bbox 642 1183 777 1245; x_wconf 87' lang='lat' dir='ltr'><strong>aquam</strong></span> <span class='ocrx_word' id='word_1_50' title='bbox 805 1163 986 1246; x_wconf 88' lang='lat' dir='ltr'><strong>ducendi&#39;,</strong></span> <span class='ocrx_word' id='word_1_51' title='bbox 1019 1165 1071 1229; x_wconf 85' lang='lat' dir='ltr'><strong>uel</strong></span> <span class='ocrx_word' id='word_1_52' title='bbox 1098 1167 1196 1230; x_wconf 86' lang='lat' dir='ltr'><strong>‘suas</strong></span> 
     </span>
    </p>
   </div>
   <div class='ocr_carea' id='block_1_3' title="bbox 71 1279 1197 1372">
    <p class='ocr_par' dir='ltr' id='par_1_3' title="bbox 71 1279 1197 1372">
     <span class='ocr_line' id='line_1_8' title="bbox 71 1279 1197 1372; baseline 0.009 -29"><span class='ocrx_word' id='word_1_53' title='bbox 71 1279 191 1372; x_wconf 67' lang='lat' dir='ltr'><strong>aedes</strong></span> <span class='ocrx_word' id='word_1_54' title='bbox 215 1281 333 1346; x_wconf 89' lang='lat' dir='ltr'><strong>altius</strong></span> <span class='ocrx_word' id='word_1_55' title='bbox 357 1284 530 1349; x_wconf 89' lang='lat' dir='ltr'><strong>tollendi’</strong></span> <span class='ocrx_word' id='word_1_56' title='bbox 563 1288 615 1352; x_wconf 88' lang='lat' dir='ltr'><strong>uel</strong></span> <span class='ocrx_word' id='word_1_57' title='bbox 638 1288 684 1351; x_wconf 86' lang='lat' dir='ltr'><strong>‘in</strong></span> <span class='ocrx_word' id='word_1_58' title='bbox 706 1307 812 1352; x_wconf 89' lang='lat' dir='ltr'><strong>meas</strong></span> <span class='ocrx_word' id='word_1_59' title='bbox 840 1288 1112 1371; x_wconf 78' lang='lat' dir='ltr'><strong>prospiciendi</strong></span> <span class='ocrx_word' id='word_1_60' title='bbox 1143 1289 1197 1355; x_wconf 87' lang='lat' dir='ltr'><strong>uel</strong></span> 
     </span>
    </p>
   </div>
   <div class='ocr_carea' id='block_1_4' title="bbox 59 1405 1301 3614">
    <p class='ocr_par' dir='ltr' id='par_1_4' title="bbox 59 1405 1301 3614">
     <span class='ocr_line' id='line_1_9' title="bbox 72 1405 1195 1496; baseline 0.009 -29"><span class='ocrx_word' id='word_1_61' title='bbox 72 1405 301 1470; x_wconf 74' lang='lat' dir='ltr'><strong>‘monianum</strong></span> <span class='ocrx_word' id='word_1_62' title='bbox 325 1407 363 1471; x_wconf 93' lang='lat' dir='ltr'><strong>in</strong></span> <span class='ocrx_word' id='word_1_63' title='bbox 385 1428 487 1474; x_wconf 89' lang='lat' dir='ltr'><strong>meas</strong></span> <span class='ocrx_word' id='word_1_64' title='bbox 516 1409 631 1476; x_wconf 87' lang='lat' dir='ltr'><strong>aedes</strong></span> <span class='ocrx_word' id='word_1_65' title='bbox 659 1410 721 1476; x_wconf 88' lang='lat' dir='ltr'><strong>uel</strong></span> <span class='ocrx_word' id='word_1_66' title='bbox 743 1412 781 1476; x_wconf 91' lang='lat' dir='ltr'><strong>iu</strong></span> <span class='ocrx_word' id='word_1_67' title='bbox 802 1431 919 1476; x_wconf 89' lang='lat' dir='ltr'><strong>meam</strong></span> <span class='ocrx_word' id='word_1_68' title='bbox 943 1431 1068 1477; x_wconf 90' lang='lat' dir='ltr'><strong>arcam</strong></span> <span class='ocrx_word' id='word_1_69' title='bbox 1092 1412 1195 1496; x_wconf 92' lang='lat' dir='ltr'><strong>proi-</strong></span> 
     </span>
     <span class='ocr_line' id='line_1_10' title="bbox 71 1529 1195 1616; baseline 0.01 -25"><span class='ocrx_word' id='word_1_70' title='bbox 71 1529 196 1594; x_wconf 87' lang='lat' dir='ltr'><strong>oendi&#39;</strong></span> <span class='ocrx_word' id='word_1_71' title='bbox 213 1531 266 1594; x_wconf 88' lang='lat' dir='ltr'><strong>uel</strong></span> <span class='ocrx_word' id='word_1_72' title='bbox 283 1531 329 1595; x_wconf 89' lang='lat' dir='ltr'><strong>‘iu</strong></span> <span class='ocrx_word' id='word_1_73' title='bbox 348 1533 519 1616; x_wconf 86' lang='lat' dir='ltr'><strong>parietes</strong></span> <span class='ocrx_word' id='word_1_74' title='bbox 542 1554 644 1600; x_wconf 88' lang='lat' dir='ltr'><strong>meos</strong></span> <span class='ocrx_word' id='word_1_75' title='bbox 668 1555 785 1601; x_wconf 86' lang='lat' dir='ltr'><strong>onera</strong></span> <span class='ocrx_word' id='word_1_76' title='bbox 808 1535 1055 1602; x_wconf 80' lang='lat' dir='ltr'><strong>immittendi.</strong></span> <span class='ocrx_word' id='word_1_77' title='bbox 1087 1557 1195 1602; x_wconf 90' lang='lat' dir='ltr'><strong>omues</strong></span> 
     </span>
     <span class='ocr_line' id='line_1_11' title="bbox 75 1655 1249 1744; baseline 0.006 -27"><span class='ocrx_word' id='word_1_78' title='bbox 75 1663 184 1718; x_wconf 87' lang='lat' dir='ltr'><strong>autom</strong></span> <span class='ocrx_word' id='word_1_79' title='bbox 209 1655 364 1722; x_wconf 86' lang='lat' dir='ltr'><strong>eiusmodi</strong></span> <span class='ocrx_word' id='word_1_80' title='bbox 379 1658 529 1740; x_wconf 81' lang='lat' dir='ltr'><strong>notiones,</strong></span> <span class='ocrx_word' id='word_1_81' title='bbox 553 1681 634 1742; x_wconf 87' lang='lat' dir='ltr'><strong>quac</strong></span> <span class='ocrx_word' id='word_1_82' title='bbox 650 1661 815 1744; x_wconf 84' lang='lat' dir='ltr'><strong>negatoria</strong></span> <span class='ocrx_word' id='word_1_83' title='bbox 832 1662 864 1725; x_wconf 90' lang='lat' dir='ltr'><strong>in</strong></span> <span class='ocrx_word' id='word_1_84' title='bbox 879 1681 947 1726; x_wconf 86' lang='lat' dir='ltr'><strong>rom</strong></span> <span class='ocrx_word' id='word_1_85' title='bbox 967 1668 1139 1744; x_wconf 87' lang='lat' dir='ltr'><strong>mouentur,</strong></span> <span class='ocrx_word' id='word_1_86' title='bbox 1162 1662 1195 1726; x_wconf 93' lang='lat' dir='ltr'><strong>in</strong></span> <span class='ocrx_word' id='word_1_87' title='bbox 1215 1673 1249 1724; x_wconf 90' lang='lat'><strong>10</strong></span> 
     </span>
     <span class='ocr_line' id='line_1_12' title="bbox 73 1781 1194 1864; baseline 0.006 -21"><span class='ocrx_word' id='word_1_88' title='bbox 73 1781 174 1843; x_wconf 85' lang='lat' dir='ltr'><strong>rebus</strong></span> <span class='ocrx_word' id='word_1_89' title='bbox 198 1781 417 1864; x_wconf 80' lang='lat' dir='ltr'><strong>corporalibus</strong></span> <span class='ocrx_word' id='word_1_90' title='bbox 440 1783 545 1848; x_wconf 91' lang='lat' dir='ltr'><strong>locum</strong></span> <span class='ocrx_word' id='word_1_91' title='bbox 572 1805 635 1849; x_wconf 93' lang='lat' dir='ltr'><strong>non</strong></span> <span class='ocrx_word' id='word_1_92' title='bbox 657 1785 783 1850; x_wconf 86' lang='lat' dir='ltr'><strong>habent.</strong></span> <span class='ocrx_word' id='word_1_93' title='bbox 833 1785 888 1850; x_wconf 87' lang='lat' dir='ltr'><strong>illo</strong></span> <span class='ocrx_word' id='word_1_94' title='bbox 911 1786 994 1851; x_wconf 90' lang='lat' dir='ltr'><strong>enim</strong></span> <span class='ocrx_word' id='word_1_95' title='bbox 1018 1793 1139 1851; x_wconf 87' lang='lat' dir='ltr'><strong>tantum</strong></span> <span class='ocrx_word' id='word_1_96' title='bbox 1161 1786 1194 1850; x_wconf 93' lang='lat' dir='ltr'><strong>in</strong></span> 
     </span>
     <span class='ocr_line' id='line_1_13' title="bbox 70 1904 1195 1992; baseline 0.006 -25"><span class='ocrx_word' id='word_1_97' title='bbox 70 1923 140 1968; x_wconf 89' lang='lat' dir='ltr'><strong>rem</strong></span> <span class='ocrx_word' id='word_1_98' title='bbox 164 1904 246 1986; x_wconf 86' lang='lat' dir='ltr'><strong>agit,</strong></span> <span class='ocrx_word' id='word_1_99' title='bbox 278 1906 332 1986; x_wconf 89' lang='lat' dir='ltr'><strong>qui</strong></span> <span class='ocrx_word' id='word_1_100' title='bbox 355 1925 418 1970; x_wconf 91' lang='lat' dir='ltr'><strong>non</strong></span> <span class='ocrx_word' id='word_1_101' title='bbox 441 1906 596 1989; x_wconf 87' lang='lat' dir='ltr'><strong>possidot;</strong></span> <span class='ocrx_word' id='word_1_102' title='bbox 626 1908 657 1972; x_wconf 88' lang='lat' dir='ltr'><strong>oi</strong></span> <span class='ocrx_word' id='word_1_103' title='bbox 679 1927 771 1990; x_wconf 90' lang='lat' dir='ltr'><strong>uero,</strong></span> <span class='ocrx_word' id='word_1_104' title='bbox 799 1909 854 1990; x_wconf 88' lang='lat' dir='ltr'><strong>qui</strong></span> <span class='ocrx_word' id='word_1_105' title='bbox 876 1909 1031 1992; x_wconf 78' lang='lat' dir='ltr'><strong>possidet,</strong></span> <span class='ocrx_word' id='word_1_106' title='bbox 1060 1915 1195 1974; x_wconf 85' lang='lat' dir='ltr'><strong>nonest</strong></span> 
     </span>
     <span class='ocr_line' id='line_1_14' title="bbox 69 2029 1193 2116; baseline 0.004 -24"><span class='ocrx_word' id='word_1_107' title='bbox 69 2029 158 2092; x_wconf 89' lang='lat' dir='ltr'><strong>actio</strong></span> <span class='ocrx_word' id='word_1_108' title='bbox 176 2029 293 2094; x_wconf 90' lang='lat' dir='ltr'><strong>iurem</strong></span> <span class='ocrx_word' id='word_1_109' title='bbox 310 2029 450 2113; x_wconf 88' lang='lat' dir='ltr'><strong>prodita;</strong></span> <span class='ocrx_word' id='word_1_110' title='bbox 474 2051 578 2113; x_wconf 89' lang='lat' dir='ltr'><strong>neque</strong></span> <span class='ocrx_word' id='word_1_111' title='bbox 594 2032 699 2096; x_wconf 87' lang='lat' dir='ltr'><strong>dicere</strong></span> <span class='ocrx_word' id='word_1_112' title='bbox 715 2052 860 2116; x_wconf 88' lang='lat' dir='ltr'><strong>possum:</strong></span> <span class='ocrx_word' id='word_1_113' title='bbox 886 2033 937 2097; x_wconf 80' lang='lat' dir='ltr'><strong>»ai</strong></span> <span class='ocrx_word' id='word_1_114' title='bbox 959 2039 1071 2116; x_wconf 86' lang='lat' dir='ltr'><strong>paret</strong></span> <span class='ocrx_word' id='word_1_115' title='bbox 1086 2033 1193 2097; x_wconf 92' lang='lat' dir='ltr'><strong>illum</strong></span> 
     </span>
     <span class='ocr_line' id='line_1_15' title="bbox 68 2150 1191 2240; baseline 0.004 -24"><span class='ocrx_word' id='word_1_116' title='bbox 68 2150 229 2217; x_wconf 90' lang='lat' dir='ltr'><strong>fundum</strong></span> <span class='ocrx_word' id='word_1_117' title='bbox 252 2153 362 2218; x_wconf 88' lang='lat' dir='ltr'><strong>illius</strong></span> <span class='ocrx_word' id='word_1_118' title='bbox 385 2173 460 2218; x_wconf 92' lang='lat' dir='ltr'><strong>non</strong></span> <span class='ocrx_word' id='word_1_119' title='bbox 484 2174 595 2219; x_wconf 81' lang='lat' dir='ltr'><strong>esse«.</strong></span> <span class='ocrx_word' id='word_1_120' title='bbox 630 2175 708 2220; x_wconf 87' lang='lat' dir='ltr'><strong>sanc</strong></span> <span class='ocrx_word' id='word_1_121' title='bbox 731 2175 793 2220; x_wconf 92' lang='lat' dir='ltr'><strong>uno</strong></span> <span class='ocrx_word' id='word_1_122' title='bbox 818 2175 895 2220; x_wconf 90' lang='lat' dir='ltr'><strong>casu</strong></span> <span class='ocrx_word' id='word_1_123' title='bbox 910 2157 947 2238; x_wconf 90' lang='lat' dir='ltr'><strong>is,</strong></span> <span class='ocrx_word' id='word_1_124' title='bbox 973 2157 1027 2236; x_wconf 89' lang='lat' dir='ltr'><strong>qui</strong></span> <span class='ocrx_word' id='word_1_125' title='bbox 1042 2156 1191 2240; x_wconf 78' lang='lat' dir='ltr'><strong>possidet,</strong></span> 
     </span>
     <span class='ocr_line' id='line_1_16' title="bbox 67 2277 1246 2363; baseline 0.003 -24"><span class='ocrx_word' id='word_1_126' title='bbox 67 2277 105 2339; x_wconf 94' lang='lat' dir='ltr'><strong>in</strong></span> <span class='ocrx_word' id='word_1_127' title='bbox 127 2297 195 2341; x_wconf 86' lang='lat' dir='ltr'><strong>rem</strong></span> <span class='ocrx_word' id='word_1_128' title='bbox 219 2297 316 2360; x_wconf 82' lang='lat' dir='ltr'><strong>agero</strong></span> <span class='ocrx_word' id='word_1_129' title='bbox 340 2284 453 2361; x_wconf 86' lang='lat' dir='ltr'><strong>potest,</strong></span> <span class='ocrx_word' id='word_1_130' title='bbox 479 2279 532 2361; x_wconf 92' lang='lat' dir='ltr'><strong>qui</strong></span> <span class='ocrx_word' id='word_1_131' title='bbox 556 2279 648 2344; x_wconf 89' lang='lat' dir='ltr'><strong>simul</strong></span> <span class='ocrx_word' id='word_1_132' title='bbox 672 2286 704 2344; x_wconf 87' lang='lat' dir='ltr'><strong>ot</strong></span> <span class='ocrx_word' id='word_1_133' title='bbox 726 2279 891 2362; x_wconf 82' lang='lat' dir='ltr'><strong>possideat</strong></span> <span class='ocrx_word' id='word_1_134' title='bbox 906 2287 937 2344; x_wconf 86' lang='lat' dir='ltr'><strong>et</strong></span> <span class='ocrx_word' id='word_1_135' title='bbox 954 2280 1069 2344; x_wconf 88' lang='lat' dir='ltr'><strong>actoris</strong></span> <span class='ocrx_word' id='word_1_136' title='bbox 1083 2285 1192 2363; x_wconf 85' lang='lat' dir='ltr'><strong>partes</strong></span> <span class='ocrx_word' id='word_1_137' title='bbox 1213 2289 1246 2342; x_wconf 82' lang='lat'><strong>15</strong></span> 
     </span>
     <span class='ocr_line' id='line_1_17' title="bbox 66 2401 1192 2488; baseline 0.003 -23"><span class='ocrx_word' id='word_1_138' title='bbox 66 2401 241 2483; x_wconf 88' lang='lat' dir='ltr'><strong>sustineat,</strong></span> <span class='ocrx_word' id='word_1_139' title='bbox 274 2402 367 2466; x_wconf 90' lang='lat' dir='ltr'><strong>sicuti</strong></span> <span class='ocrx_word' id='word_1_140' title='bbox 390 2402 423 2466; x_wconf 94' lang='lat' dir='ltr'><strong>in</strong></span> <span class='ocrx_word' id='word_1_141' title='bbox 445 2403 612 2468; x_wconf 88' lang='lat' dir='ltr'><strong>latioribus</strong></span> <span class='ocrx_word' id='word_1_142' title='bbox 643 2403 838 2486; x_wconf 85' lang='lat' dir='ltr'><strong>digestorum</strong></span> <span class='ocrx_word' id='word_1_143' title='bbox 866 2404 955 2470; x_wconf 90' lang='lat' dir='ltr'><strong>libris</strong></span> <span class='ocrx_word' id='word_1_144' title='bbox 987 2403 1192 2488; x_wconf 84' lang='lat' dir='ltr'><strong>opportunius</strong></span> 
     </span>
     <span class='ocr_line' id='line_1_18' title="bbox 65 2525 1191 2612; baseline 0.003 -23"><span class='ocrx_word' id='word_1_145' title='bbox 65 2525 248 2608; x_wconf 79' lang='lat' dir='ltr'><strong>apparebit.</strong></span> <span class='ocrx_word' id='word_1_146' title='bbox 294 2527 412 2609; x_wconf 88' lang='lat' dir='ltr'><strong>itaque,</strong></span> <span class='ocrx_word' id='word_1_147' title='bbox 440 2535 475 2591; x_wconf 88' lang='lat' dir='ltr'><strong>ut</strong></span> <span class='ocrx_word' id='word_1_148' title='bbox 497 2527 608 2610; x_wconf 87' lang='lat' dir='ltr'><strong>paucis</strong></span> <span class='ocrx_word' id='word_1_149' title='bbox 632 2528 788 2610; x_wconf 91' lang='lat' dir='ltr'><strong>dicamus,</strong></span> <span class='ocrx_word' id='word_1_150' title='bbox 811 2535 876 2592; x_wconf 90' lang='lat' dir='ltr'><strong>tam</strong></span> <span class='ocrx_word' id='word_1_151' title='bbox 899 2527 939 2592; x_wconf 90' lang='lat' dir='ltr'><strong>dc</strong></span> <span class='ocrx_word' id='word_1_152' title='bbox 963 2527 1191 2612; x_wconf 78' lang='lat' dir='ltr'><strong>corporalibus,</strong></span> 
     </span>
     <span class='ocr_line' id='line_1_19' title="bbox 66 2649 1192 2736; baseline 0.004 -23"><span class='ocrx_word' id='word_1_153' title='bbox 66 2670 168 2731; x_wconf 84' lang='lat' dir='ltr'><strong>quam</strong></span> <span class='ocrx_word' id='word_1_154' title='bbox 193 2649 232 2714; x_wconf 86' lang='lat' dir='ltr'><strong>do</strong></span> <span class='ocrx_word' id='word_1_155' title='bbox 259 2650 513 2734; x_wconf 79' lang='lat' dir='ltr'><strong>incorporalibus</strong></span> <span class='ocrx_word' id='word_1_156' title='bbox 541 2652 635 2716; x_wconf 90' lang='lat' dir='ltr'><strong>rebus</strong></span> <span class='ocrx_word' id='word_1_157' title='bbox 670 2652 708 2716; x_wconf 91' lang='lat' dir='ltr'><strong>iu</strong></span> <span class='ocrx_word' id='word_1_158' title='bbox 741 2672 820 2717; x_wconf 86' lang='lat' dir='ltr'><strong>rem</strong></span> <span class='ocrx_word' id='word_1_159' title='bbox 854 2653 909 2736; x_wconf 84' lang='lat' dir='ltr'><strong>agi</strong></span> <span class='ocrx_word' id='word_1_160' title='bbox 935 2658 1053 2735; x_wconf 88' lang='lat' dir='ltr'><strong>potcst;</strong></span> <span class='ocrx_word' id='word_1_161' title='bbox 1089 2658 1137 2717; x_wconf 86' lang='lat' dir='ltr'><strong>set</strong></span> <span class='ocrx_word' id='word_1_162' title='bbox 1159 2652 1192 2717; x_wconf 91' lang='lat' dir='ltr'><strong>in</strong></span> 
     </span>
     <span class='ocr_line' id='line_1_20' title="bbox 67 2775 1301 2859; baseline 0.002 -21"><span class='ocrx_word' id='word_1_163' title='bbox 67 2775 292 2858; x_wconf 86' lang='lat' dir='ltr'><strong>corporalibus</strong></span> <span class='ocrx_word' id='word_1_164' title='bbox 333 2781 452 2839; x_wconf 89' lang='lat' dir='ltr'><strong>tautum</strong></span> <span class='ocrx_word' id='word_1_165' title='bbox 488 2775 726 2841; x_wconf 86' lang='lat' dir='ltr'><strong>ooufcssorie</strong></span> <span class='ocrx_word' id='word_1_166' title='bbox 762 2778 824 2859; x_wconf 88' lang='lat' dir='ltr'><strong>(est</strong></span> <span class='ocrx_word' id='word_1_167' title='bbox 856 2781 961 2841; x_wconf 89' lang='lat' dir='ltr'><strong>autem</strong></span> <span class='ocrx_word' id='word_1_168' title='bbox 996 2775 1193 2840; x_wconf 74' lang='lat' dir='ltr'><strong>confessoris</strong></span> <span class='ocrx_word' id='word_1_169' title='bbox 1299 2776 1301 2782; x_wconf 85' lang='lat'>&#39;</span> 
     </span>
     <span class='ocr_line' id='line_1_21' title="bbox 64 2898 1246 2982; baseline -0.003 -20"><span class='ocrx_word' id='word_1_170' title='bbox 64 2898 156 2963; x_wconf 81' lang='lat' dir='ltr'><strong>actio</strong></span> <span class='ocrx_word' id='word_1_171' title='bbox 181 2919 251 2963; x_wconf 91' lang='lat' dir='ltr'><strong>oum</strong></span> <span class='ocrx_word' id='word_1_172' title='bbox 276 2900 347 2981; x_wconf 88' lang='lat' dir='ltr'><strong>quis</strong></span> <span class='ocrx_word' id='word_1_173' title='bbox 371 2899 420 2964; x_wconf 89' lang='lat' dir='ltr'><strong>ius</strong></span> <span class='ocrx_word' id='word_1_174' title='bbox 444 2899 528 2981; x_wconf 89' lang='lat' dir='ltr'><strong>quod</strong></span> <span class='ocrx_word' id='word_1_175' title='bbox 551 2900 649 2965; x_wconf 86' lang='lat' dir='ltr'><strong>habet</strong></span> <span class='ocrx_word' id='word_1_176' title='bbox 671 2899 845 2980; x_wconf 87' lang='lat' dir='ltr'><strong>confitetur,</strong></span> <span class='ocrx_word' id='word_1_177' title='bbox 870 2899 992 2964; x_wconf 87' lang='lat' dir='ltr'><strong>diceus:</strong></span> <span class='ocrx_word' id='word_1_178' title='bbox 1018 2900 1061 2962; x_wconf 87' lang='lat' dir='ltr'><strong>‘si</strong></span> <span class='ocrx_word' id='word_1_179' title='bbox 1083 2905 1192 2982; x_wconf 80' lang='lat' dir='ltr'><strong>parat</strong></span> <span class='ocrx_word' id='word_1_180' title='bbox 1210 2907 1246 2959; x_wconf 79' lang='lat'><strong>20</strong></span> 
     </span>
     <span class='ocr_line' id='line_1_22' title="bbox 62 3022 1191 3107; baseline 0.001 -22"><span class='ocrx_word' id='word_1_181' title='bbox 62 3024 165 3087; x_wconf 90' lang='lat' dir='ltr'><strong>huno</strong></span> <span class='ocrx_word' id='word_1_182' title='bbox 190 3022 347 3087; x_wconf 87' lang='lat' dir='ltr'><strong>fundum</strong></span> <span class='ocrx_word' id='word_1_183' title='bbox 368 3043 485 3088; x_wconf 89' lang='lat' dir='ltr'><strong>meum</strong></span> <span class='ocrx_word' id='word_1_184' title='bbox 501 3025 611 3106; x_wconf 83' lang='lat' dir='ltr'><strong>osse&#39;)</strong></span> <span class='ocrx_word' id='word_1_185' title='bbox 630 3022 663 3088; x_wconf 92' lang='lat' dir='ltr'><strong>iu</strong></span> <span class='ocrx_word' id='word_1_186' title='bbox 679 3023 931 3107; x_wconf 88' lang='lat' dir='ltr'><strong>incorporalibus</strong></span> <span class='ocrx_word' id='word_1_187' title='bbox 942 3035 1048 3088; x_wconf 89' lang='lat' dir='ltr'><strong>autem</strong></span> <span class='ocrx_word' id='word_1_188' title='bbox 1063 3030 1095 3087; x_wconf 88' lang='lat' dir='ltr'><strong>et</strong></span> <span class='ocrx_word' id='word_1_189' title='bbox 1110 3041 1191 3086; x_wconf 91' lang='lat' dir='ltr'><strong>oon-</strong></span> 
     </span>
     <span class='ocr_line' id='line_1_23' title="bbox 60 3146 1188 3230; baseline 0 -21"><span class='ocrx_word' id='word_1_190' title='bbox 60 3147 241 3210; x_wconf 82' lang='lat' dir='ltr'><strong>fessorio</strong></span> <span class='ocrx_word' id='word_1_191' title='bbox 265 3154 297 3211; x_wconf 88' lang='lat' dir='ltr'><strong>ot</strong></span> <span class='ocrx_word' id='word_1_192' title='bbox 320 3147 529 3230; x_wconf 82' lang='lat' dir='ltr'><strong>negatorie.</strong></span> <span class='ocrx_word' id='word_1_193' title='bbox 575 3146 830 3230; x_wconf 85' lang='lat' dir='ltr'><strong>confessoris,</strong></span> <span class='ocrx_word' id='word_1_194' title='bbox 854 3148 954 3212; x_wconf 86' lang='lat' dir='ltr'><strong>ueluti</strong></span> <span class='ocrx_word' id='word_1_195' title='bbox 978 3169 1048 3212; x_wconf 87' lang='lat' dir='ltr'><strong>oum</strong></span> <span class='ocrx_word' id='word_1_196' title='bbox 1071 3146 1188 3210; x_wconf 89' lang='lat' dir='ltr'><strong>dicam:</strong></span> 
     </span>
     <span class='ocr_line' id='line_1_24' title="bbox 60 3271 1188 3355; baseline 0 -22"><span class='ocrx_word' id='word_1_197' title='bbox 60 3271 109 3334; x_wconf 84' lang='lat' dir='ltr'><strong>‘si</strong></span> <span class='ocrx_word' id='word_1_198' title='bbox 131 3278 245 3355; x_wconf 85' lang='lat' dir='ltr'><strong>paret</strong></span> <span class='ocrx_word' id='word_1_199' title='bbox 260 3272 319 3336; x_wconf 89' lang='lat' dir='ltr'><strong>ius</strong></span> <span class='ocrx_word' id='word_1_200' title='bbox 335 3273 424 3337; x_wconf 91' lang='lat' dir='ltr'><strong>mihi</strong></span> <span class='ocrx_word' id='word_1_201' title='bbox 447 3291 530 3336; x_wconf 87' lang='lat' dir='ltr'><strong>csso</strong></span> <span class='ocrx_word' id='word_1_202' title='bbox 547 3271 678 3336; x_wconf 87' lang='lat' dir='ltr'><strong>utendi</strong></span> <span class='ocrx_word' id='word_1_203' title='bbox 693 3271 869 3354; x_wconf 70' lang='lat' dir='ltr'><strong>fruendi,</strong></span> <span class='ocrx_word' id='word_1_204' title='bbox 894 3271 1057 3354; x_wconf 82' lang='lat' dir='ltr'><strong>negatoria</strong></span> <span class='ocrx_word' id='word_1_205' title='bbox 1074 3276 1188 3352; x_wconf 88' lang='lat' dir='ltr'><strong>autem,</strong></span> 
     </span>
     <span class='ocr_line' id='line_1_25' title="bbox 61 3393 1189 3478; baseline -0.004 -18"><span class='ocrx_word' id='word_1_206' title='bbox 61 3415 139 3460; x_wconf 89' lang='lat' dir='ltr'><strong>eum</strong></span> <span class='ocrx_word' id='word_1_207' title='bbox 163 3395 198 3458; x_wconf 92' lang='lat' dir='ltr'><strong>id</strong></span> <span class='ocrx_word' id='word_1_208' title='bbox 220 3395 298 3460; x_wconf 90' lang='lat' dir='ltr'><strong>iuris</strong></span> <span class='ocrx_word' id='word_1_209' title='bbox 322 3396 506 3460; x_wconf 86' lang='lat' dir='ltr'><strong>aduersario</strong></span> <span class='ocrx_word' id='word_1_210' title='bbox 532 3415 602 3460; x_wconf 86' lang='lat' dir='ltr'><strong>esse</strong></span> <span class='ocrx_word' id='word_1_211' title='bbox 626 3415 750 3478; x_wconf 81' lang='lat' dir='ltr'><strong>negem,</strong></span> <span class='ocrx_word' id='word_1_212' title='bbox 780 3395 905 3460; x_wconf 89' lang='lat' dir='ltr'><strong>diceus:</strong></span> <span class='ocrx_word' id='word_1_213' title='bbox 935 3395 977 3459; x_wconf 83' lang='lat' dir='ltr'><strong>‘si</strong></span> <span class='ocrx_word' id='word_1_214' title='bbox 1000 3401 1108 3477; x_wconf 89' lang='lat' dir='ltr'><strong>paret</strong></span> <span class='ocrx_word' id='word_1_215' title='bbox 1130 3393 1189 3456; x_wconf 89' lang='lat' dir='ltr'><strong>ius</strong></span> 
     </span>
     <span class='ocr_line' id='line_1_26' title="bbox 59 3517 1242 3614; baseline -0.004 -31"><span class='ocrx_word' id='word_1_216' title='bbox 59 3518 202 3584; x_wconf 83' lang='lat' dir='ltr'><strong>utendi</strong></span> <span class='ocrx_word' id='word_1_217' title='bbox 224 3519 378 3584; x_wconf 87' lang='lat' dir='ltr'><strong>fruendi</strong></span> <span class='ocrx_word' id='word_1_218' title='bbox 401 3519 615 3614; x_wconf 88' lang='lat' dir='ltr'><strong>fundomeo</strong></span> <span class='ocrx_word' id='word_1_219' title='bbox 645 3519 870 3584; x_wconf 84' lang='lat' dir='ltr'><strong>aduersario</strong></span> <span class='ocrx_word' id='word_1_220' title='bbox 893 3537 967 3584; x_wconf 91' lang='lat' dir='ltr'><strong>nou</strong></span> <span class='ocrx_word' id='word_1_221' title='bbox 989 3518 1093 3582; x_wconf 86' lang='lat' dir='ltr'><strong>esse’.</strong></span> <span class='ocrx_word' id='word_1_222' title='bbox 1131 3517 1189 3581; x_wconf 85' lang='lat' dir='ltr'><strong>ita·</strong></span> <span class='ocrx_word' id='word_1_223' title='bbox 1207 3526 1242 3578; x_wconf 80' lang='lat'><strong>25</strong></span> 
     </span>
    </p>
   </div>
   <div class='ocr_carea' id='block_1_5' title="bbox 120 4215 504 4268">
    <p class='ocr_par' dir='ltr' id='par_1_5' title="bbox 120 4215 504 4268">
     <span class='ocr_line' id='line_1_27' title="bbox 120 4215 504 4268; baseline -0.008 -9"><span class='ocrx_word' id='word_1_224' title='bbox 120 4218 216 4268; x_wconf 74' lang='lat' dir='ltr'><strong>Theoph.</strong></span> <span class='ocrx_word' id='word_1_225' title='bbox 231 4217 345 4258; x_wconf 75' lang='lat' dir='ltr'><strong>Antenora.</strong></span> <span class='ocrx_word' id='word_1_226' title='bbox 360 4227 400 4256; x_wconf 80' lang='lat' dir='ltr'><strong>roo.</strong></span> <span class='ocrx_word' id='word_1_227' title='bbox 417 4215 504 4256; x_wconf 72' lang='lat' dir='ltr'><strong>Forrlni.</strong></span> 
     </span>
    </p>
   </div>
   <div class='ocr_carea' id='block_1_6' title="bbox 0 0 1436 4736">
    <p class='ocr_par' dir='ltr' id='par_1_6' title="bbox 0 0 1436 4736">
     <span class='ocr_line' id='line_1_28' title="bbox 0 0 1436 4736; baseline 0 7"><span class='ocrx_word' id='word_1_228' title='bbox 0 0 1436 4736; x_wconf 95' lang='lat' dir='ltr'><strong> </strong></span> 
     </span>
    </p>
   </div>
  </div>
 </body>
</html>
