2920 4750
562 330 800 393 -488—

93 517 97 526 ’
124 504 243 568 tructus
266 504 360 568 medii
384 505 541 588 temporis,
565 526 585 570 a
607 505 671 570 litis
695 525 807 588 nempe
831 506 1059 570 contestatione
1084 507 1239 586 usquead

124 629 415 694 condemnationem
444 649 516 694 reus
545 631 655 696 soluet.
707 630 755 695 sin
784 636 887 695 autem
917 630 1014 712 dicat,
1045 652 1108 696 non
1135 637 1238 696 tamen

124 753 335 819 frustrationis
359 775 465 836 causa,
491 775 526 820 se
545 756 577 820 in
597 756 756 840 praesenti
777 776 841 820 rem
862 762 1026 840 praestare
1050 776 1111 821 non
1135 777 1239 840 posse,

123 879 199 960 quia
222 880 302 944 forte
325 901 377 945 res
401 880 478 945 alibi
501 881 689 962 inueniatur,
714 887 836 964 tempus
857 880 898 944 ad
919 881 1145 946 restituendam
1169 903 1238 946 eam

123 1005 263 1087 habebit,
288 1005 432 1071 simodo
457 1007 557 1072 actori
573 1013 694 1088 caueat,
721 1025 836 1071 serem
859 1005 1081 1070 restituturum.
1120 1007 1147 1072 si
1164 1028 1239 1072 uero
1277 1021 1291 1069 s

121 1149 187 1194 non
214 1131 379 1196 confestim
409 1132 526 1197 iussum
558 1132 669 1197 iudicis
700 1136 825 1197 secutus
854 1152 919 1196 rem
946 1132 1105 1214 restituat,
1136 1152 1239 1213 neque

121 1261 238 1320 caueat
263 1275 297 1321 se
328 1256 554 1332 restituturum,
588 1263 700 1340 postea
726 1257 805 1322 tanti
828 1256 1101 1338 condemnabitur,
1130 1257 1238 1338 quanti

84 1392 107 1443 4.
120 1381 222 1446 actori
245 1381 421 1447 interfuerit
444 1382 508 1446 litis
525 1388 720 1447 contestatae
743 1389 884 1466 tempore
907 1402 972 1446 rem
992 1382 1121 1448 restitui.
1157 1387 1186 1448 4.
1204 1382 1238 1446 Si

118 1504 291 1570 familiae
316 1506 568 1572 erciscundae
591 1506 707 1571 iudicio
732 1514 853 1589 agatur,
885 1506 1020 1570 officium
1044 1505 1103 1571 erit
1124 1506 1237 1571 iudicis

117 1629 262 1711 singulas
285 1631 425 1714 integras
455 1651 506 1697 res
537 1632 669 1714 singulis
700 1631 866 1696 heredibus
901 1631 1092 1696 adiudicare.
1149 1636 1180 1696 et
1210 1630 1291 1696 sim

117 1754 249 1820 maioris
266 1756 357 1840 pretii
374 1757 406 1820 id
422 1757 472 1838 sit,
490 1756 574 1838 quod
587 1757 640 1822 uni
652 1757 800 1822 heredum
813 1757 907 1821 fuerit
919 1756 1142 1838 adiudicatum,
1157 1757 1236 1822 hunc

117 1879 268 1946 coheredi
284 1901 351 1962 suo,
376 1881 468 1948 sicuti
486 1881 519 1946 in
534 1882 748 1966 superioribus
763 1882 957 1966 propositum
981 1887 1039 1964 est,
1063 1883 1095 1946 in
1119 1890 1235 1948 certam

116 2005 273 2088 pecuniae
297 2007 502 2087 quantitatem
526 2007 720 2087 condemnet,
746 2013 780 2070 ut
799 2007 910 2070 eadem
930 2007 1052 2088 utrique
1077 2008 1235 2087 quantitas

115 2136 271 2195 seruetur.
302 2137 336 2194 ut
352 2151 425 2196 ecce
441 2132 546 2196 Primo
561 2151 628 2196 rem
641 2133 671 2194 M
688 2150 853 2195 aureorum
868 2131 1073 2220 adiudicauit
1091 2131 1234 2196 Secundo

114 2273 184 2318 rem
208 2253 317 2319 DCCC
340 2275 521 2320 aureorum:
545 2256 682 2321 Primum
699 2256 843 2321 Secundo
864 2257 896 2320 in
913 2255 937 2320 Ο
953 2276 1067 2321 aureos
1091 2257 1234 2322 condem·
1256 2271 1286 2320 15

113 2399 196 2443 nare
221 2379 323 2460 debet,
348 2385 382 2444 ut
396 2380 514 2446 habeat
528 2387 659 2462 uterque
676 2400 789 2446 aureos
804 2379 947 2445 Deduc.
983 2388 1015 2447 et
1037 2380 1065 2446 si
1085 2381 1233 2446 heredum

113 2503 247 2586 quidam
278 2505 364 2570 solus
392 2505 601 2569 communium
629 2525 733 2570 rerum
761 2505 881 2571 fructus
909 2507 1098 2590 perceperit,
1127 2527 1233 2572 remuc

113 2628 340 2694 hereditariam
364 2630 537 2714 corruperit
560 2631 612 2695 uel
636 2630 863 2714 consumpserit
878 2630 968 2714 (quid
985 2631 1066 2695 enim
1084 2629 1111 2694 si
1127 2631 1232 2695 uinum

111 2753 224 2835 fuerit,
251 2753 345 2834 idque
376 2753 553 2838 ebiberim),
586 2755 695 2820 horum
725 2775 851 2836 quoque
879 2755 1004 2819 nomine
1033 2775 1133 2836 aeque
1162 2775 1232 2820 eum

111 2877 226 2942 heredi
250 2879 443 2944 condemnet.
489 2878 578 2955 Quae
602 2900 664 2944 non
688 2881 788 2944 solum
816 2881 843 2944 si
871 2881 933 2944 duo
962 2879 1133 2945 coheredes
1161 2882 1231 2962 sint,
1253 2893 1287 2943 20

75 3013 99 3064 5.
110 3009 163 3068 set
194 3001 288 3067 etiam
316 3003 344 3068 si
371 3005 491 3088 plureS,
521 3004 738 3068 interueniunt.
784 3008 813 3070 5.
837 3005 955 3069 Eadem
985 3005 1123 3069 dicemus
1151 3005 1232 3070 etsi

110 3129 303 3192 communi
327 3128 540 3193 diuidundo
565 3129 603 3194 de
628 3129 769 3213 pluribus
793 3131 887 3194 nebus
915 3131 1128 3194 communibus
1152 3130 1233 3194 inter

109 3252 222 3336 plures
256 3253 430 3318 diuidendis
467 3261 588 3337 agatur.
635 3255 718 3335 quod
746 3255 774 3319 si
798 3255 837 3319 de
860 3275 922 3319 una
945 3276 993 3336 re,
1030 3255 1121 3320 sicuti
1143 3274 1169 3319 e.
1186 3277 1230 3336 gr.

163 4201 261 4261 Theoph.
277 4203 386 4242 intensus.
401 4213 442 4242 rec.
459 4201 545 4242 Ferrinh
