2920 4750
500 381 737 446 -470—

72 557 245 638 temporalis
268 556 353 640 pacti
377 557 535 641 exceptio:
566 579 608 622 ex
637 579 799 640 persona
827 564 947 639 anatem,
977 557 1076 622 ueluti
1107 577 1176 640 pro-

73 680 250 746 curatoriae.
296 682 323 746 si
353 681 423 763 quis
451 683 533 746 enim
564 703 621 765 per
648 683 776 746 militem
809 688 863 746 aut
890 681 1052 746 mulierem
1081 701 1177 764 egere

72 806 153 888 uelit,
183 806 367 890 exceptione
396 807 566 891 repellitur.
613 807 702 872 miles
731 807 828 887 euim,
857 807 911 888 qui
939 807 1034 872 armis
1063 827 1179 871 uacare

70 932 167 1013 debet,
194 932 409 1015 procuratorio
434 933 558 997 nomine
587 953 688 1012 neque
716 953 774 1016 pro
803 937 892 1016 patre
921 931 971 996 uel
1000 939 1100 996 metro
1129 931 1180 995 nel

70 1075 161 1122 uxore
185 1077 225 1120 ne
248 1077 287 1121 ex
311 1077 402 1122 sacro
427 1057 553 1138 quidem
577 1057 729 1140 rescripto
754 1056 890 1140 experiri
914 1062 1024 1140 potest.
1063 1075 1120 1139 pro
1145 1076 1179 1120 sc
1217 1069 1232 1118 5

68 1190 169 1246 tamen
194 1202 287 1264 agere
312 1203 373 1246 nou
402 1183 596 1266 prohibetur;
625 1182 657 1246 id
685 1183 767 1246 enim
791 1181 851 1246 iuri
879 1181 1007 1246 militari
1036 1199 1098 1244 non
1126 1180 1180 1244 ud·

69 1311 216 1370 uersatur.
262 1314 332 1371 suut
356 1307 439 1372 aliae
463 1327 588 1388 quoque
612 1307 778 1372 dilatoriae
798 1307 1011 1391 exceptiones,
1036 1325 1117 1387 quae
1141 1325 1180 1370 ex

67 1431 206 1514 personis
240 1439 422 1513 nascuntur,
456 1451 600 1513 quaeque
635 1432 893 1515 procuratoribus
927 1430 1076 1495 infamiae
1104 1448 1180 1511 ergo

66 1563 269 1638 opponuntur.
305 1557 379 1636 quid
404 1561 508 1620 autern
531 1557 591 1620 hoc
615 1557 655 1621 sit
678 1555 782 1620 dicere
799 1557 895 1620 iuuat
929 1557 1008 1620 baec
1024 1555 1055 1619 in
1072 1553 1180 1638 primis

66 1681 119 1744 tibi
143 1687 312 1764 perspecta
336 1681 464 1745 babeas.
499 1681 526 1746 si
550 1681 620 1763 quis
636 1681 773 1764 depositi
792 1681 842 1744 uel
865 1680 1048 1744 iniuriarum
1064 1679 1179 1744 iudicio
1201 1689 1235 1742 10

65 1805 236 1888 damnetur,
261 1806 415 1870 infamis
439 1806 480 1869 fit.
527 1805 652 1872 infamis
677 1811 781 1870 autem
805 1805 906 1870 factus
930 1804 1037 1887 plures
1065 1804 1182 1888 petitur

64 1949 193 2011 poenae.
239 1949 341 2011 neque
373 1929 454 1994 enim
490 1937 618 1995 senator
649 1931 717 1995 fieri
752 1936 872 2013 potest,
906 1949 1008 2010 neque
1043 1921 1180 2010 de'curio,

64 2073 165 2135 neque
183 2054 313 2119 militiae
333 2073 447 2119 nomen
471 2055 558 2136 dare,
582 2075 684 2136 neque
708 2055 880 2138 postulare,
904 2073 1007 2136 neque
1024 2053 1130 2134 alium,
1154 2054 1182 2118 si

62 2186 151 2261 agat,
188 2187 422 2262 procuratorem
452 2179 579 2262 eligere.
630 2182 697 2264 ipse
728 2181 810 2244 enim
842 2200 898 2264 pro
930 2199 965 2244 se
996 2199 1092 2261 agere
1120 2199 1182 2243 non

62 2304 254 2386 prohibetur.
305 2325 374 2368 cum
402 2304 460 2368 tibi
487 2305 567 2370 haee
596 2313 762 2389 perspecta
791 2304 867 2385 sint,
904 2304 976 2368 uide
1006 2302 1080 2383 quid
1107 2301 1181 2366 inde
1201 2313 1234 2365 15

62 2436 222 2508 sequetur.
268 2449 337 2494 eum
362 2449 421 2512 ego
446 2435 548 2494 tecum
571 2451 668 2512 agere
691 2431 820 2512 uellem,
848 2429 996 2493 infamem
1025 2427 1181 2507 quendam

61 2559 299 2635 procuratorem
323 2552 484 2635 constitui;
509 2554 561 2617 uel
585 2574 654 2618 cnm
678 2553 731 2618 ille
755 2554 880 2635 quidem
905 2553 1048 2634 integrae
1076 2553 1181 2616 famae

60 2685 155 2759 esset,
181 2678 250 2761 ipse
275 2678 399 2742 infamis
423 2699 522 2760 eram,
552 2679 696 2762 exceptio
720 2679 902 2743 infamiae
932 2678 1084 2759 obstabit,
1109 2697 1182 2741 reus

60 2801 143 2866 enim
170 2801 229 2866 ait:
255 2803 297 2866 ‘si
324 2823 395 2866 non
420 2803 574 2868 infamis
602 2809 640 2867 tu
669 2811 894 2885 procurator
916 2804 964 2868 es’
991 2807 1045 2867 aut
1070 2801 1113 2866 ‘si
1137 2803 1181 2865 ab

59 2927 195 2990 infami
211 2946 283 2991 non
307 2947 345 2991 es
369 2928 620 2993 coustitutns’.
663 2948 744 3008 quae
761 2929 905 3011 exceptio
922 2926 1105 2992 dilatoria
1123 2933 1179 3008 est,
1201 2945 1235 2996 20

59 3057 89 3115 ot
113 3072 159 3116 ex
185 3071 349 3135 persona
372 3052 519 3116 nascitur.
559 3052 722 3117 dilatorias
739 3059 842 3117 autem
867 3051 961 3117 facile
981 3059 1029 3117 est
1050 3051 1181 3117 artificio

58 3177 198 3255 {pnodam
224 3177 371 3259 effugere.
417 3197 490 3241 nam
514 3177 541 3241 si
565 3177 650 3242 dicat
673 3199 744 3242 reus
769 3178 917 3243 infamem
942 3198 1012 3242 esse
1036 3197 1182 3260 procura-

57 3307 178 3382 torem,
208 3321 335 3384 possum
363 3321 434 3365 eum
462 3309 583 3367 mutare
612 3311 643 3367 et
671 3302 766 3367 alium
801 3304 944 3386 integrae
972 3309 1067 3367 notae
1095 3301 1181 3382 dare,

56 3426 107 3490 uel
133 3425 207 3510 ipse
229 3445 333 3508 agere.
372 3425 421 3490 sin
444 3433 551 3491 autem
574 3427 659 3492 dicat
682 3433 727 3492 »te
755 3427 902 3492 infamem
930 3447 1010 3504 esse,
1035 3426 1181 3508 quicum

56 3549 215 3630 dederis«,
240 3549 333 3614 facile
356 3551 574 3634 exceptionem
599 3552 758 3634 effugiam,
783 3553 810 3616 si
826 3559 1058 3636 procuratorem
1082 3569 1182 3615 remo·
1202 3565 1235 3618 25

54 3696 151 3739 ueam
183 3681 216 3740 et
243 3675 311 3758 ipsc
339 3697 442 3758 agam.
488 3676 614 3740 infamis
643 3677 739 3756 enim,
769 3675 912 3757 quamuis
940 3696 1003 3740 non
1031 3675 1085 3740 det
1111 3695 1182 3758 pro·

56 3806 256 3880 curatorem,
284 3805 389 3866 tamen
416 3800 485 3883 ipse
514 3801 650 3884 experiri
673 3805 785 3888 potest.
838 3799 866 3864 si
888 3821 964 3865 uero
989 3807 1078 3864 actor
1101 3798 1181 3864 eius-
