3092 4702
560 327 772 393 ..69-

258 617 307 684 De
328 617 469 699 legitima
490 616 701 698 adgnatorum
725 613 835 682 tutata
880 613 1005 680 Titulus
1028 615 1077 678 15.

194 806 336 870 Diximus
369 820 463 886 posse
493 808 641 884 parentes
670 801 794 876 liberis,
831 817 910 880 quos
937 800 969 866 in
997 804 1154 880 potestate
1179 798 1235 865 ha·

128 924 212 999 boam,
231 931 372 990 tutorem
395 929 584 992 testamento
605 924 682 988 dare
704 923 780 1004 quid
802 932 907 988 autem
930 922 958 988 si
980 921 1236 988 testamentarius

129 1051 199 1108 tuter
222 1061 286 1108 non
309 1041 417 1108 extet?
438 1050 494 1107 ant
508 1041 592 1108 enirn
607 1052 698 1124 pater
719 1041 889 1106 intestatus
904 1037 1047 1117 decessit,
1069 1046 1126 1105 ant
1141 1045 1237 1105 testa-

126 1169 167 1226 tus
185 1169 229 1226 est
250 1161 379 1242 quidem
401 1167 453 1228 set
474 1161 591 1228 obiitus
614 1171 663 1227 est
686 1167 874 1226 testamento
902 1167 1037 1225 tutorem
1060 1158 1150 1236 darc,
1180 1167 1236 1223 aut

126 1277 170 1356 qui
189 1278 282 1345 datus
303 1286 353 1344 est
379 1285 475 1344 antea
502 1279 647 1346 decessit.
697 1279 768 1362 quis
796 1277 932 1345 filiorum
962 1285 1049 1344 tutor
1077 1273 1158 1344 erit?
1185 1276 1235 1342 lex
1270 1287 1287 1337 o

98 1423 114 1470 1,
127 1393 176 1460 iili
194 1398 371 1464 tabularum
395 1398 443 1464 eis
464 1398 620 1481 adgnatos
643 1405 764 1463 tutores
786 1398 852 1463 dat.
890 1400 918 1460 l.
951 1395 1013 1476 Qui
1035 1403 1110 1462 sunt
1131 1403 1236 1461 autem

126 1517 261 1598 adgnati?
284 1517 362 1582 hacc
383 1525 457 1583 ante
479 1517 585 1583 omnia
609 1523 772 1598 perspecte
786 1516 913 1582 habas.
936 1514 1168 1595 cognationum
1184 1533 1248 1602 no,

126 1651 183 1698 nen
197 1635 237 1700 sit
250 1637 398 1716 generale
413 1637 444 1700 in
459 1634 653 1702 tresordines
666 1634 843 1711 deducitur,
858 1636 891 1699 in
903 1641 1059 1714 perantes,
1075 1633 1107 1699 in
1122 1633 1237 1699 liberm

126 1763 206 1834 atque
218 1755 250 1820 in
270 1772 325 1821 eos
335 1757 389 1836 qui
400 1775 437 1821 ex
449 1763 630 1821 transuerso
646 1757 784 1821 ueniunt.
809 1761 841 1819 et
860 1758 1007 1836 parentes
1022 1758 1096 1816 sunt
1110 1752 1164 1832 qui
1179 1769 1237 1816 uos

124 1882 297 1951 genuerunt,
313 1881 403 1954 pater
424 1879 527 1937 mater
548 1889 629 1938 auus
650 1871 725 1938 auia
746 1891 885 1954 proauus
906 1869 1040 1955 proauia
1061 1878 1095 1936 et
1117 1871 1165 1936 his
1187 1888 1237 1936 su·
1256 1886 1288 1937 ιο

125 1991 261 2069 periotes.
295 1989 385 2057 liberi
407 1999 513 2056 nutem
536 1999 620 2070 sunt,
642 1992 696 2071 qui
719 2011 757 2056 ex
778 1989 868 2061 nobis
884 1989 951 2056 nati
966 1997 1050 2068 sant,
1073 1987 1156 2054 fliius
1170 1987 1236 2054 iilia

126 2126 208 2188 napos
228 2110 335 2191 neptis
356 2126 511 2192 pronepos
538 2108 702 2190 proneptis
731 2115 764 2174 ct
790 2107 840 2172 his
865 2107 1045 2192 infcriores3
1075 2128 1112 2174 ax
1138 2106 1247 2198 latereu

127 2235 219 2290 comm
247 2227 380 2292 ueniunt
401 2228 455 2307 qui
477 2243 578 2306 nequa
599 2244 657 2292 nos
678 2234 856 2308 genuerunt
876 2243 978 2308 neom
999 2245 1037 2290 ex
1058 2224 1150 2291 nobis
1171 2225 1238 2289 nuti

128 2353 203 2424 sunt,
224 2355 275 2410 set
296 2344 427 2410 eandem
457 2345 607 2426 originem
635 2355 668 2409 et
695 2344 825 2426 stirpam
852 2345 1013 2410 nobiscum
1044 2361 1238 2409 communem

128 2463 247 2541 habent,
270 2465 370 2530 nciuti
391 2464 489 2529 mater
511 2481 602 2529 soror
631 2469 764 2546 patruus
797 2464 893 2528 amita
921 2463 1095 2528 auunculus
1125 2471 1238 2526 mater·
1259 2471 1289 2520 lo

127 2585 188 2644 ura
207 2599 305 2662 nepos
328 2583 429 2663 neptis
452 2581 557 2649 ethis
578 2580 754 2648 inferiores.
781 2581 926 2662 cognatio
948 2589 1054 2646 autem
1077 2599 1115 2645 en
1137 2587 1239 2645 trans·

126 2717 210 2765 uerso
231 2703 263 2766 in
286 2699 367 2766 duas
389 2703 509 2783 species
530 2699 707 2780 deducitur,
729 2702 762 2767 in
784 2700 939 2784 adgnatos
961 2707 994 2766 et
1015 2707 1173 2782 cognatos.
1208 2703 1240 2764 et

125 2817 247 2898 adgnati
268 2820 395 2902 quidem
418 2827 492 2886 sunt
513 2822 567 2902 qui
589 2840 645 2904 per
674 2817 777 2886 uiridis
799 2838 892 2888 senus
921 2817 1138 2900 cognationem
1168 2837 1242 2886 con·

125 2936 306 3019 iunguntur,
329 2938 429 3005 ueluti
450 2939 548 3006 irater
576 2941 827 3022 consanguineus
855 2941 985 3022 musque
1013 2937 1122 3015 liberi,
1151 2954 1242 3004 soror

124 3059 348 3140 consanguinea
369 3067 503 3141 patruus
526 3061 657 3144 eiusque
678 3060 769 3126 liberi
792 3067 825 3126 at
854 3058 961 3126 amita
1013 3059 1139 3140 cognati
1166 3064 1240 3122 sunt
1256 3068 1291 3120 ao

124 3173 172 3253 qni
193 3191 252 3256 per
271 3175 411 3242 feminini
433 3195 527 3243 sexus
548 3196 700 3260 personas
722 3178 908 3260 cognatione
938 3179 1029 3242 nobis
1058 3178 1242 3257 iunguntur,

126 3291 219 3356 ueluti
243 3310 330 3358 soror
352 3293 477 3360 uterina
499 3295 629 3378 musque
650 3293 716 3371 diii,
739 3301 909 3362 matertera
928 3296 1058 3378 eiusque
1080 3291 1145 3374 diii,
1167 3294 1243 3360 item

125 3409 237 3476 anime
257 3409 320 3476 ilii.
341 3413 471 3493 adgnati
486 3399 592 3480 autem
613 3415 709 3480 ctiam
730 3413 860 3496 legitimi
882 3414 1030 3480 dicuntur
1051 3421 1085 3480 ot
1107 3414 1242 3495 cognati,

126 3524 204 3593 idest
225 3538 338 3596 natura
358 3532 540 3611 coniuncti,
569 3551 640 3598 nam
668 3549 747 3613 quos
775 3533 825 3598 ius
852 3531 1031 3614 adgnoscit,
1061 3531 1188 3598 eosdem
1211 3538 1244 3595 et

127 3653 237 3712 natura
259 3651 353 3715 nouit
386 3651 512 3732 cognati
532 3660 639 3716 autem
659 3649 819 3717 autumes
840 3657 963 3718 tantum
983 3651 1141 3726 dicuntur,
1163 3666 1243 3729 quos
1260 3669 1294 3721 ns

128 3765 206 3828 enim
229 3773 342 3833 natura
362 3767 460 3847 nouit,
482 3787 545 3835 non
566 3769 746 3835 omnimodo
768 3768 838 3836 iuro
860 3787 985 3852 quoque
999 3769 1242 3850 adgnoscuntur.

129 3897 194 3945 cum
216 3883 295 3952 hacc
315 3886 372 3953 tibi
394 3897 560 3972 perspecta
581 3890 654 3970 sint,
677 3888 751 3955 uidc
773 3889 848 3970 qaid
871 3887 945 3954 inde
967 3894 1128 3970 sequatur.
1173 3904 1244 3952 cum
