2864 4736
522 425 562 433 ·-
608 391 670 453 451
721 427 759 433 —

85 587 105 628 a
134 565 290 629 credendo
315 565 481 628 abstineat.
526 584 627 644 neque
655 571 773 628 tantum
802 570 911 628 eontra
937 563 1032 628 filium
1061 563 1195 628 creditor

86 709 149 752 non
172 696 246 770 aget
269 689 322 753 uel
349 695 457 753 contra
483 689 580 752 tiliam
607 693 754 772 nepotem
781 694 963 772 neptemue,
992 687 1139 768 quamdiu
1163 688 1194 751 in

84 821 239 898 potestate
264 815 334 893 sint,
358 819 407 878 set
428 832 539 894 neque,
564 814 592 878 si
606 814 746 897 parentis
761 819 861 878 morte
877 815 928 877 nel
945 813 1194 897 emancipatione

84 938 134 1002 sni
168 938 246 1002 iuris
278 938 353 1002 facti
390 938 458 1002 sint.
511 957 613 1018 neque
648 939 800 1004 aduersus
834 945 954 1021 patrem
990 957 1123 1002 auumue
1156 937 1194 1001 de

86 1063 212 1145 peculio
240 1081 335 1145 agere
364 1064 434 1144 quis
462 1069 579 1146 potest,
608 1064 676 1128 sine
704 1063 820 1128 liberos
850 1063 952 1128 adhuc
981 1065 1012 1127 in
1039 1069 1195 1146 potestate
1232 1073 1248 1124 5

87 1187 216 1266 habeat,
241 1187 308 1251 siue
329 1207 384 1252 ecs
400 1188 655 1271 emancipanerit.
697 1207 778 1268 quae
794 1187 865 1251 ideo
882 1193 1009 1252 senatus
1024 1187 1194 1272 prospexit,

84 1311 163 1392 qnia
185 1333 282 1395 saepe
306 1313 427 1376 onerati
450 1332 524 1377 aere
548 1313 651 1378 alieno
671 1312 863 1377 filiifamilias
887 1312 1022 1377 creditas
1045 1311 1195 1396 pecunias

84 1435 115 1498 in
144 1436 299 1500 luxuriam
323 1438 549 1502 consumebant
569 1443 601 1500 et
616 1458 740 1502 suornm
764 1437 938 1520 parentium
961 1438 1046 1502 uitae
1070 1437 1196 1502 iusidia-

51 1561 209 1624 ocantur.
256 1564 284 1626 8.
308 1563 356 1626 De
381 1581 418 1625 eo
443 1563 474 1625 in
502 1582 622 1626 summa
650 1562 835 1627 admonendi
859 1583 979 1626 sumus:
1010 1563 1084 1626 licet
1109 1563 1196 1628 iussn

85 1684 187 1766 patris
212 1684 369 1748 dominine
393 1686 552 1767 negotium
577 1706 646 1750 cum
669 1686 869 1750 filiofamilias
893 1687 944 1750 uel
965 1706 1057 1751 seruo
1074 1695 1197 1769 gestum
1218 1695 1250 1745 lo

84 1807 125 1871 sit
152 1815 183 1872 et
206 1808 281 1888 quid
304 1809 376 1872 inde
401 1810 555 1874 debeatur
577 1811 628 1874 uel
652 1811 684 1875 in
701 1831 807 1874 eorum
822 1829 888 1874 rem
905 1810 980 1890 quid
1003 1830 1127 1874 uersum
1147 1811 1195 1890 sit,

85 1953 184 2015 posse
205 1953 307 2014 quem,
331 1935 455 1998 actione
478 1933 516 1997 de
538 1935 662 2016 peculio
686 1935 752 1998 siue
769 1935 808 1997 de
829 1935 860 1998 in
881 1955 945 1998 rem
962 1953 1052 1999 uerso
1069 1935 1195 2015 omissa,

87 2057 208 2121 directo
233 2079 252 2122 a
267 2066 357 2141 patre
374 2059 539 2124 dominoue
557 2060 730 2139 condicere,
754 2059 884 2142 proinde
900 2059 966 2124 acsi
982 2059 1197 2143 principaliter

85 2202 159 2246 cnm
182 2183 252 2266 ipso
276 2183 400 2247 domino
428 2191 559 2266 patreue
588 2184 804 2248 contraxisset.
850 2191 897 2248 set
925 2183 1018 2247 etiam
1046 2183 1114 2264 ille,
1144 2185 1197 2266 qni

84 2308 276 2372 exercitoria
299 2309 349 2372 uel
374 2309 529 2373 institoria
552 2310 597 2374 uti
620 2316 733 2392 potest,
757 2329 778 2373 a
800 2315 889 2391 patre
905 2308 1070 2373 dominoue
1094 2315 1197 2392 potest
1218 2315 1250 2367 15

85 2433 268 2514 condicere;
293 2433 379 2496 iussu
402 2435 483 2497 enim
508 2433 575 2498 eius
592 2453 661 2498 oum
685 2454 732 2513 eo,
756 2433 809 2512 qni
825 2433 857 2496 in
873 2434 939 2497 eius
960 2438 1115 2516 potestate
1139 2439 1198 2508 est,

85 2557 250 2639 negotium
274 2564 322 2620 est
345 2563 548 2621 contractum.
594 2558 737 2639 superius
761 2557 843 2621 enim
867 2555 1000 2620 diximus
1024 2576 1109 2635 enm,
1144 2555 1198 2636 qui

85 2681 245 2762 quendam
269 2683 408 2746 terrestri
423 2683 476 2745 uel
491 2681 665 2746 maritimae
680 2681 888 2764 negotiationi
904 2681 1077 2764 praeponit,
1101 2680 1197 2745 omni·

86 2807 146 2868 bns
178 2805 340 2869 declarare
371 2806 484 2888 uideri,
516 2807 560 2868 nti
589 2827 657 2870 oum
686 2824 723 2869 eo
755 2805 814 2868 iuri
841 2825 897 2869 suo
925 2805 1064 2869 subiecto
1093 2810 1124 2868 et
1152 2803 1198 2867 rei

86 2931 268 3014 praeposito
292 2950 400 2994 secure
425 2930 617 2994 contrahant.
1217 2937 1251 2987 20
