2884 4728
2 15 302 149 ¹*

515 381 756 444 —384-

78 574 146 620 rem
170 555 369 620 destinasset.
405 555 489 638 finge
512 555 603 638 euim,
627 561 661 620 ut
677 576 743 620 rem
759 555 875 620 elarius
893 555 1071 638 intellegas,
1096 575 1193 636 quen-

78 679 152 744 dam
176 686 346 762 antequam
369 680 528 745 furaretur
550 679 759 746 familiaribus
775 681 841 745 suis
862 680 1051 762 quibusdam
1074 679 1194 744 lassum

77 823 164 870 esse:
189 824 256 870 rem
279 805 381 886 illam,
410 825 504 887 qnam
533 806 738 890 subrepimus
766 825 849 887 sum,
878 805 910 869 in
934 805 1066 870 aedibus
1088 805 1194 887 Primi,

77 930 171 993 uerbi
188 930 300 1012 gratia,
325 930 482 1013 deponere
498 931 581 994 uolo.
619 931 647 996 si
670 938 742 1014 post
756 931 873 995 furtum
890 931 1061 994 admissum
1084 929 1194 1013 depre-

75 1054 196 1118 hensns
225 1055 266 1118 sit
295 1075 361 1118 rem
390 1059 501 1119 tenens
530 1055 582 1119 uel
605 1061 793 1138 conspectus
826 1056 867 1119 sit
894 1074 1091 1135 quoonmque
1123 1054 1194 1119 loeo
1231 1065 1247 1118 5
1423 1059 1426 1154 q

75 1185 251 1260 antequam
281 1179 313 1242 in
342 1179 438 1244 aedes
462 1180 558 1244 Primi
587 1200 657 1244 eam
684 1179 851 1263 perferret,
878 1179 985 1260 ibique
1012 1179 1193 1263 deponeret,
1425 1157 1427 1234 l

74 1303 266 1367 manifestus
287 1304 347 1367 erit
361 1305 419 1368 fur.
453 1304 502 1368 sin
517 1309 632 1386 autem,
657 1309 824 1388 postquam
848 1303 880 1368 in
904 1304 1000 1368 aedes
1016 1304 1112 1369 Primi
1127 1323 1194 1368 rem

76 1429 246 1512 pertulerit
268 1429 375 1509 ibique
398 1429 588 1513 deposuerit,
613 1430 826 1514 deprehensus
843 1429 885 1494 sit
900 1450 971 1494 eam
986 1449 1050 1494 non
1064 1429 1194 1509 habens,

75 1571 141 1616 non
172 1553 334 1618 uideretur
360 1555 546 1618 manifestus
573 1555 624 1618 fur
653 1575 732 1620 esse.
779 1575 818 1620 ex
846 1555 908 1635 his,
939 1573 1020 1635 quae
1049 1552 1192 1634 diximus,

75 1677 277 1761 intellegitur
293 1679 363 1760 quis
375 1679 561 1744 manifestus
572 1679 624 1744 fur
640 1679 694 1761 sit,
715 1680 854 1763 cogitare
871 1679 953 1744 euim
969 1679 1051 1760 lieet,
1067 1677 1193 1758 furtum,
1215 1687 1249 1740 10

39 1819 63 1867 4.
76 1803 166 1882 quod
189 1803 390 1868 manifestum
406 1823 469 1867 non
492 1810 549 1886 est,
572 1825 639 1868 nee
663 1805 904 1868 manifestum
928 1823 1006 1868 esse.
1046 1808 1075 1869 4.
1102 1801 1194 1867 Con·

75 1933 232 2012 eeptum
256 1928 372 1992 furtum
396 1928 518 2009 dieitur,
542 1949 613 1993 oum
637 1929 721 2012 apud
744 1929 880 2009 aliquem
898 1927 1031 1992 testibus
1046 1946 1195 2010 praesen-

74 2053 166 2116 tibus
182 2072 234 2117 res
249 2073 321 2117 mea
337 2052 455 2116 furtiua
470 2054 616 2134 quaesita
632 2059 727 2135 atque
743 2053 873 2118 inuenta
889 2058 946 2132 est,
970 2073 1043 2116 nam
1064 2052 1096 2116 iu
1114 2071 1194 2133 eum,

74 2176 167 2260 apud
191 2196 283 2257 quem
306 2177 436 2241 inuenta
463 2183 525 2256 est,
554 2177 684 2261 propria
711 2178 794 2242 aetio
823 2177 993 2242 constituta
1021 2181 1082 2257 est,
1112 2195 1194 2256 quae

74 2301 195 2365 dieitur
219 2301 429 2384 ‘eoneepti’;
454 2322 557 2383 neque
580 2302 711 2366 interest
734 2307 837 2365 utrum
860 2302 898 2382 is,
922 2300 1008 2384 apud
1031 2320 1123 2382 quem
1142 2319 1194 2364 res
1215 2312 1248 2365 15

72 2427 213 2489 inuenta
235 2431 293 2506 est,
317 2425 369 2490 fur
392 2427 433 2490 sit
456 2447 497 2491 an
519 2426 571 2490 fur
593 2445 656 2490 non
679 2427 728 2506 sit,
752 2433 801 2490 set
824 2446 845 2488 a
865 2445 916 2490 me
939 2445 1004 2489 rem
1028 2424 1194 2508 acceperit

72 2549 251 2614 oblatum
278 2549 396 2614 furtum
425 2550 552 2632 dieitur,
589 2571 659 2616 eum
689 2571 740 2616 res
771 2550 890 2614 furtiua
918 2550 958 2614 ab
987 2550 1093 2630 aliquo
1119 2547 1196 2613 mihi

74 2675 192 2738 oblata
204 2675 254 2754 sit,
272 2694 374 2756 eaque
390 2675 475 2759 apud
489 2695 540 2739 me
553 2675 686 2740 testibus
702 2673 923 2759 praesentibus
939 2674 1085 2754 quaesita
1098 2679 1195 2754 atque

72 2805 234 2884 ooneepta
257 2799 307 2879 sit,
332 2799 440 2880 utique
464 2820 540 2866 uero
565 2821 636 2866 eum
658 2821 699 2866 ea
720 2805 825 2865 mente
848 2799 919 2882 quis
942 2799 1023 2864 hano
1046 2798 1195 2862 furtiuum

72 2945 145 2989 rem
170 2924 247 2988 mihi
269 2924 428 3007 optulerit,
453 2929 487 2988 ut
510 2925 595 3008 apud
617 2946 667 2990 me
689 2926 796 3009 potius
820 2945 915 3006 quam
940 2923 1025 3008 apud
1048 2943 1118 2988 eum
1142 2921 1196 3003 qui
1214 2935 1249 2986 20

72 3048 205 3113 dederit
228 3049 455 3132 conciperetur,
479 3049 602 3114 etmihi
617 3049 722 3133 potius
738 3049 1008 3115 condemnationis
1025 3046 1197 3130 ignominia

73 3193 176 3255 quam
202 3171 263 3236 sibi
285 3173 439 3237 haereret.
477 3173 509 3237 in
532 3174 590 3238 hoo
614 3173 697 3238 enim
719 3194 798 3239 oasu
821 3195 880 3256 ego
905 3172 1030 3255 quidem
1054 3169 1197 3254 eoneepti

70 3298 207 3362 actione
230 3303 349 3380 teneor,
372 3297 405 3362 in
428 3318 500 3364 eum
524 3318 614 3380 uero,
639 3298 782 3380 quirem
806 3297 967 3382 optulerit,
991 3295 1073 3361 aetio
1098 3293 1197 3359 oblati

70 3422 154 3486 milri
179 3422 339 3505 competit,
364 3423 509 3504 quamuis
532 3423 583 3486 fur
604 3443 667 3488 non
690 3423 741 3504 sit,
766 3421 875 3503 quiid
898 3421 1016 3486 feeerit.
1050 3419 1146 3502 igitur
1168 3417 1196 3482 si

72 3547 151 3628 quis
176 3566 241 3611 non
265 3566 305 3611 ea
327 3554 431 3612 mente
455 3568 522 3612 rem
543 3547 620 3613 mihi
643 3548 803 3632 optulerit,
827 3546 959 3612 tenebor
975 3543 1102 3626 quidem
1125 3562 1196 3608 eon·
1214 3553 1249 3606 25

70 3671 164 3756 cepti
181 3670 318 3752 actione,
342 3671 441 3736 oblati
457 3691 534 3736 uero
551 3672 707 3738 actionem
723 3671 877 3736 aduersus
893 3689 964 3735 eum
980 3687 1043 3733 non
1063 3667 1196 3732 habebo.

71 3805 125 3862 est
151 3796 251 3862 etiam
273 3796 460 3881 prohibiti
483 3797 559 3862 furti
581 3798 664 3862 aetio
680 3797 834 3862 aduersus
850 3815 922 3860 aum
937 3793 1118 3876 eonstituta,
1143 3791 1197 3874 qui

129 4247 229 4296 rucupi.
245 4247 412 4288 Antenorem.
428 4245 515 4286 Parrlnl.
