2926 4708
681 301 912 366 -208—

232 488 318 569 10⁸¹)
346 487 394 550 καί
423 486 475 550 διὰ
496 485 588 548 τοῦτο
612 485 803 570 πλατυτέραν
820 483 931 572 ἔχοντα
948 484 1053 568 φύσιν,
1076 486 1244 568 ἀναγκαῖον
1265 483 1354 573 ιρἡη

234 591 333 654 πάντα
354 589 393 652 τὰ
414 588 532 675 ληγιίτα
553 591 619 664 τοῖς
639 585 912 653 fideicommissois
941 587 1103 662 ἐξισῶσαι,
1130 589 1175 662 ὡς
1199 587 1355 674 μηδεμίαν

234 690 311 756 ελναι
331 689 450 773 μεταξὺ
473 689 575 753 αὐτῶν
597 690 763 776 διαφορὰν,
787 689 859 753 ἀλλ’
882 692 962 775 όπερ
986 689 1115 754 ἐλλείπει
1137 693 1201 764 τοῖς
1217 690 1354 776 ληγάτοις

234 793 268 856 ἑκ
289 796 344 879 τῆς
366 797 429 855 τῶν
450 790 725 857 fideicommissum
756 793 1020 879 ἀναπληρωθῆναι
1029 792 1054 875 ²)
1082 791 1228 876 φύσεως,
1255 793 1308 856 καὶ
1331 793 1355 855 ελ

199 893 268 963 δέν
289 917 345 959 τινι
367 894 544 957 πλεονεκτεῖ
563 895 595 956 τὸ
616 893 750 979 ληγάτον
783 892 925 975 τοότου*)
946 893 1145 977 μεταδιδότοι
1153 896 1179 975 ⁴)
1202 895 1250 978 τῷ
1272 891 1355 960 fidei·

233 997 419 1081 oommissqo.
464 995 535 1060 ἀλλ’
558 995 606 1060 ἵνα
625 997 671 1082 μὴ
683 995 789 1083 χύδην
821 997 869 1059 καὶ
899 997 1011 1080 ἀναμὶξ
1041 997 1112 1082 περὶ
1140 996 1285 1081 ληγιίτιυν
1312 1000 1356 1059 καὶ

233 1099 508 1165 ίὶδθίοοωιπίεειυπ
531 1098 743 1181 διαλεγόμενοι
769 1098 803 1161 έν
825 1098 931 1175 αότοῖς
951 1103 1017 1174 τοῖς
1046 1103 1107 1162 τῶν
1131 1099 1235 1194 νόμων
1256 1121 1356 1182 προοι-

233 1205 313 1287 μίοις
334 1201 541 1285 ἀπαλαιτέρας
563 1199 606 1263 ἔτι
628 1202 683 1276 τὰς
711 1205 774 1264 τῶν
804 1201 883 1264 νέων
911 1199 1009 1275 οὔσας
1034 1201 1130 1276 ἀκοὰς
1156 1201 1357 1290 δυσχερεστέ-

232 1325 294 1389 ρας
327 1303 556 1385 διδασκαλίαςί)
586 1305 772 1389 ταριίξυιμεν
802 1304 835 1366 ἐν
865 1301 1078 1390 ἐπεισογιυγῄ,
1111 1305 1356 1385 ἀξιολογώτατον

187 1417 220 1469 10
236 1405 418 1490 ἐνομίσαμεν
448 1405 524 1469 εἶναι
552 1408 706 1491 πρότερον
738 1407 808 1490 περὶ
834 1407 977 1492 ληγότιυν
1007 1407 1261 1492 κεχαρισμένως,
1296 1405 1355 1470 εἶτα
1449 1461 1450 1472 ,

233 1508 313 1590 μετὰ
336 1512 431 1571 ταῦτα
454 1510 524 1591 περὶ
544 1507 817 1573 fideicommissum
848 1505 1034 1586 διεξελθεῖν,
1065 1511 1151 1585 όπιυς
1181 1512 1237 1594 τῆς
1258 1509 1354 1572 έκατὲ-

231 1633 294 1693 ρου
317 1609 444 1694 φόοειυς
466 1610 528 1696 λδίᾳ
550 1607 747 1694 γνωσθείσης
769 1608 1028 1685 έκπαιδευδέντες
1052 1611 1156 1674 λοιπὸν
1179 1613 1228 1674 καὶ
1247 1611 1282 1674 ἐν
1298 1610 1354 1683 ἕξει

235 1711 394 1795 γενόμενοι
415 1713 604 1795 λεπτοτέραν
626 1712 674 1774 καλ
696 1711 923 1795 ἀκριβεστέραν
948 1712 1123 1797 ἀδορόβιυς
1145 1713 1297 1786 δέξωνται
1317 1714 1354 1776 δι·

237 1813 411 1876 δασκαλίαν.
457 1817 486 1876 4.
524 1813 565 1876 θό
586 1814 682 1896 μόνον
706 1813 802 1876 δὲτὰ
832 1817 886 1876 τοῦ
914 1813 1089 1880 ίεελάίοτοε
1121 1815 1140 1902 ἢ
1170 1814 1225 1881 τοῦ
1254 1817 1386 1903 κληροέ

187 1925 217 1978 15
238 1937 333 1997 νομυυ
356 1915 522 1998 πράγματα
544 1915 621 1978 ἀλλὰ
644 1915 692 1977 καὶ
715 1915 859 2000 ἀλλότρια
882 1915 1009 1979 δόναται
1039 1917 1278 2003 ληγατεόεοτίαι,
1305 1918 1353 2005 οόγ

235 2015 348 2098 ὥςτεθ)
364 2017 545 2103 οτηρεῖσδαι
568 2019 620 2080 τόν
642 2017 798 2103 δεσπότην
821 2023 882 2080 τῶν
898 2017 985 2081 λδίυιν
1001 2021 1194 2102 πραγμάτων
1207 2021 1248 2102 ·⁷)
1271 2021 1354 2100 ἀναγ-

235 2119 360 2192 κάζεται
382 2119 442 2204 γὰρ
466 2121 483 2181 ό
505 2121 697 2205 κληρονόμος
719 2120 877 2203 προσιέναι
907 2123 952 2205 τῷ
975 2121 1117 2207 δεσπότῃ
1148 2123 1195 2184 καὶ
1227 2121 1354 2201 διαλέγε-
1449 2113 1450 2118 ¹

235 2218 308 2282 οδαι
331 2221 403 2303 περὶ
424 2221 606 2305 ἀγορασίας.
652 2223 700 2282 καί
721 2221 749 2284 εί
768 2221 826 2302 μὲν
849 2220 947 2283 ἕλοιτο
979 2223 996 2281 ό
1027 2221 1183 2308 δεσπότης
1214 2224 1353 2308 πωλῆσαι,

235 2321 396 2405 ἀγοράσας
417 2323 435 2384 ό
459 2321 649 2407 κληρονόμος
673 2321 779 2384 δίδιυσι
803 2319 893 2386 τοῦτο
919 2325 963 2407 τῷ
986 2323 1184 2409 ληγαταρίιρ,
1212 2324 1240 2386 εί
1262 2324 1297 2387 δέ
1315 2325 1357 2410 μὴ

184 2442 219 2496 νο
236 2423 368 2510 δυνηδῇ,
390 2427 443 2488 τοῦ
467 2424 622 2488 δεσπότου
643 2427 686 2510 μη
701 2423 923 2511 βουληθέντος,
948 2427 1002 2512 την
1021 2429 1074 2488 τοῦ
1092 2428 1276 2510 πράγματος
1297 2428 1356 2489 δια·
1448 2429 1449 2454 ²

235 2526 356 2612 τίμησιν
379 2525 507 2610 παρέξει
528 2527 573 2610 τῷ
601 2525 825 2611 ληγαταρίῳδ)
851 2527 878 2587 εί
901 2525 937 2588 δέ
969 2547 1012 2600 τις
1041 2526 1196 2590 τελευτῶν
1226 2526 1355 2590 τοιοῦτόν

234 2651 287 2710 μοι
308 2627 480 2714 ληγιιτεόση
505 2632 648 2710 πρᾶγμα,
673 2627 730 2712 ἐφ’
754 2626 781 2713 ᾧ
803 2626 1017 2695 οοαιιυέτυίοη
1050 2629 1106 2691 οόκ
1134 2627 1214 2716 ἔχω,
1244 2631 1280 2694 οό
1305 2631 1353 2710 μό-

238 2753 289 2792 νον
312 2729 367 2793 οόκ
388 2730 650 2815 έποφληδὴσομαι
679 2729 753 2792 αὐτὸ
784 2732 818 2792 τό
848 2727 1068 2813 καταλειφδὲν,
1104 2731 1174 2794 ἀλλ’
1206 2731 1280 2795 οὐδὲ
1308 2732 1356 2817 τὴν

239 2832 348 2896 τούτου
370 2832 546 2919 διατίμησιν
569 2833 705 2896 ἀπαιτεῖν
733 2831 916 2918 δυνήσομαι.
968 2833 996 2894 τί
1020 2833 1081 2917 γὰρ
1104 2835 1150 2896 ότι
1177 2834 1354 2920 έληγιίτευσέ

184 2947 219 3002 25
238 2955 280 3009 τις
307 2935 375 3019 έμολ
404 2939 454 3000 τὸν
483 2937 602 3019 κόμπον
631 2937 681 2999 τὸν
710 2935 879 3019 Μόρτιυνδ)
908 2936 1016 3018 (τόπος
1054 2934 1091 2998 δέ
1121 2935 1186 2999 ἐστι
1213 2935 1355 3022 δημόσιος

237 3038 361 3122 πλησίον
383 3044 439 3124 τῆς
457 3033 597 3124 Ῥώμης)
621 3036 639 3122 ἢ
663 3037 716 3123 τι>ν
738 3036 897 3121 βασιλικὴν
929 3037 947 3122 ἢ
970 3039 1024 3099 τόν
1049 3039 1123 3100 νάον
1153 3036 1173 3124 ἢ
1204 3039 1240 3100 τὰ
1267 3039 1353 3125 δημο-

237 3139 314 3213 σίαις
340 3141 467 3226 χρείαις
500 3139 740 3224 ἀφιερωδέντα,
780 3139 846 3202 οἷον
880 3138 1018 3222 θέατρον
1052 3139 1196 3224 κυνήγιον
1229 3138 1351 3216 ίππυιόνς

237 3245 335 3307 πάντα
363 3244 424 3327 γὰρ
460 3243 495 3305 τὰ
528 3243 749 3326 τοιουτότροπα
784 3243 902 3326 ληγιίτα
934 3241 1089 3330 ἀνίοχυρά
1115 3241 1205 3304 ἐστιν.
1258 3243 1290 3303 τό
1320 3241 1353 3302 δὲ

237 3346 400 3433 ελρημένον
422 3347 493 3431 ἡμῖν
516 3349 576 3427 πρὸ
591 3345 742 3432 βραχέως
762 3345 808 3407 ότι
831 3345 865 3406 τὸ
889 3343 1052 3426 ἀλλότριον
1077 3347 1204 3426 πρᾶγμα
1226 3343 1353 3429 ίσγυρῶς

186 3473 221 3526 ηο
238 3450 370 3534 δύναμαι
385 3448 573 3533 ληγατεόειν,
597 3447 666 3509 τότε
685 3447 748 3533 χρὴ
765 3448 844 3508 νοεῖν
868 3444 954 3532 ἡνίκα
978 3445 1040 3526 ἐγὼ
1063 3447 1080 3508 ό
1103 3443 1352 3530 διατιδέμενοςῑθ)

237 3554 411 3639 ἠπιστάμην
433 3553 592 3636 ἀλλότριον
616 3549 691 3614 εἶναι
714 3553 814 3613 τοῦτο.
854 3549 881 3612 ελ
902 3549 963 3634 γὰρ
986 3548 1127 3634 ἠγνόουν,
1152 3549 1351 3612 ἀνυπόστατον
1445 3543 1446 3562 ¹

306 3743 328 3805 ¹)
347 3740 485 3792 τουτέστιν
504 3737 564 3790 ὅπου
582 3737 619 3789 Μ.
724 3734 747 3796 ²)
766 3733 818 3788 M.:
839 3739 890 3787 oet.
910 3735 1072 3803 -ροῦσδαι,
1177 3736 1200 3801 ³)
1217 3738 1294 3788 τοῦτο
1305 3733 1351 3786 Ll.

236 3827 260 3893 ⁴)
281 3825 388 3876 -δόναι
406 3823 456 3877 [ιθ.
474 3820 515 3875 vi.
534 3821 566 3875 R
642 3823 665 3887 ⁵)
683 3818 877 3886 ἀπαλλωτέρας
896 3817 977 3878 ὄντας
997 3820 1046 3872 διδ.
1065 3819 1117 3872 Μ.;
1136 3833 1194 3874 uon
1208 3817 1306 3876 ‘abac'
1326 3815 1348 3868 d.

238 3909 282 3964 Vi.
299 3907 333 3966 R.
450 3908 474 3973 θ)
492 3907 529 3965 ὥς
546 3906 597 3959 Ῑιῑ.
616 3905 648 3964 F.
767 3905 790 3970 ⁷)
811 3921 890 3973 στηρ.
907 3903 933 3957 h.
953 3904 970 3957 l.
990 3904 1030 3957 vi.
1049 3904 1083 3957 R.
1196 3905 1218 3970 ⁸)
1234 3906 1248 3954 ό
1263 3902 1348 3970 κληρο-

242 3994 324 4056 νόμος
342 3991 385 4047 οδ.
403 3991 452 4046 Ll.
615 3990 638 4057 ⁹)
655 3991 773 4057 μάρκιον
793 3989 842 4042 Ll:
861 3989 977 4052 μάτυίου
995 3990 1070 4043 L¹⁸.:
1090 4005 1152 4044 mox
1170 3989 1285 4059 δημοσίου
1303 3984 1347 4037 Ινθ.

240 4081 275 4146 1⁰)
293 4078 344 4131 M.:
363 4084 414 4132 oet.
432 4077 538 4138 διαόίμ
