3092 4702
581 335 791 400 ..55-

139 537 204 586 uero
227 517 463 586 iilinmiemiliss
485 519 690 602 adoptando,
711 537 750 586 er
770 537 833 604 quo
862 519 944 586 iilius
973 527 1066 587 natus
1094 520 1152 598 sit,
1182 517 1250 602 ipse

138 639 345 704 tantummodo
366 637 400 703 in
422 655 521 704 mecm
536 643 724 719 potestatem
740 639 897 719 trsnsibit,
915 639 1014 704 fitium
1028 645 1136 707 sutem
1158 653 1250 705 snum

136 757 210 840 opud
234 776 330 825 auum
351 757 526 825 naturalem
547 758 710 840 relinquet
755 765 788 824 et
809 761 889 826 retio
912 759 1078 826 manifeste
1099 763 1157 826 cst.
1179 777 1251 826 oum

137 877 209 942 enim
232 874 449 944 filiusfamilias
471 883 563 956 esset,
585 877 701 944 liberos
723 877 755 942 in
785 883 941 961 potestate
967 879 1083 948 hebere
1109 897 1170 946 non
1198 897 1251 960 po

137 1002 220 1063 teret
247 1015 319 1062 eum
339 1001 455 1075 autem,
477 996 532 1079 qui
554 1014 624 1062 cum
645 994 745 1062 filium
766 997 800 1063 in
822 1004 1010 1080 potesutem
1032 997 1158 1076 hebent,
1181 1015 1250 1064 sese
1285 1004 1301 1056 t

135 1091 345 1198 udrogundnm
371 1117 509 1196 dederit,
537 1135 628 1184 suum
658 1115 755 1183 fliium
782 1135 888 1184 secum
917 1117 1043 1183 trahere
1069 1115 1121 1183 uel
1148 1135 1187 1184 cx
1214 1137 1250 1184 co

135 1239 226 1314 putet,
252 1237 337 1318 quod
358 1235 524 1318 Augustus
547 1255 608 1303 uon
629 1243 723 1303 entes
744 1235 920 1316 Tiberium,
948 1237 1003 1320 qui
1024 1243 1135 1318 postea
1165 1233 1252 1318 prin·

135 1374 200 1438 ceps
224 1361 351 1422 creatus
373 1362 436 1434 est,
459 1356 490 1421 in
513 1356 747 1440 adrogationem
770 1357 958 1437 susceperit,
985 1373 1080 1440 qunm
1102 1355 1152 1420 hic
1176 1353 1253 1421 Ger·

135 1476 286 1542 mnnicum
308 1475 533 1559 adoptauieset
581 1496 651 1544 cum
678 1476 761 1544 enim
792 1475 888 1542 uellet
913 1476 1073 1542 tiberium
1102 1473 1170 1541 loeo
1196 1473 1253 1540 iiiii

136 1595 264 1674 habere,
298 1595 517 1662 Germanicum
544 1604 649 1662 sutem
678 1595 745 1662 loco
780 1597 916 1678 nepotis,
950 1595 1046 1678 idque
1073 1613 1129 1674 per
1158 1597 1305 1660 unum1⁰

134 1713 199 1780 fieri
220 1716 473 1796 adrogationem,
500 1715 592 1782 iussit
620 1725 714 1781 entes
735 1715 954 1782 Germanicum
976 1733 997 1780 n
1017 1714 1142 1781 'liberio
1163 1712 1254 1779 ndro-

134 1837 268 1914 gsndum
291 1836 421 1918 suscipi,
448 1836 559 1902 deinde
581 1835 649 1918 ipsc
677 1834 837 1901 tiberium
867 1833 900 1898 in
930 1833 1164 1916 adrogationem
1186 1851 1254 1900 sus-

95 1955 224 2036 incepit
264 1953 314 2017 12.
339 1954 470 2020 Seruum
493 1972 584 2019 suum
607 1953 677 2036 quis
700 1952 877 2036 adoptauit:
905 1951 1070 2034 quaeritur
1097 1971 1136 2018 nn
1159 1951 1252 2035 adop·

136 2071 179 2138 tio
200 2073 316 2152 uolent,
339 2093 378 2139 sn
401 2073 476 2158 quid
498 2074 570 2138 indo
592 2082 751 2156 sequatur.
775 2080 807 2137 et
829 2072 913 2155 spnd
929 2069 1079 2138 Catonem
1101 2071 1252 2154 scriptum

136 2191 231 2258 reiert
252 2191 423 2276 antiquitas
445 2193 643 2276 adoptionem
666 2193 791 2274 quidem
811 2211 873 2258 non
896 2190 1016 2270 uslere,
1039 2197 1149 2272 utpote
1172 2210 1254 2275 quse
1275 2186 1305 2238 1⁶

136 2313 167 2376 in
187 2313 296 2380 liberis
318 2313 460 2394 personis
480 2312 582 2380 locum
605 2313 729 2391 hebeat,
751 2321 809 2392 set,
832 2312 907 2380 licet
928 2313 1022 2378 sicuti
1044 2311 1171 2396 adoptio
1192 2329 1254 2378 non

136 2433 298 2512 procedet,
332 2449 459 2498 seruum
487 2439 590 2500 temen
618 2432 750 2498 liberum
780 2451 849 2498 esse
876 2432 1051 2499 ostendere.
1102 2449 1173 2498 nem
1200 2433 1254 2515 qui

137 2568 262 2616 sernum
293 2552 445 2634 adoptare
471 2551 608 2618 notuerit
634 2569 705 2618 eum
731 2551 827 2618 tacite
856 2551 1074 2618 manumisisse
1102 2550 1255 2632 inteliegi-

137 2676 197 2735 tur.
243 2671 293 2738 hic
314 2672 414 2754 igitur
435 2673 519 2756 quod
541 2675 694 2754 expressit
723 2691 785 2737 non
807 2671 953 2754 perfecit,
984 2671 1069 2754 quod
1097 2677 1202 2736 cutem
1223 2670 1255 2734 in

138 2793 242 2856 animo
273 2791 383 2858 habuit
413 2793 545 2876 peregit
606 2791 679 2857 hinc
710 2797 814 2858 motus
847 2791 1078 2858 sacratissimus
1109 2789 1254 2873 princeps
1271 2796 1306 2848 2⁰

136 2916 258 2990 noster,
280 2929 350 2976 cum
373 2913 443 2994 quis
466 2910 498 2976 in
521 2910 667 2978 indicium
689 2913 828 2978 uenisset
849 2930 886 2978 oc
908 2909 1040 2977 dixisset
1061 2910 1139 2976 sctis
1161 2909 1256 2974 inter·

136 3031 336 3098 uenientibus
357 3030 397 3096 dc
419 3049 512 3098 seruo
527 3049 585 3098 suo
607 3049 690 3098 eum
712 3030 844 3098 iilium
866 3049 976 3097 suum
999 3047 1105 3109 esse,
1128 3045 1256 3096 seruum

135 3149 264 3231 quidem
284 3149 381 3217 filium
409 3169 470 3217 non
496 3150 564 3218 fieri
593 3150 771 3230 constitnit,
799 3149 943 3217 desinere
965 3158 1069 3217 tumen
1096 3151 1129 3214 in
1157 3149 1257 3214 serui-

135 3275 207 3335 tute
231 3287 306 3336 esse.
640 3269 644 3280 '
