2870 4716
450 355 755 454 '-362-

83 564 233 630 uentionis
259 565 443 630 beneficium
478 573 620 648 apparet.
670 585 743 630 nam
779 565 815 646 si,
847 585 916 630 cum
946 573 1077 646 uterque
1108 567 1195 631 mille

83 709 189 754 aurcos
215 690 408 771 contulisset,
431 695 559 773 pactum
584 689 666 770 quod
684 689 818 754 diximus
835 698 983 770 sequatur
999 699 1030 756 et
1046 690 1193 754 damnum

80 814 140 879 fieri
164 815 328 896 contingat
350 815 383 878 in
405 815 620 897 negotiatione
645 834 811 878 aureorum
828 813 888 894 00,
913 815 990 878 nihil
1006 834 1081 879 uero
1104 815 1193 896 lucri,

80 940 178 1004 solnta
213 940 381 1020 societate,
417 941 498 1004 alter
533 939 658 1019 quidem
694 959 773 1020 quos
802 939 932 1003 contulit
961 940 1046 1004 mille
1080 961 1193 1005 aureos

50 1072 69 1122 3.
79 1065 216 1148 recipiet,
243 1065 323 1129 alter
338 1083 414 1129 uero
430 1063 549 1128 0000.
588 1068 617 1130 3.
633 1064 714 1127 Illud
738 1064 917 1147 expeditum
942 1071 999 1146 est,
1024 1065 1051 1129 si
1074 1064 1106 1128 in
1130 1085 1194 1130 una
1230 1073 1246 1124 5

78 1209 172 1254 causa
195 1210 271 1274 pars
290 1195 410 1254 tanturn
426 1189 520 1254 luerit
536 1209 698 1272 expressa,
723 1189 755 1252 in
779 1189 880 1252 altera
903 1209 978 1253 uero
1002 1210 1065 1254 non
1087 1190 1191 1271 fuerit,

77 1315 218 1396 regulam
239 1314 307 1378 fieri
323 1314 408 1394 quod
424 1333 607 1397 expressum
624 1321 672 1377 est
688 1314 755 1378 eius
769 1312 853 1394 quod
863 1320 911 1378 est
928 1315 1192 1396 praetermissum.

75 1445 106 1500 ut
127 1457 204 1502 ecce
228 1439 315 1502 lacta
338 1445 387 1502 est
410 1438 590 1502 conuentio:
614 1444 648 1502 ut
668 1439 695 1502 si
719 1439 797 1502 lucri
820 1438 896 1519 quid
912 1439 1087 1520 contigerit,
1112 1439 1193 1504 alter

74 1562 148 1626 duas
179 1570 288 1646 partes
317 1563 398 1627 alter
426 1563 551 1627 tertiam
580 1563 753 1645 acciperet:
789 1563 827 1627 de
863 1563 977 1627 damno
1011 1582 1087 1627 uero
1115 1563 1192 1627 nihil

73 1707 255 1770 expressum
280 1695 342 1770 est,
372 1695 427 1752 aut
457 1687 553 1751 etium
584 1693 707 1768 contra3
737 1687 867 1770 perinde
895 1688 1081 1753 tractabitur
1109 1689 1246 1768 quod10

40 1818 62 1869 4.
72 1813 327 1894 praetermissum
344 1819 392 1877 est
405 1821 500 1893 atquc
516 1812 549 1876 id
565 1812 648 1892 quod
661 1818 710 1876 est
726 1831 917 1894 expressum.
953 1817 982 1878 4.
996 1812 1139 1877 Societas
1153 1832 1190 1877 eo

70 1957 168 2017 nsque
187 1943 303 2016 manet,
327 1937 427 2002 donec
443 1938 475 2001 in
487 1937 599 2002 eodem
616 1956 771 2000 consensu
783 1942 890 2019 partes
903 1937 1189 2020 perseuerauerint:

70 2069 99 2125 et
122 2062 198 2126 ideo
223 2082 293 2126 cum
317 2061 431 2142 aliquis
456 2062 612 2126 sociorum
635 2060 872 2140 renuntiauerit‚
897 2060 1030 2125 soluitur
1045 2061 1190 2126 sociatae.

69 2193 115 2250 set
138 2187 238 2269 plane
263 2186 291 2250 si
314 2185 384 2266 quis
408 2185 526 2250 callida
541 2193 644 2250 mente
668 2185 700 2249 iu
717 2185 776 2248 boc
792 2185 937 2250 societati
953 2186 1188 2267 renuntiauerit,

66 2321 99 2374 ut
122 2310 301 2375 obueniens
325 2309 454 2391 aliquod
484 2311 604 2374 lucrum
632 2309 718 2374 solus
747 2309 943 2391 adquireret,
971 2309 1004 2372 id
1028 2329 1189 2374 commune
1210 2315 1244 2366 15

66 2435 126 2500 fiet.
166 2435 197 2498 si
219 2455 295 2498 uero
319 2434 439 2498 lucrum
464 2435 670 2498 obuenturum
693 2434 844 2515 ignorans
868 2433 937 2513 quis
952 2433 1188 2515 renuntiauerit,

65 2561 152 2624 solus
179 2559 248 2642 ipse
277 2559 443 2623 lucrifacit.
490 2563 524 2622 ut
553 2576 628 2622 ecoe
655 2559 777 2622 Primus
806 2563 837 2622 et
865 2557 1027 2622 Secundus
1055 2564 1189 2622 totorum

65 2684 223 2750 bonorum
235 2685 372 2750 inierant
388 2685 585 2765 societatem3
610 2689 749 2746 mortuus
766 2690 814 2746 est
824 2682 936 2762 Titius,
952 2682 1056 2746 Primo
1074 2681 1189 2746 herede

64 2809 222 2890 instituto,
246 2810 385 2890 itemque
410 2808 477 2874 Seii
500 2811 585 2872 bona
608 2808 649 2872 ad
666 2808 799 2871 eundem
822 2807 960 2870 Primum
980 2805 1087 2870 delata
1110 2812 1188 2871 sunt.

64 2935 202 2998 ueniens
237 2933 306 3014 quis
338 2933 503 2998 certiorem
539 2933 614 2996 fecit
645 2933 783 2996 Primum
816 2931 855 2995 de
888 2931 964 2995 Titii
998 2930 1187 3012 hereditate3
1208 2935 1243 2986 20

63 3059 235 3123 nesciebat
257 3065 362 3123 autem
386 3057 509 3121 Primus
534 3057 600 3121 Seii
623 3057 830 3121 hereditatem
858 3055 919 3120 sibi
947 3075 1017 3119 esse
1042 3055 1187 3119 delatam.

62 3203 133 3246 cum
164 3183 262 3264 igitur
291 3189 419 3266 cuperet
441 3183 565 3246 Primus
592 3183 678 3246 solus
706 3181 783 3244 Titii
806 3180 1013 3244 hereditatem
1037 3179 1187 3259 nancisci,

59 3310 164 3392 probe
190 3306 308 3388 sciens,
339 3307 443 3371 soluta
474 3307 638 3388 societate,
665 3327 733 3370 rem
761 3305 858 3370 solius
887 3304 1081 3385 adquirentis
1117 3322 1187 3367 esse
