2932 4704
545 353 753 418 ..37-

104 557 191 622 nequa
212 545 333 607 tutores
355 545 556 608 eorumbene
577 558 678 624 neque
698 557 808 608 eorum
830 539 1030 608 fideiussores
1052 540 1203 608 indemni·

102 663 186 724 tutan
214 657 331 742 pupillo
353 665 513 742 praestare
534 659 672 741 possint,
702 663 778 726 tuna
806 660 860 742 qui
889 661 929 726 ab
957 659 1006 725 bis
1028 659 1205 728 satisdatio

102 794 161 841 ιιιι
188 778 362 859 acceperint
391 779 512 846 antinno
538 779 569 844 in
599 779 714 844 fantum
744 780 949 857 tenebuntur,
977 797 1059 860 quae
1088 779 1204 847 ideirco

101 895 276 964 subsidiaria
300 903 348 964 est
374 903 496 963 nomia
548 898 643 962 datur
669 904 775 964 autem
804 914 875 963 cum
903 897 1028 964 omnino
1056 898 1204 964 satisdari

100 1034 152 1080 uon
172 1015 360 1098 caraunint,
382 1017 490 1101 quiid
511 1016 613 1083 iuuere
636 1024 835 1096 consuerunt,
859 1025 913 1084 ant
935 1017 1116 1084 curanerint
1137 1019 1205 1100 qui·
1239 1031 1255 1080 a

100 1138 172 1213 dent,
194 1155 254 1202 nou
278 1145 383 1203 antem
405 1138 534 1204 idoneos
556 1139 640 1220 passi
663 1139 725 1204 sint
740 1157 861 1204 caune.
895 1137 1085 1205 subsidiaria
1098 1143 1204 1204 antem

100 1255 169 1322 aedo
193 1263 227 1322 et
246 1255 278 1320 in
305 1255 438 1322 neoda
466 1255 559 1322 datur
588 1257 669 1322 siout
696 1266 728 1322 et
761 1256 950 1339 prudentum
985 1257 1144 1339 responsis
1172 1263 1205 1322 et

67 1373 307 1456 spnnnpatinus
331 1375 607 1442 constitutionibus
628 1378 814 1445 continetur.
859 1376 889 1440 3.
923 1375 1043 1454 Quibus
1073 1381 1105 1440 et
1126 1374 1204 1442 illud

99 1501 222 1573 anatur,
246 1500 283 1559 ut
304 1495 359 1575 qui
381 1499 503 1561 tutores
525 1503 727 1562 curatoresue
749 1498 815 1562 dati
836 1497 918 1575 sint,
943 1495 1003 1562 nisi
1029 1495 1129 1562 uelint
1155 1511 1205 1560 sa·

98 1612 200 1678 tindare
221 1613 262 1680 ob
283 1613 585 1682 administrationem
607 1635 706 1693 suam,
729 1618 829 1698 nantis
844 1616 1026 1700 pigneribus
1041 1633 1204 1682 coercean-
1225 1635 1256 1686 uo

98 1739 154 1796 tur:
174 1731 256 1800 idest
276 1741 314 1799 ut
337 1753 374 1800 ex
398 1734 488 1800 bonis
510 1753 617 1800 eorum
640 1735 759 1817 aliquid
786 1735 874 1800 iussn
904 1735 1106 1817 magistratus
1135 1734 1203 1800 tono

65 1858 84 1906 ⁴·
98 1850 219 1932 panaris
241 1852 394 1934 capiatur.
423 1857 453 1916 4.
477 1853 585 1936 Neque
608 1853 724 1920 Romae
746 1853 922 1935 praefectus
945 1853 1016 1920 urbi
1038 1860 1093 1920 ant
1114 1872 1202 1936 prae·

100 1978 150 2046 tor,
168 1988 265 2050 neqne
289 1972 321 2036 in
345 1971 515 2054 prouinciis
537 1991 662 2054 praeses
685 1973 874 2040 subsidiaria
900 1975 1023 2040 ιιιίιιι
1051 1974 1202 2040 tenebun-

100 2097 158 2168 tur,·
178 2095 228 2156 sat
245 2089 280 2155 hi
303 2089 536 2168 tantummodo,
565 2093 619 2171 qui
645 2092 797 2156 eiusmodi
827 2091 1048 2159 satisdationes
1079 2093 1202 2174 exigere

100 2208 193 2276 soient.
1224 2215 1254 2268 ιι

359 2858 406 2924 De
428 2859 689 2928 excusationibus.
733 2859 855 2927 Titulus
878 2861 928 2925 25.

166 3045 235 3111 Non
258 3052 384 3112 tanturn
404 3046 439 3112 id
461 3047 543 3128 qnod
566 3047 764 3130 exposuimus
793 3047 876 3113 inter
904 3053 1025 3114 tutores
1054 3053 1086 3114 et
1113 3067 1201 3114 oura-

94 3168 167 3229 tores
187 3183 352 3231 commone
375 3172 432 3244 est
455 3173 491 3232 nt
505 3167 659 3232 satisdare
674 3173 835 3250 cogantur,
851 3173 900 3233 set
915 3145 992 3232 iliud
1009 3169 1102 3232 etiarn
1118 3169 1201 3248 qnod

95 3284 215 3364 utrique,
237 3303 311 3352 anun
332 3287 373 3352 ad
395 3303 461 3352 rens
483 3287 650 3368 gerendam
674 3293 834 3362 nocentur,
856 3285 1056 3353 estuatione
1072 3286 1117 3351 uti
1133 3303 1203 3368 pos-

94 3399 156 3468 sint.
197 3423 272 3472 oum
294 3405 376 3471 enirn
398 3405 458 3487 tegi
480 3407 620 3487 ignotum
648 3424 708 3472 ιιι
738 3413 838 3480 esset,
866 3405 1092 3474 incommodum
1123 3406 1201 3472 adeo

94 3527 121 3584 et
139 3523 302 3590 molestum
324 3541 393 3590 esse
415 3543 493 3591 ouns
516 3525 647 3604 tutelae,
668 3525 885 3592 asoumtiones
907 3544 944 3591 ex
973 3523 1106 3590 diosmis
1128 3543 1201 3590 oau-
1219 3543 1253 3594 ιι

94 3639 131 3704 sis
150 3643 333 3724 introduxit,
356 3663 489 3726 quarum
513 3665 575 3711 uua
597 3646 651 3727 qui
674 3663 749 3711 usus
771 3644 876 3724 tuerit,
904 3644 1026 3726 pondus
1049 3645 1201 3710 euaderet

94 3759 201 3828 tutelae
223 3773 280 3830 ant
301 3782 404 3832 outae.
451 3766 633 3848 plerumque
654 3769 759 3831 antem
781 3771 910 3848 propter
935 3764 1050 3832 liberos
1079 3771 1202 3830 nosmet
