2884 4728
553 372 595 382 -
642 338 794 402 395-

112 530 197 591 quac
222 511 305 576 aetio
328 511 376 574 illi
399 530 523 593 quoque
547 512 632 576 utilis
656 513 729 593 erit,
759 513 812 594 qui
835 513 926 578 unius
953 513 1000 578 rei
1023 514 1167 598 rapinam
1190 513 1231 582 sit

111 655 243 718 passus;
268 656 330 701 non
354 637 438 701 enim
461 637 536 717 quia
552 637 685 702 actionis
702 637 880 719 designatio
896 638 1011 722 plurali
1033 657 1162 703 numero
1182 643 1231 704 cst

111 761 227 843 relata,
244 761 315 826 ideo
335 761 406 846 ipsa
422 781 485 826 non
501 761 659 844 competit,
677 761 703 826 si
719 781 770 826 res
786 783 849 826 una
864 763 1019 846 rapiatur;
1041 763 1132 828 datur
1148 765 1231 828 enim

110 885 213 950 nihilo
242 886 357 967 minus,
391 906 493 966 neque
530 886 748 970 distinguimus
777 895 878 951 utrum
906 887 1013 969 magni
1043 908 1085 951 an
1112 887 1231 953 minimi

110 1010 208 1092 pretii
220 1015 312 1094 rapta
326 1029 378 1074 res
394 1011 443 1075 sit.
471 1010 679 1094 quadruplum
692 1018 797 1078 autem
813 1012 845 1076 in
857 1012 890 1075 ui
901 1013 1054 1076 bonorum
1069 1020 1231 1097 raptorum
1267 1027 1282 1076 5

110 1133 240 1199 actione
263 1153 326 1199 non
348 1141 447 1199 totum
471 1135 503 1200 in
526 1154 631 1218 poena
654 1143 710 1218 est,
734 1143 766 1201 et
788 1142 878 1201 extra
901 1155 1036 1220 poenam
1059 1137 1106 1202 rei
1124 1157 1230 1220 persc-

109 1259 213 1340 cudc,
243 1257 346 1346 [sicuti
373 1259 405 1323 in
431 1259 508 1324 furti
535 1260 695 1325 manifesti
711 1261 846 1326 'actione
879 1260 994 1326 dictum
1025 1269 1089 1342 est,
1122 1271 1170 1327 set
1197 1263 1230 1328 in

112 1383 292 1466 quadruplo
316 1391 347 1448 et
370 1384 417 1448 rei
440 1385 619 1467 persecutio
644 1383 838 1471 continetur]
884 1385 990 1466 itaque
1014 1386 1048 1450 tit
1070 1391 1105 1451 ut
1126 1405 1231 1470 poena

109 1508 202 1591 tripli
225 1509 274 1573 sit.
319 1509 398 1574 hacc
423 1515 528 1573 autem
558 1508 703 1589 dicimus,
732 1509 799 1574 siue
828 1509 860 1574 iu
883 1509 954 1594 ipsa
981 1511 1095 1594 rapina
1121 1518 1231 1595 raptor

109 1633 376 1716 deprehendatur,
406 1633 473 1698 siue
497 1653 567 1698 non.
611 1633 774 1698 ridiculum
799 1634 882 1700 enim
905 1636 988 1699 foret
1006 1635 1135 1701 leuioris
1158 1655 1229 1700 csse
1249 1649 1283 1700 10

108 1758 307 1823 condicionis
323 1778 404 1839 eum,
422 1757 476 1838 qui
491 1759 523 1822 ui
538 1759 630 1841 rapit,
648 1778 742 1838 quam
758 1778 838 1840 eum,
864 1758 917 1840 qui
933 1759 1015 1824 clam
1030 1779 1096 1824 rem
1112 1761 1227 1826 aufert:

109 1902 196 1962 quae
216 1891 321 1947 tamen
344 1883 439 1946 itare
463 1900 525 1946 non
541 1882 659 1946 habere
683 1902 723 1946 ex
745 1884 828 1948 furto
852 1903 910 1948 nec
927 1884 1093 1948 manifesto
1109 1884 1229 1950 intelle-

108 2008 206 2091 gitur.
252 2027 324 2070 nam
357 2028 426 2072 cum
454 2007 493 2071 de
521 2008 603 2071 furto
632 2014 838 2072 tractaremus
866 2008 1014 2091 diximus,
1042 2010 1071 2074 si
1097 2009 1167 2089 quis
1197 2009 1229 2073 in

109 2133 183 2216 ipso
219 2133 302 2197 furto
338 2131 591 2215 deprehendatur
620 2141 674 2196 aut
709 2133 932 2214 conspiciatur,
966 2134 1040 2198 furti
1072 2133 1230 2198 manifesti

108 2257 270 2322 actionem
293 2257 395 2321 locum
412 2256 538 2336 habere,
564 2256 651 2320 cuius
668 2256 886 2322 condemnatio
904 2257 1072 2340 quadrupli
1095 2266 1156 2340 ost,
1181 2259 1230 2322 sin
1250 2270 1282 2323 15

109 2390 218 2446 autem
246 2401 347 2462 neque
385 2381 638 2464 deprehendatur
672 2402 774 2464 neque
810 2383 1035 2468 conspiciatur,
1070 2383 1144 2447 furti
1171 2403 1229 2448 nec

107 2507 272 2571 manifesti
292 2507 326 2570 in
350 2507 477 2590 duplum
501 2507 658 2572 actionem
674 2515 861 2590 competere.
896 2508 949 2589 qui
965 2516 1069 2572 autem
1085 2507 1230 2590 rapinam

109 2631 251 2696 admittit
272 2631 305 2694 in
328 2631 539 2715 quadruplum
562 2637 695 2710 tenetur,
721 2632 788 2696 sine
811 2632 928 2714 inipso
949 2632 1102 2696 maleficio
1120 2632 1229 2714 depre-

110 2757 229 2820 hensus
253 2756 301 2837 sit,
325 2757 393 2820 siue
417 2755 512 2821 etiam
537 2757 671 2821 latuerit.
711 2758 743 2820 in
767 2777 888 2820 summa
911 2757 1006 2838 igitur
1028 2757 1103 2821 furti
1125 2775 1230 2840 poena

108 2881 205 2945 modo
229 2881 316 2963 dupli
339 2881 432 2945 modo
457 2881 623 2965 quadrupli
648 2889 704 2962 cst,
728 2883 858 2966 rapinae
876 2889 980 2946 autern
997 2901 1121 2965 temper
1143 2880 1229 2964 tripli
1249 2892 1284 2944 20

109 3013 169 3084 cst,
195 3005 263 3068 siue
288 3005 502 3089 deprehensus
525 3005 619 3071 fuerit
642 3015 751 3090 raptor
775 3007 841 3071 siue
866 3026 938 3087 non,
963 3014 999 3071 et'
1016 3005 1088 3070 ideo
1110 3005 1230 3085 aliquid

71 3103 246 3212 1‚amphus
271 3137 325 3194 aut
349 3138 434 3195 certe
458 3150 521 3194 non
546 3131 647 3195 minus
671 3131 788 3196 habere
805 3131 937 3196 uidetur.
980 3137 1005 3196 1.
1021 3129 1061 3193 Vi
1076 3130 1229 3194 bonorum

107 3261 271 3338 raptorum
296 3255 378 3319 actio
409 3256 558 3339 competit
586 3255 612 3319 si
641 3255 713 3320 dolo
741 3255 825 3319 malo
855 3255 925 3336 quis
952 3253 1101 3336 rapuerit
1146 3252 1228 3317 unde

107 3383 211 3460 patet,
237 3379 265 3442 si
287 3379 357 3461 quis
382 3399 488 3444 errore
514 3380 660 3444 inductus
685 3389 716 3444 et
739 3380 814 3444 iuris
837 3378 1018 3463 imprudens
1046 3398 1111 3442 rem
1139 3398 1228 3441 suam

110 3504 219 3587 rapuit
250 3524 287 3568 eo
317 3505 435 3584 animo,
467 3505 558 3585 quasi
587 3505 712 3569 domino
740 3505 835 3568 liceat
868 3523 933 3568 rem
962 3523 1051 3566 suam
1080 3519 1138 3584 per
1165 3499 1228 3564 uim
1247 3511 1281 3564 25
