2960 4704
691 329 904 394 ..13-

236 535 289 589 τες
316 516 378 576 τών
402 513 504 598 νόμων
527 513 686 598 διαίρεσιν,
707 514 865 599 μαθόντες
887 515 923 578 δὲ
938 517 987 579 καί
1003 517 1091 580 πόσοι
1106 521 1169 580 τιῦν
1187 519 1353 602 παλαιώνῑ)
1456 579 1457 582 ,

237 614 445 700 ἐνομοθέτουν
470 618 521 680 καί
543 621 611 690 πῶς
630 619 666 680 τὸ
690 616 768 702 παρ’
791 619 912 702 ἑκάστῳ
936 615 1205 702 νυμοθετούμενον
1220 618 1352 704 κέκληται
1456 619 1459 692 ἰ

235 719 285 780 καί
307 707 439 790 ὅτιτῶν
462 718 565 802 νόμιον
588 721 617 782 οί
634 742 694 804 μεν
716 717 869 804 ἔγγραφοι
891 719 971 784 οίδὲ
986 719 1136 804 ἄγραφοι,
1156 720 1352 803 μετέλθωμεν
1462 797 1463 801 γ

236 819 292 905 ἐφ’
315 820 424 903 ἕτερον
447 821 495 882 καὶ
514 817 670 902 μάθωμεν
693 820 764 906 περὶ
786 820 868 883 πόσα
889 822 909 906 ι)
935 824 995 883 τών
1022 821 1177 906 ῥωμαίων
1205 821 1354 903 καταγίνε-
1458 855 1459 896 1

201 940 285 990 firm
318 919 497 1005 νομοθεσία.
553 923 623 1006 περὶ
652 921 721 1006 τρία
749 923 848 986 τοίνυν
886 926 980 986 ταῦτα
990 922 1015 1006 ²)
1045 924 1255 1004 καταγίνεται·
1291 925 1354 1006 περί
1456 955 1458 992 J

236 1022 388 1106 πρόσωπα
410 1024 481 1104 περὶ
504 1025 702 1108 πράγματα’)
726 1027 796 1108 περὶ
823 1025 961 1107 ἀγωγάς.
1007 1027 1090 1088 καὶὸ)
1109 1028 1179 1106 περὶ
1207 1025 1355 1110 πρόσωπα
1454 1105 1458 1114 Δ

232 1125 299 1207 μὲν,
323 1115 397 1188 δ’ταν
419 1123 563 1208 εἴπωμεν,
587 1127 604 1187 ό
627 1124 713 1188 δεῖνα
735 1126 930 1212 συγκλητικός
952 1125 1056 1212 ἐστι)
1085 1127 1258 1212 ίδιώτης*)·
1292 1128 1355 1210 περὶ

235 1228 435 1310 πράγματαῦ)
456 1227 544 1312 ἡνίκα
567 1227 718 1313 ζητοῦμεν
745 1228 878 1313 πότερον
910 1227 1049 1313 ἔρρωται
1077 1230 1098 1315 ι)
1128 1228 1272 1315 γινομένη
1302 1228 1356 1291 ὑπό
1457 1229 1459 1310 )

233 1329 350 1411 τινοςί)
375 1327 508 1413 διαθήκη
530 1326 551 1413 ἢ
573 1328 729 1416 ἄχρηστός
751 1328 850 1392 ἐστιν·
896 1331 967 1412 περὶ
996 1331 1123 1412 ἀγωγὰς
1151 1330 1237 1416 ἡνίκα
1267 1330 1357 1414 άμφι·

185 1444 217 1498 10
236 1429 395 1518 σβητείται
418 1429 551 1514 πότερον
574 1429 657 1514 τῷδε
680 1430 843 1515 πρόσεστιν
866 1430 973 1517 ἀγωγὴ
996 1429 1015 1516 ἢ
1039 1431 1075 1494 οῦ
1099 1431 1273 1513 πρόσεστιν.
1312 1432 1358 1494 καὶ
1457 1409 1460 1484 λ

234 1533 284 1596 δεῖ
304 1533 382 1595 κατὰ
405 1533 532 1618 πρώτην
555 1533 640 1604 τάξιν
663 1533 734 1617 περὶ
755 1533 935 1618 προσώπων
958 1533 1172 1620 διαλεχθῆναι,
1200 1531 1267 1596 εἶτα
1291 1535 1359 1617 περὶ

234 1636 425 1718 πραγμάτων
449 1635 496 1696 καὶ
514 1639 595 1718 μετὰ
619 1636 714 1696 ταῦτα
740 1632 867 1706 διδάξαι
898 1634 968 1717 περὶ
997 1634 1141 1714 ἀγωγῶν.
1194 1634 1358 1717 σύμβαίνει

233 1735 270 1799 δὲ
292 1739 343 1820 τῷ
365 1739 467 1810 καλῶς
490 1734 589 1822 ἔχοντι
610 1737 630 1818 ἡ
654 1735 778 1822 τοιαύτη
801 1737 896 1809 τάξις.
920 1737 1101 1818 προσώπων
1121 1735 1178 1818 μὲν
1201 1737 1262 1818 γὰρ
1287 1737 1362 1798 ῦπυ-

233 1839 400 1921 κειμένων,
439 1837 640 1923 ἀναφύεσθαι
674 1839 841 1924 πράγματα
881 1843 944 1902 τῶν
978 1836 1228 1924 ὡμολογημένων
1261 1835 1359 1913 ἐστὶν,

184 1970 215 2022 15
232 1935 373 2007 ὑπόντων
396 1939 432 2003 δὲ
454 1941 646 2026 πραγμάτων
669 1943 717 2005 καὶ
739 1943 810 2023 περὶ
838 1941 972 2022 ἀγωγῶν
1001 1941 1118 2024 ἀνάγκη
1147 1939 1258 2024 ζητεῖν.
1312 1939 1362 2002 δεῖ

232 2041 287 2107 οῦν
309 2045 380 2127 περὶ
402 2044 582 2128 προσώπων
604 2042 715 2124 εἰπεῖν,
738 2043 865 2128 εὐτελὴς
895 2045 956 2127 γὰρ
985 2043 1035 2106 καλ
1058 2043 1218 2128 ἀνώνητος
1244 2043 1265 2126 ἢ
1297 2043 1360 2105 τών

233 2145 336 2228 νόμων
357 2146 525 2232 κατάληφις
548 2143 611 2226 εἴγε
634 2145 671 2208 τὰ
694 2145 846 2228 πρόσωπα
869 2144 949 2229 παρ’
972 2146 1043 2230 ἡμῖν
1066 2145 1221 2226 ἀγνοεῖται
1243 2143 1290 2206 ὧν
1303 2144 1360 2231 χά·

229 2271 280 2330 ριν
302 2245 514 2334 έπινενόηνται
535 2246 633 2328 νόμοι.
666 2244 732 2333 λθ)
756 2246 859 2309 τοίνυν
882 2248 944 2310 τιῦν
967 2245 1146 2329 πράσωπων
1175 2245 1258 2328 ἄκρα
1281 2244 1359 2308 διαί-

229 2371 320 2432 ρεσις
342 2349 424 2411 ἐστιν
447 2347 542 2436 αῦτη,
568 2349 614 2412 ότι
637 2346 899 2430 τῶνάνθρώπων
922 2349 951 2412 οί
971 2346 1030 2430 μέν
1052 2345 1109 2410 εἰσι
1131 2345 1307 2430 ἐλεύθεροι,
1331 2345 1361 2407 οί

180 2476 215 2530 20
232 2449 268 2512 δὲ
291 2439 405 2527 δοῦλαι,
448 2451 496 2512 καλ
522 2450 577 2534 τὴν
602 2449 660 2532 μὲν
687 2447 871 2532 ἐλευθερίαν
905 2447 941 2521 ἐξ
968 2448 1007 2536 ἧς
1035 2451 1054 2535 η
1084 2451 1147 2510 τῶν
1175 2446 1362 2533 ἐλευθέρων

231 2551 424 2638 ἐπινενόηται
454 2551 649 2639 προσηγορία
681 2551 784 2627 οὕτως
815 2549 978 2635 ὁρίζεσθαι
1012 2549 1077 2638 γρι)
1089 2571 1097 2586 ·
1141 2552 1166 2616 c)
1190 2550 1363 2636 ἐλευθερία

230 2656 311 2721 ἐστιν
334 2653 476 2742 εῦγέρεια
498 2657 611 2741 φυσικὴ
633 2654 754 2738 ἑκάστῳ
775 2657 985 2741 συγχωροῦσα
1003 2652 1149 2736 πράττειν
1171 2652 1364 2734 ἃβούλεται

231 2758 259 2821 εί
277 2758 321 2842 μι)
344 2756 438 2842 νόμος
459 2757 479 2844 ἦ
500 2755 556 2838 βία
577 2755 705 2820 κωλύει·
748 2755 805 2837 βία
831 2755 888 2837 μὲν
916 2754 1022 2840 ἐπειδὴ
1052 2753 1247 2836 βουλόμενον
1277 2753 1360 2819 ἐσθ’

229 2855 280 2925 ‘bre
300 2859 342 2942 μέ
357 2883 383 2922 τι
398 2859 512 2942 πρᾶξαι
520 2859 556 2940 τ),
579 2859 597 2920 δ
614 2861 675 2932 τοῖς
692 2857 796 2940 νόμοις
811 2856 867 2920 οῦκ
883 2855 1109 2942 ἀπηγόρευται,
1125 2856 1289 2921 διακωλύει
1315 2881 1365 2934 τις

179 2987 212 3042 25
230 2961 328 3050 ἰσχύει
353 2960 471 3046 μείζονι
495 2961 701 3044 βιασάμενος.
753 2959 848 3040 νόμος
875 2957 928 3038 δὲ,
959 2949 1005 3020 ότι
1032 2962 1186 3042 τιμωριῶν
1216 2959 1366 3034 ἀπειλαῖς

230 3063 372 3149 είργομαι
394 3065 539 3146 πράττειν
569 3063 590 3124 δ
618 3060 782 3144 βούλομαι.
832 3058 966 3147 ολκέτηῧ)
995 3059 1055 3144 γὰρ
1087 3065 1184 3124 ποιεῖν
1217 3085 1243 3124 τι
1276 3064 1366 3126 κατὰ

229 3167 355 3253 γνώμην
382 3167 432 3230 καὶ
460 3163 646 3246 δεσπότουδ)
681 3163 755 3239 δέος
786 3161 953 3247 ἐμποδίζει.
1004 3162 1132 3226 Δουλεία
1155 3162 1237 3247 δέω)
1272 3164 1365 3230 ἐστιν

229 3268 350 3333 ἐθνικοῦ
375 3269 502 3354 νομίμου
526 3267 714 3340 διατόπωσις
736 3264 774 3338 ἐξ
798 3265 835 3353 ἧς
863 3284 907 3336 τις
936 3263 1147 3344 ὑποβάλλεται
1175 3269 1214 3352 τῇ
1240 3265 1364 3352 ἑτέρου

229 3369 393 3458 δεσποτεία
416 3369 640 3456 ύπεναντίυνῑί)
662 3370 717 3430 τοῦ
740 3369 868 3451 φυσικοῦ
893 3366 1021 3451 νομίμου
1033 3365 1080 3450 ¹¹).
1134 3368 1154 3454 ι)
1177 3369 1237 3454 γὰρ
1260 3368 1366 3452 φύσις

296 3543 320 3608 ¹)
338 3541 371 3594 τό
389 3541 501 3595 παλαιὸν
520 3541 552 3596 F.
570 3541 602 3596 R.
742 3517 765 3603 λ)
789 3534 823 3589 (λθ
845 3534 875 3588 Ρ.
897 3533 929 3588 F.
952 3533 985 3588 R.
1011 3533 1115 3602 γίνεται
1142 3534 1201 3592 εδδ
1228 3541 1294 3590 nuto
1324 3535 1362 3591 F,
1462 3537 1463 3558 ι

225 3631 250 3696 ⁸)
267 3628 312 3682 καί
328 3627 358 3682 P.
490 3629 514 3698 ⁴)
532 3627 580 3681 11¹.
598 3626 648 3680 L².
666 3624 697 3678 F.
716 3621 748 3678 Β.
766 3618 830 3691 Epi.
849 3621 956 3678 -τικδς
972 3617 1003 3672 Ρ.
1140 3621 1164 3685 ⁶)
1181 3620 1212 3672 δὲ
1230 3622 1273 3676 ins
1290 3620 1364 3690 Epi,
1462 3599 1463 3660 ἶ

226 3714 313 3782 ηιμ
331 3714 501 3781 moerim·
519 3712 549 3767 p,
602 3707 820 3781 περιέπειν.
873 3705 895 3773 8)
908 3705 925 3761 ι.
939 3703 1057 3775 ταυτην·
1070 3703 1242 3774 venenam.
1255 3706 1365 3762 pmcn.
1462 3689 1463 3698 '

227 3806 255 3854 et
271 3799 352 3855 zach.
370 3798 433 3856 ibid.
454 3802 570 3855 192n.2
587 3797 679 3852 Harm.
747 3795 770 3863 ⁹)
792 3795 823 3847 τὸ
842 3793 874 3848 P.
943 3789 1116 3859 10)(1οΕρο,
1187 3793 1223 3858 11)
1240 3789 1364 3846 mm.

187 3905 189 3909 ’
226 3886 256 3942 Ρ.
274 3885 343 3955 Epa.
361 3885 455 3940 Proch.
474 3884 636 3944 δπεναντίσς
659 3881 690 3936 Ρ.
712 3880 874 3935 ἀπεναντίον
893 3878 934 3934 R.
1071 3875 1107 3946 1λ)
1126 3875 1211 3942 νόμου
1230 3876 1260 3930 Ρ.
1279 3877 1365 3947 Epi.,
1462 3911 1463 3914 =

226 3985 296 4040 quae
313 3970 357 4027 εδ.
376 3971 550 4030 διατόπωσις.

294 4059 322 4122 ε)
339 4055 407 4111 haec
424 4057 532 4110 suntin
549 4055 623 4124 Epit.
642 4054 656 4108 1
673 4053 728 4109 sch.
747 4056 787 4111 16.
879 4051 908 4118 b)
923 4051 992 4107 haee
1008 4049 1092 4105 habet
1109 4050 1197 4120 Epan.
1215 4051 1259 4114 37,
1285 4053 1365 4106 1-4

227 4140 322 4203 Ρτοσίι
340 4145 383 4210 24,
402 4145 477 4196 1-3.
581 4136 1118 4208 ι)1ιειυειεα.1ιουειΕρί.38,1εα.
