2876 4712
544 349 772 414 ..303-

92 538 326 618 prehensum
350 545 446 602 est«.
484 542 589 619 potest
611 556 686 602 uero
709 541 741 602 et
763 537 855 602 aliter
876 538 1030 602 nominari
1053 543 1085 604 et
1107 539 1213 603 uocari

47 670 71 718 a.
95 663 204 722 »turn
227 657 372 738 quibus
395 655 648 738 exlegibus«.
688 658 716 722 8.
740 656 851 722 Plures
868 661 974 721 autern
990 675 1059 721 cum
1076 657 1140 722 siut
1161 657 1215 722 bo

88 796 207 842 norum
236 778 450 860 possessiones
479 781 665 859 apraetore
695 775 893 842 introductae
923 795 959 841 ac
987 796 1045 859 per
1073 777 1213 842 ordinem

90 897 249 978 digestae,
279 915 412 978 cumque
441 897 472 960 in
502 915 692 978 unaquaque
714 897 817 978 specie
839 897 945 979 plures
973 896 1130 962 interdum
1155 897 1216 963 dis-

88 1017 161 1099 pari
187 1016 288 1098 gradu
310 1021 418 1081 extent
439 1034 605 1097 personae,
634 1035 673 1082 ne
695 1017 886 1082 creditorum
909 1017 1047 1082 actiones
1074 1015 1251 1082 differens

87 1144 158 1214 tur,
196 1141 245 1202 set
277 1135 415 1200 habeant
447 1154 526 1218 quos
560 1137 726 1201 conuenire
753 1138 893 1218 possint,
923 1143 955 1202 et
987 1156 1026 1202 ne
1061 1135 1151 1203 facile
1183 1138 1216 1202 in

87 1257 322 1350 possessionem
345 1254 499 1320 bonorum
522 1253 660 1320 debmcti
675 1257 851 1334 mittantur,
875 1275 1048 1339 perquam
1072 1275 1147 1322 suae
1169 1276 1216 1323 se·

88 1375 221 1440 caritati
244 1375 416 1452 consulant,
440 1375 509 1440 ideo
524 1380 653 1456 praetor
668 1377 834 1458 unicuique
850 1375 1004 1442 bonorum
1025 1377 1215 1459 possessioni

87 1495 247 1578 petendae
276 1501 395 1561 certum
424 1493 604 1577 praefiniuit
629 1501 768 1578 tempus,
794 1515 857 1580 quo
879 1501 1056 1574 transacto,
1085 1497 1138 1575 iis,
1162 1495 1215 1578 qui

88 1621 256 1692 secuntur,
280 1616 367 1680 locus
389 1614 433 1679 iit.
462 1614 646 1697 parentibus
668 1616 794 1697 quidem
817 1622 850 1682 et
872 1617 977 1682 liben's
1000 1621 1066 1682 tarn
1088 1622 1216 1682 natura·
1237 1627 1268 1678 lo

88 1739 174 1802 libus
198 1755 294 1818 quam
309 1735 467 1818 adoptiuis
483 1755 598 1800 annum
615 1736 702 1801 dedit
715 1742 844 1818 praetor
866 1737 906 1801 ad
922 1756 1045 1802 omnem
1060 1737 1214 1802 bonomm
1292 1727 1296 1734 ’

89 1857 322 1940 possessionem
342 1855 519 1938 petendam,
543 1856 611 1921 siue
633 1875 670 1921 ea
685 1861 875 1922 testamento
896 1857 964 1922 siue
987 1857 1026 1921 ab
1049 1856 1214 1921 intestato:

90 1997 154 2061 quo
184 1977 335 2059 temporis
365 1977 467 2058 spatio
503 1981 678 2055 transacto,
713 1981 941 2060 competentem
969 1976 1028 2042 sibi
1057 1977 1214 2041 bonorum

90 2098 323 2181 possessionem
346 2097 511 2161 amittunt:
540 2097 651 2162 ceteris
680 2116 756 2162 uero
785 2097 925 2178 cognatis
948 2101 980 2161 et
1009 2095 1215 2162 extraneisG

52 2219 216 2284 adieram
238 2217 375 2299 spatium
405 2215 445 2280 ad
471 2216 530 2281 hoc
559 2216 654 2282 dedit
699 2220 728 2281 9.
755 2217 798 2282 Et
819 2217 845 2282 si
868 2216 939 2298 quis
961 2217 1047 2281 intra
1068 2215 1125 2280 hos
1148 2215 1214 2281 dies
1236 2225 1265 2276 15

93 2345 323 2421 competentem
344 2341 403 2406 sibi
424 2339 578 2406 bonorum
593 2343 820 2424 possessionem
844 2360 1012 2422 agnoscere
1033 2341 1215 2422 neglexerit

93 2459 159 2526 eius
182 2479 247 2524 non
273 2461 409 2541 petentis
438 2460 556 2541 portio,
585 2460 611 2526 si
640 2479 721 2542 quae
751 2460 890 2527 eiusdem
917 2459 1034 2543 gradus
1063 2479 1216 2542 personae

93 2584 217 2657 extent,
246 2579 307 2644 illis
338 2578 508 2644 adcrescit:
545 2580 572 2645 si
606 2585 711 2645 autem
747 2600 838 2645 nemo
867 2599 904 2646 ex
938 2579 1047 2645 eodem
1074 2580 1216 2662 procedit

94 2699 205 2780 gradu
218 2699 279 2765 illis
294 2700 348 2782 qui
363 2719 400 2765 11
415 2701 559 2782 sequenti
575 2701 707 2766 ueniunt
722 2701 823 2783 gradu
840 2701 939 2766 ueluti
954 2720 991 2766 11
1007 2702 1213 2780 successione,

94 2823 247 2900 tanquam
270 2819 297 2884 si
324 2820 522 2901 praecedenti
550 2820 650 2912 gradu
677 2840 812 2902 persona
838 2840 899 2885 non
928 2825 1058 2886 extaret.
1103 2821 1217 2886 Deiata
1233 2821 1267 2872 2⁰

95 2944 142 3003 est
164 2937 240 3012 mihi
262 2939 415 3006 bonorum
437 2942 611 3022 possessio,
635 2960 716 3022 quae
737 2941 813 3005 mihi
836 2941 921 3006 intra
942 2959 1059 3006 annum
1081 2942 1217 3022 petenda

95 3065 171 3134 erat,
196 3078 267 3124 omn
289 3079 390 3125 essem
412 3059 860 3142 111111111111110111111111
883 3060 1214 3136 liberomm'numero,

96 3178 401 3257 11111111011111,
432 3198 503 3244 cum
534 3199 570 3244 11
594 3185 769 3245 ceteromm
792 3199 921 3244 numero
944 3198 1061 3257 essem;
1085 3179 1215 3244 eandem

96 3276 275 3380 repudiauit
298 3318 360 3363 non
383 3299 514 3364 dicimus
531 3318 599 3364 esse
614 3299 840 3386 expectandum
856 3317 1021 3380 quousque
1036 3299 1213 3376 excesserit,

98 3419 180 3499 quod
202 3425 251 3484 est
271 3420 426 3500 reliquum
447 3425 571 3501 tempus
595 3419 667 3484 anni
689 3419 740 3484 uel
756 3418 780 3484 C
796 3419 927 3497 dierum,
948 3422 985 3482 ut
1000 3423 1075 3482 tunc
1090 3418 1215 3482 demum
1233 3415 1266 3465 ²5

100 3540 208 3605 ceteris
230 3541 318 3605 locus
340 3537 404 3616 fiat,
428 3544 478 3604 set
499 3540 607 3605 statim
629 3539 683 3621 qui
705 3539 859 3621 sequioris
883 3539 999 3619 gradum
1022 3537 1074 3602 uel
1097 3537 1215 3602 ordinis

59 3661 91 3712 1⁰·
101 3665 172 3723 sunt
193 3658 234 3723 ad
255 3659 409 3725 bonorum
424 3660 652 3742 possessionem
676 3657 890 3723 admittentur.
932 3659 979 3721 10.
1003 3657 1140 3739 Tempus
1161 3656 1215 3721 bo-
