<?xml version="1.0" encoding="UTF-8"?>
<!DOCTYPE html PUBLIC "-//W3C//DTD XHTML 1.0 Transitional//EN"
    "http://www.w3.org/TR/xhtml1/DTD/xhtml1-transitional.dtd">
<html xmlns="http://www.w3.org/1999/xhtml" xml:lang="en" lang="en">
 <head>
  <title>
</title>
<meta http-equiv="Content-Type" content="text/html;charset=utf-8" />
  <meta name='ocr-system' content='tesseract 3.04.00' />
  <meta name='ocr-capabilities' content='ocr_page ocr_carea ocr_par ocr_line ocrx_word'/>
</head>
<body>
  <div class='ocr_page' id='page_1' title='image "./institutionumgr02linggoog_0110.png"; bbox 0 0 3092 4702; ppageno 0'>
   <div class='ocr_carea' id='block_1_1' title="bbox 581 365 793 433">
    <p class='ocr_par' dir='ltr' id='par_1_1' title="bbox 581 365 793 433">
     <span class='ocr_line' id='line_1_1' title="bbox 581 365 793 433; baseline 0.033 -7"><span class='ocrx_word' id='word_1_1' title='bbox 581 365 793 433; x_wconf 80' lang='grc'>..38-</span> 
     </span>
    </p>
   </div>
   <div class='ocr_carea' id='block_1_2' title="bbox 125 552 1246 880">
    <p class='ocr_par' dir='ltr' id='par_1_2' title="bbox 125 552 1246 880">
     <span class='ocr_line' id='line_1_2' title="bbox 126 552 1244 638; baseline 0.003 -19"><span class='ocrx_word' id='word_1_2' title='bbox 126 553 232 632; x_wconf 71' lang='grc' dir='ltr'>ιεοτίι,</span> <span class='ocrx_word' id='word_1_3' title='bbox 255 552 507 638; x_wconf 78' lang='lat' dir='ltr'>primoquidem</span> <span class='ocrx_word' id='word_1_4' title='bbox 532 553 613 621; x_wconf 79' lang='lat' dir='ltr'>faeie</span> <span class='ocrx_word' id='word_1_5' title='bbox 639 573 765 621; x_wconf 87' lang='lat' dir='ltr'>seruum</span> <span class='ocrx_word' id='word_1_6' title='bbox 792 555 989 635; x_wconf 86' lang='lat' dir='ltr'>distrahens,</span> <span class='ocrx_word' id='word_1_7' title='bbox 1017 555 1112 622; x_wconf 78' lang='lat' dir='ltr'>todia</span> <span class='ocrx_word' id='word_1_8' title='bbox 1138 559 1244 623; x_wconf 87' lang='lat' dir='ltr'>autem</span> 
     </span>
     <span class='ocr_line' id='line_1_3' title="bbox 125 674 1246 759; baseline 0 -19"><span class='ocrx_word' id='word_1_9' title='bbox 125 679 255 756; x_wconf 60' lang='lat' dir='ltr'>‘pactum</span> <span class='ocrx_word' id='word_1_10' title='bbox 284 681 321 740; x_wconf 87' lang='lat' dir='ltr'>ut</span> <span class='ocrx_word' id='word_1_11' title='bbox 350 674 410 740; x_wconf 90' lang='lat' dir='ltr'>sibi</span> <span class='ocrx_word' id='word_1_12' title='bbox 440 675 606 752; x_wconf 74' lang='lat' dir='ltr'>reddatur,</span> <span class='ocrx_word' id='word_1_13' title='bbox 639 676 829 742; x_wconf 85' lang='lat' dir='ltr'>seueriorem</span> <span class='ocrx_word' id='word_1_14' title='bbox 864 677 1035 759; x_wconf 80' lang='lat' dir='ltr'>principem</span> <span class='ocrx_word' id='word_1_15' title='bbox 1067 675 1246 756; x_wconf 84' lang='lat' dir='ltr'>experietur</span> 
     </span>
     <span class='ocr_line' id='line_1_4' title="bbox 125 793 1242 880; baseline -0.004 -20"><span class='ocrx_word' id='word_1_16' title='bbox 125 794 207 860; x_wconf 78' lang='lat' dir='ltr'>»tute</span> <span class='ocrx_word' id='word_1_17' title='bbox 223 793 394 862; x_wconf 86' lang='lat' dir='ltr'>admittens</span> <span class='ocrx_word' id='word_1_18' title='bbox 408 793 531 862; x_wconf 78' lang='lat' dir='ltr'>ocinus</span> <span class='ocrx_word' id='word_1_19' title='bbox 545 795 748 880; x_wconf 73' lang='lat' dir='ltr'>fraudemque</span> <span class='ocrx_word' id='word_1_20' title='bbox 770 796 838 864; x_wconf 87' lang='lat' dir='ltr'>aius</span> <span class='ocrx_word' id='word_1_21' title='bbox 860 796 977 866; x_wconf 79' lang='lat' dir='ltr'>faeiem</span> <span class='ocrx_word' id='word_1_22' title='bbox 998 795 1242 864; x_wconf 73' lang='lat' dir='ltr'>constitutioni«</span> 
     </span>
    </p>
   </div>
   <div class='ocr_carea' id='block_1_3' title="bbox 392 1406 971 1491">
    <p class='ocr_par' dir='ltr' id='par_1_3' title="bbox 392 1406 971 1491">
     <span class='ocr_line' id='line_1_5' title="bbox 392 1406 971 1491; baseline 0.002 -18"><span class='ocrx_word' id='word_1_23' title='bbox 392 1407 439 1474; x_wconf 87' lang='lat' dir='ltr'>De</span> <span class='ocrx_word' id='word_1_24' title='bbox 460 1406 564 1491; x_wconf 87' lang='lat' dir='ltr'>patria</span> <span class='ocrx_word' id='word_1_25' title='bbox 584 1413 751 1490; x_wconf 75' lang='lat' dir='ltr'>potestate.</span> <span class='ocrx_word' id='word_1_26' title='bbox 795 1407 919 1474; x_wconf 79' lang='lat' dir='ltr'>iitulus</span> <span class='ocrx_word' id='word_1_27' title='bbox 942 1409 971 1474; x_wconf 90' lang='grc'>9.</span> 
     </span>
    </p>
   </div>
   <div class='ocr_carea' id='block_1_4' title="bbox 120 1577 1294 1786">
    <p class='ocr_par' dir='ltr' id='par_1_4' title="bbox 120 1577 1294 1786">
     <span class='ocr_line' id='line_1_6' title="bbox 207 1577 1243 1663; baseline -0.002 -17"><span class='ocrx_word' id='word_1_28' title='bbox 207 1579 407 1662; x_wconf 83' lang='lat' dir='ltr'>Propositum</span> <span class='ocrx_word' id='word_1_29' title='bbox 429 1586 479 1646; x_wconf 87' lang='lat' dir='ltr'>est</span> <span class='ocrx_word' id='word_1_30' title='bbox 499 1581 530 1645; x_wconf 92' lang='lat' dir='ltr'>in</span> <span class='ocrx_word' id='word_1_31' title='bbox 554 1579 769 1663; x_wconf 84' lang='lat' dir='ltr'>superioribus</span> <span class='ocrx_word' id='word_1_32' title='bbox 796 1581 827 1644; x_wconf 91' lang='lat' dir='ltr'>iu</span> <span class='ocrx_word' id='word_1_33' title='bbox 856 1581 1013 1662; x_wconf 81' lang='lat' dir='ltr'>potestate</span> <span class='ocrx_word' id='word_1_34' title='bbox 1042 1577 1159 1644; x_wconf 86' lang='lat' dir='ltr'>habore</span> <span class='ocrx_word' id='word_1_35' title='bbox 1185 1595 1243 1645; x_wconf 88' lang='lat' dir='ltr'>uos</span> 
     </span>
     <span class='ocr_line' id='line_1_7' title="bbox 120 1698 1294 1786; baseline -0.006 -21"><span class='ocrx_word' id='word_1_36' title='bbox 120 1704 187 1764; x_wconf 93' lang='lat' dir='ltr'>tum</span> <span class='ocrx_word' id='word_1_37' title='bbox 218 1716 327 1765; x_wconf 86' lang='lat' dir='ltr'>seruos</span> <span class='ocrx_word' id='word_1_38' title='bbox 353 1703 476 1764; x_wconf 85' lang='lat' dir='ltr'>nostros</span> <span class='ocrx_word' id='word_1_39' title='bbox 506 1703 573 1764; x_wconf 90' lang='lat' dir='ltr'>tum</span> <span class='ocrx_word' id='word_1_40' title='bbox 599 1698 714 1765; x_wconf 88' lang='lat' dir='ltr'>liberos</span> <span class='ocrx_word' id='word_1_41' title='bbox 741 1703 875 1764; x_wconf 89' lang='lat' dir='ltr'>nostros.</span> <span class='ocrx_word' id='word_1_42' title='bbox 926 1715 1058 1782; x_wconf 87' lang='lat' dir='ltr'>cumque</span> <span class='ocrx_word' id='word_1_43' title='bbox 1087 1701 1126 1768; x_wconf 91' lang='lat' dir='ltr'>de</span> <span class='ocrx_word' id='word_1_44' title='bbox 1155 1707 1241 1786; x_wconf 81' lang='lat' dir='ltr'>pote·</span> <span class='ocrx_word' id='word_1_45' title='bbox 1276 1707 1294 1758; x_wconf 83' lang='lat' dir='ltr'>o</span> 
     </span>
    </p>
   </div>
   <div class='ocr_carea' id='block_1_5' title="bbox 80 1816 1293 3817">
    <p class='ocr_par' dir='ltr' id='par_1_5' title="bbox 121 1816 1242 2144">
     <span class='ocr_line' id='line_1_8' title="bbox 122 1816 1242 1902; baseline 0.004 -18"><span class='ocrx_word' id='word_1_46' title='bbox 122 1823 206 1884; x_wconf 88' lang='lat' dir='ltr'>state</span> <span class='ocrx_word' id='word_1_47' title='bbox 229 1816 487 1897; x_wconf 67' lang='lat' dir='ltr'>duodennos,</span> <span class='ocrx_word' id='word_1_48' title='bbox 516 1838 610 1902; x_wconf 86' lang='lat' dir='ltr'>quam</span> <span class='ocrx_word' id='word_1_49' title='bbox 632 1819 664 1884; x_wconf 90' lang='lat' dir='ltr'>iu</span> <span class='ocrx_word' id='word_1_50' title='bbox 686 1837 796 1885; x_wconf 87' lang='lat' dir='ltr'>seruos</span> <span class='ocrx_word' id='word_1_51' title='bbox 819 1818 986 1899; x_wconf 84' lang='lat' dir='ltr'>habemus,</span> <span class='ocrx_word' id='word_1_52' title='bbox 1016 1827 1116 1886; x_wconf 87' lang='lat' dir='ltr'>restat</span> <span class='ocrx_word' id='word_1_53' title='bbox 1144 1828 1181 1888; x_wconf 90' lang='lat' dir='ltr'>ut</span> <span class='ocrx_word' id='word_1_54' title='bbox 1202 1822 1242 1889; x_wconf 89' lang='lat' dir='ltr'>de</span> 
     </span>
     <span class='ocr_line' id='line_1_9' title="bbox 121 1937 1242 2024; baseline 0.005 -20"><span class='ocrx_word' id='word_1_55' title='bbox 121 1944 294 2020; x_wconf 74' lang='lat' dir='ltr'>potestate,</span> <span class='ocrx_word' id='word_1_56' title='bbox 325 1957 419 2022; x_wconf 84' lang='lat' dir='ltr'>quam</span> <span class='ocrx_word' id='word_1_57' title='bbox 448 1939 479 2002; x_wconf 91' lang='lat' dir='ltr'>in</span> <span class='ocrx_word' id='word_1_58' title='bbox 509 1937 624 2006; x_wconf 87' lang='lat' dir='ltr'>liberos</span> <span class='ocrx_word' id='word_1_59' title='bbox 653 1939 819 2019; x_wconf 82' lang='lat' dir='ltr'>habemus,</span> <span class='ocrx_word' id='word_1_60' title='bbox 848 1939 1058 2021; x_wconf 88' lang='lat' dir='ltr'>dispiciamus.</span> <span class='ocrx_word' id='word_1_61' title='bbox 1084 1939 1134 2006; x_wconf 81' lang='lat' dir='ltr'>iu</span> <span class='ocrx_word' id='word_1_62' title='bbox 1155 1949 1242 2024; x_wconf 87' lang='lat' dir='ltr'>pote-</span> 
     </span>
     <span class='ocr_line' id='line_1_10' title="bbox 122 2055 1241 2144; baseline 0.004 -20"><span class='ocrx_word' id='word_1_63' title='bbox 122 2064 204 2124; x_wconf 85' lang='lat' dir='ltr'>state</span> <span class='ocrx_word' id='word_1_64' title='bbox 226 2065 336 2124; x_wconf 87' lang='lat' dir='ltr'>nostra</span> <span class='ocrx_word' id='word_1_65' title='bbox 361 2064 435 2124; x_wconf 90' lang='lat' dir='ltr'>sunt</span> <span class='ocrx_word' id='word_1_66' title='bbox 461 2055 554 2124; x_wconf 86' lang='lat' dir='ltr'>liberi</span> <span class='ocrx_word' id='word_1_67' title='bbox 581 2057 697 2137; x_wconf 81' lang='lat' dir='ltr'>nostri,</span> <span class='ocrx_word' id='word_1_68' title='bbox 725 2075 804 2140; x_wconf 87' lang='lat' dir='ltr'>quos</span> <span class='ocrx_word' id='word_1_69' title='bbox 833 2075 872 2124; x_wconf 83' lang='lat' dir='ltr'>ex</span> <span class='ocrx_word' id='word_1_70' title='bbox 899 2057 993 2124; x_wconf 89' lang='lat' dir='ltr'>iustis</span> <span class='ocrx_word' id='word_1_71' title='bbox 1023 2058 1141 2141; x_wconf 87' lang='lat' dir='ltr'>nuptiis</span> <span class='ocrx_word' id='word_1_72' title='bbox 1170 2079 1241 2144; x_wconf 86' lang='lat' dir='ltr'>pro·</span> 
     </span>
    </p>

    <p class='ocr_par' dir='ltr' id='par_1_6' title="bbox 88 2176 1293 2500">
     <span class='ocr_line' id='line_1_11' title="bbox 88 2176 1241 2261; baseline 0.004 -19"><span class='ocrx_word' id='word_1_73' title='bbox 88 2193 107 2242; x_wconf 88' lang='lat'>1.</span> <span class='ocrx_word' id='word_1_74' title='bbox 122 2177 343 2244; x_wconf 76' lang='lat' dir='ltr'>metuerimus.</span> <span class='ocrx_word' id='word_1_75' title='bbox 404 2181 432 2241; x_wconf 94' lang='grc'>1.</span> <span class='ocrx_word' id='word_1_76' title='bbox 468 2177 606 2259; x_wconf 84' lang='lat' dir='ltr'>Nuptiae</span> <span class='ocrx_word' id='word_1_77' title='bbox 646 2177 713 2244; x_wconf 86' lang='lat' dir='ltr'>siue</span> <span class='ocrx_word' id='word_1_78' title='bbox 748 2176 979 2245; x_wconf 86' lang='lat' dir='ltr'>matrimonium</span> <span class='ocrx_word' id='word_1_79' title='bbox 1019 2176 1104 2261; x_wconf 92' lang='lat' dir='ltr'>apud</span> <span class='ocrx_word' id='word_1_80' title='bbox 1143 2177 1241 2247; x_wconf 83' lang='lat' dir='ltr'>Grae·</span> 
     </span>
     <span class='ocr_line' id='line_1_12' title="bbox 123 2295 1293 2382; baseline -0.001 -22"><span class='ocrx_word' id='word_1_81' title='bbox 123 2313 173 2361; x_wconf 86' lang='lat' dir='ltr'>cos</span> <span class='ocrx_word' id='word_1_82' title='bbox 195 2297 299 2382; x_wconf 74' lang='grc' dir='ltr'><em>γάμος</em></span> <span class='ocrx_word' id='word_1_83' title='bbox 321 2296 419 2362; x_wconf 88' lang='lat' dir='ltr'>audit</span> <span class='ocrx_word' id='word_1_84' title='bbox 463 2297 592 2380; x_wconf 87' lang='lat' dir='ltr'>etquid</span> <span class='ocrx_word' id='word_1_85' title='bbox 616 2301 666 2362; x_wconf 88' lang='lat' dir='ltr'>est</span> <span class='ocrx_word' id='word_1_86' title='bbox 687 2295 942 2363; x_wconf 78' lang='lat' dir='ltr'>matrimonium?</span> <span class='ocrx_word' id='word_1_87' title='bbox 963 2297 1023 2362; x_wconf 87' lang='lat' dir='ltr'>uiri</span> <span class='ocrx_word' id='word_1_88' title='bbox 1045 2303 1079 2363; x_wconf 88' lang='lat' dir='ltr'>et</span> <span class='ocrx_word' id='word_1_89' title='bbox 1100 2298 1239 2366; x_wconf 90' lang='lat' dir='ltr'>mulieris</span> <span class='ocrx_word' id='word_1_90' title='bbox 1259 2307 1293 2360; x_wconf 87' lang='lat' dir='ltr'>lo</span> 
     </span>
     <span class='ocr_line' id='line_1_13' title="bbox 123 2415 1240 2500; baseline 0.003 -17"><span class='ocrx_word' id='word_1_91' title='bbox 123 2415 298 2484; x_wconf 77' lang='lat' dir='ltr'>coniunctio</span> <span class='ocrx_word' id='word_1_92' title='bbox 325 2416 520 2484; x_wconf 89' lang='lat' dir='ltr'>indiuiduam</span> <span class='ocrx_word' id='word_1_93' title='bbox 552 2417 638 2484; x_wconf 86' lang='lat' dir='ltr'>uitae</span> <span class='ocrx_word' id='word_1_94' title='bbox 674 2417 928 2484; x_wconf 86' lang='lat' dir='ltr'>consuetudinem</span> <span class='ocrx_word' id='word_1_95' title='bbox 964 2417 1149 2500; x_wconf 91' lang='lat' dir='ltr'>promittens</span> <span class='ocrx_word' id='word_1_96' title='bbox 1183 2437 1240 2486; x_wconf 87' lang='lat' dir='ltr'>seu</span> 
     </span>
    </p>

    <p class='ocr_par' dir='ltr' id='par_1_7' title="bbox 85 2535 1290 2980">
     <span class='ocr_line' id='line_1_14' title="bbox 85 2535 1239 2618; baseline 0.003 -18"><span class='ocrx_word' id='word_1_97' title='bbox 85 2549 107 2600; x_wconf 83' lang='lat'>2.</span> <span class='ocrx_word' id='word_1_98' title='bbox 125 2537 294 2604; x_wconf 79' lang='lat' dir='ltr'>continens.</span> <span class='ocrx_word' id='word_1_99' title='bbox 339 2537 369 2600; x_wconf 80' lang='lat'>2.</span> <span class='ocrx_word' id='word_1_100' title='bbox 402 2535 457 2604; x_wconf 89' lang='lat' dir='ltr'>Ius</span> <span class='ocrx_word' id='word_1_101' title='bbox 479 2543 585 2604; x_wconf 83' lang='lat' dir='ltr'>autem</span> <span class='ocrx_word' id='word_1_102' title='bbox 607 2537 788 2618; x_wconf 86' lang='lat' dir='ltr'>potestatis,</span> <span class='ocrx_word' id='word_1_103' title='bbox 815 2535 899 2618; x_wconf 91' lang='lat' dir='ltr'>quod</span> <span class='ocrx_word' id='word_1_104' title='bbox 920 2535 954 2602; x_wconf 92' lang='lat' dir='ltr'>in</span> <span class='ocrx_word' id='word_1_105' title='bbox 976 2537 1091 2604; x_wconf 88' lang='lat' dir='ltr'>liberos</span> <span class='ocrx_word' id='word_1_106' title='bbox 1113 2545 1239 2607; x_wconf 89' lang='lat' dir='ltr'>nostros</span> 
     </span>
     <span class='ocr_line' id='line_1_15' title="bbox 121 2652 1237 2740; baseline 0.001 -17"><span class='ocrx_word' id='word_1_107' title='bbox 121 2652 281 2738; x_wconf 83' lang='lat' dir='ltr'>habemus,</span> <span class='ocrx_word' id='word_1_108' title='bbox 303 2675 503 2724; x_wconf 87' lang='lat' dir='ltr'>romanorum</span> <span class='ocrx_word' id='word_1_109' title='bbox 524 2657 740 2724; x_wconf 87' lang='lat' dir='ltr'>tantummodo</span> <span class='ocrx_word' id='word_1_110' title='bbox 761 2657 922 2740; x_wconf 91' lang='lat' dir='ltr'>proprium</span> <span class='ocrx_word' id='word_1_111' title='bbox 944 2664 1001 2724; x_wconf 87' lang='lat' dir='ltr'>ost</span> <span class='ocrx_word' id='word_1_112' title='bbox 1043 2677 1133 2725; x_wconf 87' lang='lat' dir='ltr'>nemo</span> <span class='ocrx_word' id='word_1_113' title='bbox 1156 2659 1237 2726; x_wconf 85' lang='lat' dir='ltr'>enim</span> 
     </span>
     <span class='ocr_line' id='line_1_16' title="bbox 121 2775 1239 2860; baseline 0.004 -20"><span class='ocrx_word' id='word_1_114' title='bbox 121 2775 199 2841; x_wconf 85' lang='lat' dir='ltr'>atius</span> <span class='ocrx_word' id='word_1_115' title='bbox 219 2782 279 2851; x_wconf 89' lang='lat' dir='ltr'>est.</span> <span class='ocrx_word' id='word_1_116' title='bbox 302 2776 357 2859; x_wconf 86' lang='lat' dir='ltr'>qui</span> <span class='ocrx_word' id='word_1_117' title='bbox 379 2775 474 2842; x_wconf 67' lang='lat' dir='ltr'>mem</span> <span class='ocrx_word' id='word_1_118' title='bbox 495 2775 529 2842; x_wconf 90' lang='lat' dir='ltr'>in</span> <span class='ocrx_word' id='word_1_119' title='bbox 551 2794 625 2844; x_wconf 82' lang='lat' dir='ltr'>suos</span> <span class='ocrx_word' id='word_1_120' title='bbox 653 2775 768 2843; x_wconf 88' lang='lat' dir='ltr'>liberos</span> <span class='ocrx_word' id='word_1_121' title='bbox 793 2775 910 2844; x_wconf 86' lang='lat' dir='ltr'>habeat</span> <span class='ocrx_word' id='word_1_122' title='bbox 930 2783 1134 2860; x_wconf 82' lang='lat' dir='ltr'>potestatem,</span> <span class='ocrx_word' id='word_1_123' title='bbox 1163 2795 1239 2859; x_wconf 87' lang='lat' dir='ltr'>qua·</span> 
     </span>
     <span class='ocr_line' id='line_1_17' title="bbox 120 2893 1290 2980; baseline 0.005 -22"><span class='ocrx_word' id='word_1_124' title='bbox 120 2895 182 2960; x_wconf 86' lang='lat' dir='ltr'>iem</span> <span class='ocrx_word' id='word_1_125' title='bbox 207 2896 341 2962; x_wconf 87' lang='lat' dir='ltr'>Romani</span> <span class='ocrx_word' id='word_1_126' title='bbox 370 2895 496 2962; x_wconf 85' lang='lat' dir='ltr'>habent</span> <span class='ocrx_word' id='word_1_127' title='bbox 545 2897 651 2977; x_wconf 86' lang='lat' dir='ltr'>itaque</span> <span class='ocrx_word' id='word_1_128' title='bbox 680 2895 757 2961; x_wconf 88' lang='lat' dir='ltr'>iuris</span> <span class='ocrx_word' id='word_1_129' title='bbox 786 2893 887 2964; x_wconf 85' lang='lat' dir='ltr'>ciuilis</span> <span class='ocrx_word' id='word_1_130' title='bbox 916 2895 1069 2962; x_wconf 84' lang='lat' dir='ltr'>eimmodi</span> <span class='ocrx_word' id='word_1_131' title='bbox 1097 2903 1237 2980; x_wconf 84' lang='lat' dir='ltr'>potestus</span> <span class='ocrx_word' id='word_1_132' title='bbox 1257 2912 1290 2964; x_wconf 78' lang='lat' dir='ltr'>lo</span> 
     </span>
    </p>

    <p class='ocr_par' dir='ltr' id='par_1_8' title="bbox 80 3013 1290 3817">
     <span class='ocr_line' id='line_1_18' title="bbox 80 3013 1237 3098; baseline 0.003 -20"><span class='ocrx_word' id='word_1_133' title='bbox 80 3019 179 3093; x_wconf 76' lang='lat' dir='ltr'>aest,</span> <span class='ocrx_word' id='word_1_134' title='bbox 200 3033 270 3080; x_wconf 89' lang='lat' dir='ltr'>oum</span> <span class='ocrx_word' id='word_1_135' title='bbox 292 3033 339 3094; x_wconf 75' lang='lat' dir='ltr'>eu,</span> <span class='ocrx_word' id='word_1_136' title='bbox 363 3031 456 3096; x_wconf 89' lang='lat' dir='ltr'>quam</span> <span class='ocrx_word' id='word_1_137' title='bbox 478 3016 510 3081; x_wconf 91' lang='lat' dir='ltr'>in</span> <span class='ocrx_word' id='word_1_138' title='bbox 532 3033 642 3083; x_wconf 85' lang='lat' dir='ltr'>seruos</span> <span class='ocrx_word' id='word_1_139' title='bbox 664 3014 825 3096; x_wconf 88' lang='lat' dir='ltr'>habemus,</span> <span class='ocrx_word' id='word_1_140' title='bbox 848 3013 990 3081; x_wconf 79' lang='lat' dir='ltr'>sitieris</span> <span class='ocrx_word' id='word_1_141' title='bbox 1011 3016 1161 3098; x_wconf 78' lang='lat' dir='ltr'>gentium.</span> <span class='ocrx_word' id='word_1_142' title='bbox 1206 3015 1237 3082; x_wconf 87' lang='grc'>3.</span> 
     </span>
     <span class='ocr_line' id='line_1_19' title="bbox 120 3133 1237 3224; baseline 0.004 -26"><span class='ocrx_word' id='word_1_143' title='bbox 120 3133 182 3212; x_wconf 87' lang='lat' dir='ltr'>Qui</span> <span class='ocrx_word' id='word_1_144' title='bbox 204 3133 300 3217; x_wconf 72' lang='lat' dir='ltr'>ip‘tur</span> <span class='ocrx_word' id='word_1_145' title='bbox 320 3154 359 3201; x_wconf 84' lang='lat' dir='ltr'>er</span> <span class='ocrx_word' id='word_1_146' title='bbox 380 3153 431 3202; x_wconf 87' lang='lat' dir='ltr'>me</span> <span class='ocrx_word' id='word_1_147' title='bbox 452 3143 484 3201; x_wconf 90' lang='lat' dir='ltr'>et</span> <span class='ocrx_word' id='word_1_148' title='bbox 505 3153 602 3202; x_wconf 87' lang='lat' dir='ltr'>uxore</span> <span class='ocrx_word' id='word_1_149' title='bbox 623 3153 693 3202; x_wconf 88' lang='lat' dir='ltr'>mea</span> <span class='ocrx_word' id='word_1_150' title='bbox 714 3135 854 3202; x_wconf 82' lang='lat' dir='ltr'>nascitur</span> <span class='ocrx_word' id='word_1_151' title='bbox 868 3135 899 3202; x_wconf 93' lang='lat' dir='ltr'>in</span> <span class='ocrx_word' id='word_1_152' title='bbox 915 3153 985 3202; x_wconf 89' lang='lat' dir='ltr'>mea</span> <span class='ocrx_word' id='word_1_153' title='bbox 999 3141 1049 3202; x_wconf 89' lang='lat' dir='ltr'>est</span> <span class='ocrx_word' id='word_1_154' title='bbox 1062 3141 1237 3224; x_wconf 73' lang='lat' dir='ltr'>potestate3</span> 
     </span>
     <span class='ocr_line' id='line_1_20' title="bbox 120 3253 1236 3339; baseline 0.004 -23"><span class='ocrx_word' id='word_1_155' title='bbox 120 3255 198 3320; x_wconf 89' lang='lat' dir='ltr'>item</span> <span class='ocrx_word' id='word_1_156' title='bbox 225 3256 276 3337; x_wconf 90' lang='lat' dir='ltr'>qui</span> <span class='ocrx_word' id='word_1_157' title='bbox 304 3273 343 3320; x_wconf 84' lang='lat' dir='ltr'>ex</span> <span class='ocrx_word' id='word_1_158' title='bbox 371 3253 434 3322; x_wconf 87' lang='lat' dir='ltr'>filio</span> <span class='ocrx_word' id='word_1_159' title='bbox 455 3257 509 3339; x_wconf 87' lang='lat' dir='ltr'>qui</span> <span class='ocrx_word' id='word_1_160' title='bbox 533 3257 592 3322; x_wconf 83' lang='lat' dir='ltr'>mei</span> <span class='ocrx_word' id='word_1_161' title='bbox 619 3255 699 3322; x_wconf 86' lang='lat' dir='ltr'>iuris</span> <span class='ocrx_word' id='word_1_162' title='bbox 720 3263 770 3322; x_wconf 87' lang='lat' dir='ltr'>est</span> <span class='ocrx_word' id='word_1_163' title='bbox 804 3261 838 3322; x_wconf 86' lang='lat' dir='ltr'>et</span> <span class='ocrx_word' id='word_1_164' title='bbox 863 3273 960 3322; x_wconf 85' lang='lat' dir='ltr'>uxore</span> <span class='ocrx_word' id='word_1_165' title='bbox 989 3255 1057 3322; x_wconf 83' lang='lat' dir='ltr'>eius</span> <span class='ocrx_word' id='word_1_166' title='bbox 1085 3254 1236 3336; x_wconf 83' lang='lat' dir='ltr'>nascitur,</span> 
     </span>
     <span class='ocr_line' id='line_1_21' title="bbox 119 3372 1235 3470; baseline 0.003 -34"><span class='ocrx_word' id='word_1_167' title='bbox 119 3372 210 3438; x_wconf 86' lang='lat' dir='ltr'>idest</span> <span class='ocrx_word' id='word_1_168' title='bbox 228 3391 320 3457; x_wconf 84' lang='lat' dir='ltr'>nepos</span> <span class='ocrx_word' id='word_1_169' title='bbox 342 3393 432 3441; x_wconf 87' lang='lat' dir='ltr'>meus</span> <span class='ocrx_word' id='word_1_170' title='bbox 453 3391 584 3457; x_wconf 89' lang='lat' dir='ltr'>meaque</span> <span class='ocrx_word' id='word_1_171' title='bbox 605 3375 708 3457; x_wconf 84' lang='lat' dir='ltr'>neptis</span> <span class='ocrx_word' id='word_1_172' title='bbox 730 3393 830 3462; x_wconf 82' lang='lat' dir='ltr'>aeque</span> <span class='ocrx_word' id='word_1_173' title='bbox 851 3375 884 3441; x_wconf 94' lang='lat' dir='ltr'>in</span> <span class='ocrx_word' id='word_1_174' title='bbox 906 3391 977 3442; x_wconf 87' lang='lat' dir='ltr'>mea</span> <span class='ocrx_word' id='word_1_175' title='bbox 999 3379 1235 3470; x_wconf 76' lang='lat' dir='ltr'>estpotestate.</span> 
     </span>
     <span class='ocr_line' id='line_1_22' title="bbox 120 3492 1290 3578; baseline 0.001 -21"><span class='ocrx_word' id='word_1_176' title='bbox 120 3493 207 3558; x_wconf 88' lang='lat' dir='ltr'>idem</span> <span class='ocrx_word' id='word_1_177' title='bbox 226 3493 344 3576; x_wconf 90' lang='lat' dir='ltr'>optinet</span> <span class='ocrx_word' id='word_1_178' title='bbox 366 3499 399 3561; x_wconf 89' lang='lat' dir='ltr'>et</span> <span class='ocrx_word' id='word_1_179' title='bbox 413 3492 446 3559; x_wconf 90' lang='lat' dir='ltr'>in</span> <span class='ocrx_word' id='word_1_180' title='bbox 466 3499 637 3577; x_wconf 90' lang='lat' dir='ltr'>pronepote</span> <span class='ocrx_word' id='word_1_181' title='bbox 660 3501 693 3560; x_wconf 91' lang='lat' dir='ltr'>et</span> <span class='ocrx_word' id='word_1_182' title='bbox 713 3500 864 3578; x_wconf 87' lang='lat' dir='ltr'>pronepto</span> <span class='ocrx_word' id='word_1_183' title='bbox 894 3500 926 3559; x_wconf 88' lang='lat' dir='ltr'>at</span> <span class='ocrx_word' id='word_1_184' title='bbox 943 3492 1090 3576; x_wconf 83' lang='lat' dir='ltr'>deinceps</span> <span class='ocrx_word' id='word_1_185' title='bbox 1112 3494 1234 3560; x_wconf 86' lang='lat' dir='ltr'>ceteris.</span> <span class='ocrx_word' id='word_1_186' title='bbox 1253 3513 1290 3567; x_wconf 80' lang='lat' dir='ltr'>so</span> 
     </span>
     <span class='ocr_line' id='line_1_23' title="bbox 121 3610 1236 3696; baseline 0.004 -20"><span class='ocrx_word' id='word_1_187' title='bbox 121 3611 176 3691; x_wconf 86' lang='lat' dir='ltr'>qui</span> <span class='ocrx_word' id='word_1_188' title='bbox 199 3617 303 3678; x_wconf 88' lang='lat' dir='ltr'>tamen</span> <span class='ocrx_word' id='word_1_189' title='bbox 324 3631 362 3680; x_wconf 84' lang='lat' dir='ltr'>ex</span> <span class='ocrx_word' id='word_1_190' title='bbox 383 3611 449 3680; x_wconf 88' lang='lat' dir='ltr'>filia</span> <span class='ocrx_word' id='word_1_191' title='bbox 469 3631 538 3680; x_wconf 86' lang='lat' dir='ltr'>meu</span> <span class='ocrx_word' id='word_1_192' title='bbox 560 3619 744 3691; x_wconf 70' lang='lat' dir='ltr'>temnuntur,</span> <span class='ocrx_word' id='word_1_193' title='bbox 775 3610 828 3678; x_wconf 87' lang='lat' dir='ltr'>eui</span> <span class='ocrx_word' id='word_1_194' title='bbox 856 3613 906 3679; x_wconf 89' lang='lat' dir='ltr'>sui</span> <span class='ocrx_word' id='word_1_195' title='bbox 928 3613 1062 3679; x_wconf 87' lang='lat' dir='ltr'>materni</span> <span class='ocrx_word' id='word_1_196' title='bbox 1085 3611 1236 3696; x_wconf 86' lang='lat' dir='ltr'>potestati</span> 
     </span>
     <span class='ocr_line' id='line_1_24' title="bbox 123 3733 1023 3817; baseline 0.003 -22"><span class='ocrx_word' id='word_1_197' title='bbox 123 3749 184 3797; x_wconf 93' lang='lat' dir='ltr'>non</span> <span class='ocrx_word' id='word_1_198' title='bbox 209 3733 404 3814; x_wconf 84' lang='lat' dir='ltr'>subiciantur,</span> <span class='ocrx_word' id='word_1_199' title='bbox 424 3738 473 3799; x_wconf 88' lang='lat' dir='ltr'>set</span> <span class='ocrx_word' id='word_1_200' title='bbox 493 3735 591 3816; x_wconf 86' lang='lat' dir='ltr'>patris</span> <span class='ocrx_word' id='word_1_201' title='bbox 613 3735 663 3800; x_wconf 90' lang='lat' dir='ltr'>sui</span> <span class='ocrx_word' id='word_1_202' title='bbox 684 3733 716 3799; x_wconf 91' lang='lat' dir='ltr'>iu</span> <span class='ocrx_word' id='word_1_203' title='bbox 740 3739 897 3817; x_wconf 84' lang='lat' dir='ltr'>potestate</span> <span class='ocrx_word' id='word_1_204' title='bbox 920 3737 1023 3799; x_wconf 85' lang='lat' dir='ltr'>eruut</span> 
     </span>
    </p>
   </div>
   <div class='ocr_carea' id='block_1_6' title="bbox 575 4021 772 4033">
    <p class='ocr_par' dir='ltr' id='par_1_9' title="bbox 575 4021 772 4033">
     <span class='ocr_line' id='line_1_25' title="bbox 575 4021 772 4033; baseline 0 -1"><span class='ocrx_word' id='word_1_205' title='bbox 575 4021 772 4033; x_wconf 46' lang='grc' dir='ltr'>-ἡ-</span> 
     </span>
    </p>
   </div>
   <div class='ocr_carea' id='block_1_7' title="bbox 0 0 1552 4702">
    <p class='ocr_par' dir='ltr' id='par_1_10' title="bbox 0 0 1552 4702">
     <span class='ocr_line' id='line_1_26' title="bbox 0 0 1552 4702; baseline 0 0"><span class='ocrx_word' id='word_1_206' title='bbox 0 0 1552 4702; x_wconf 95' lang='lat' dir='ltr'> </span> 
     </span>
    </p>
   </div>
  </div>
 </body>
</html>
