2876 4712
497 363 729 428 -288-

74 549 214 614 noronaue
241 547 337 613 filium
369 547 523 627 durumne,
557 556 590 617 et
616 551 839 617 conuenienter
871 557 1018 634 patruum
1051 553 1176 620 amitam

74 669 243 732 auunculum
276 675 487 734 materteram.
537 676 706 750 patruus
735 670 849 736 dicitnr
870 673 969 751 patris
997 671 1095 737 irater
1123 674 1178 754 qui

72 805 165 866 graece
198 787 362 871 ιπάτρωςι
400 795 540 852 uocatur.
597 788 817 853 auunculus
852 789 960 854 matris
994 789 1092 856 frater
1124 793 1176 874 qui

72 907 139 985 apud
161 905 299 971 Graecos
319 907 445 990 proprie
478 909 642 993 ιμήτρωςι
675 907 803 973 dicitur:
833 919 865 974 et
892 911 1066 991 promiscue
1094 918 1177 976 uter·

71 1046 120 1108 que
151 1022 275 1100 ιθεῑοςι
310 1025 409 1090 audit.
463 1026 581 1091 amita
608 1033 740 1092 uocatur
769 1029 868 1108 patris
896 1047 1001 1108 soror,
1030 1037 1176 1096 mater·
1210 1037 1227 1089 n

72 1158 142 1216 tera
163 1155 270 1214 autem
292 1151 401 1214 matris
428 1167 532 1216 soror:
565 1157 699 1230 utraque
726 1158 831 1216 autem
862 1147 970 1212 ›deta‹
1002 1150 1176 1232 appellatur

41 1281 57 1330 t.
71 1268 111 1333 uei
130 1269 211 1349 apud
234 1268 385 1349 quosdam
410 1267 551 1354 ’radice
602 1270 631 1334 4.
666 1269 804 1347 Quartus
833 1269 951 1351 gradus
979 1269 1177 1349 amplectitur

71 1406 151 1467 supra
172 1388 308 1454 abauum
332 1388 487 1466 obrutam,
509 1388 591 1453 inira
613 1389 799 1470 abnepotem
822 1391 1000 1472 abneptem,
1023 1409 1060 1454 en
1075 1395 1175 1454 trans·

70 1525 146 1572 uerno
169 1506 276 1570 fratria
302 1525 339 1572 ac
366 1508 482 1572 sororis
511 1514 656 1588 nepotem
684 1513 887 1590 neptemque:
918 1513 1064 1590 patruum
1092 1526 1175 1588 mag-

70 1644 130 1689 num
151 1627 277 1691 amitam
299 1645 454 1708 magnam,
476 1629 551 1692 item
580 1627 770 1693 auunculum
800 1647 944 1709 magnum
974 1634 1175 1692 materteram
1194 1630 1226 1682 10

70 1763 207 1828 nagnam,
230 1749 262 1811 id
285 1753 334 1812 est
355 1748 407 1812 aui
429 1749 582 1828 auiaeque
605 1749 664 1812 mei
686 1747 814 1813 fratrem
838 1767 874 1814 ac
897 1765 1043 1812 sororem.
1073 1754 1121 1814 est
1143 1751 1176 1813 et

69 1866 257 1932 consobrinus
280 1873 312 1932 et
333 1867 529 1943 consobrina,
551 1867 583 1933 id
608 1869 732 1951 estqui
754 1886 875 1950 quaeue
898 1887 936 1934 en
953 1867 1103 1934 fratribus
1119 1875 1174 1933 aut

69 1984 212 2050 sororibus
239 1992 495 2066 progenerantur.
547 1987 674 2068 quidam
705 1993 810 2052 eutem
838 1992 981 2052 ueterum
1014 2004 1174 2052 »conso-

68 2103 214 2169 brinoer
238 2105 309 2170 illos
330 2107 456 2186 proprie
484 2106 608 2182 dieunt,
639 2108 692 2188 qui
722 2125 759 2171 ex
790 2107 911 2171 duobus
941 2105 1101 2170 sororibus
1123 2123 1174 2187 ga-

69 2222 115 2286 niti
135 2225 210 2302 sint,
239 2225 328 2305 quasi
353 2227 701 2291 »consororinoau
730 2243 783 2292 eos
806 2244 892 2306 uero,
914 2226 967 2308 qui
991 2243 1028 2290 ex
1051 2225 1173 2290 duobus
1192 2233 1224 2286 ln

68 2338 203 2408 iratribus
236 2343 453 2409 descenderint
494 2345 663 2410 ’iratres
693 2346 930 2428 patrueles«
966 2344 1090 2426 proprie
1119 2363 1173 2411 no

68 2461 261 2528 conducent
307 2466 334 2528 si
357 2473 461 2530 autem
489 2485 527 2531 ex
554 2467 676 2531 duobus
702 2467 852 2532 tratribus
881 2464 962 2530 filiae
991 2472 1171 2544 nascuntur,

69 2595 128 2644 sese
147 2581 274 2648 inuicem
298 2601 482 2650 »sorores
509 2585 737 2665 patrueles«
764 2593 897 2656 uocant:
922 2585 943 2648 ii
972 2587 1026 2666 qni
1053 2601 1090 2648 ex
1111 2582 1172 2648 ira·

122 4242 207 4299 Thwpb.
219 4251 325 4295 Auem
339 4265 381 4296 rue.
395 4251 483 4295 Femini-
