2936 4704
677 347 912 410 -161-

236 533 257 618 ή
278 533 311 596 ἐν
334 532 545 614 ἐλεφαντίνοις
567 533 710 620 πτυγίοις.
720 533 746 614 ¹)
788 533 836 596 13.
870 532 1002 595 Δόναται
1025 530 1063 595 δέ
1072 530 1098 614 ²)
1121 551 1165 604 τις
1187 527 1395 614 διατιθέμεις

237 654 290 708 νος
312 633 427 707 πολλὰς
448 632 646 715 ίσοτύπουςθ)
668 633 801 718 γράφειν
824 632 979 718 διαθήκας
1001 631 1103 708 οότως
1131 631 1253 718 μέντοι,
1283 631 1358 709 ῶςτε

234 736 308 819 μίαν
330 736 461 822 ἑκάστην
484 734 587 799 αὐτῶν
608 735 687 799 κατὰ
707 737 762 822 τήν
786 733 961 821 κρατοῦσαν
984 734 1017 798 ἐν
1039 733 1205 819 διαθήκαις
1220 756 1359 818 παραφυ-

237 837 329 923 λακήν
360 836 574 921 περαιοῦσθαι.
625 835 716 903 τοῦτο
750 838 786 902 δέ
814 839 979 920 ἀναγκαῖόν
1009 838 1074 903 ἐστι
1101 839 1137 902 τὸ
1164 836 1242 900 εἶναι
1269 836 1358 899 πολλὰ

202 959 219 1010 5
237 938 299 1003 τῶν
322 938 480 1026 διαθηκῶν
492 940 634 1004 ίσότυπα.
659 938 734 1004 ἐσθ’
757 942 811 1005 ότι
832 942 894 1026 γάρ
917 964 962 1018 τις
973 941 1097 1024 μέλλων
1116 941 1263 1004 ἀποπλεῖν
1285 937 1359 1025 ἔχειν

235 1039 314 1123 μεθ’
337 1039 432 1105 αὐτοῦ
453 1041 601 1123 βούλεται
624 1045 678 1129 τήν
701 1041 854 1129 διαθήκην
876 1045 926 1107 καί
947 1043 1059 1128 ἑτέραν
1081 1042 1158 1108 οόιοι
1180 1043 1357 1119 καταλιπεῖν,

238 1142 334 1228 ἑξῆς
354 1143 506 1208 δείκνυται
537 1147 557 1229 η
586 1148 642 1208 τοῦ
671 1146 912 1231 τελευτήσαντος
939 1145 1070 1209 διάνοια.
1120 1146 1170 1209 καὶ
1198 1144 1241 1209 δι’
1270 1143 1360 1218 ἄλλος

239 1246 404 1329 συμβαίνει
426 1245 540 1323 πολλὰς
562 1247 659 1322 αἰτίας
680 1248 919 1330 ἀναγκαιότατον
947 1247 1024 1312 εἶναι
1052 1251 1159 1324 τοῦτο,
1188 1245 1302 1320 αἵτινες
1329 1245 1362 1318 ἐξ

1450 907 1452 958 ί

238 1346 445 1431 ἀνθρωπίνων
468 1347 674 1432 συμβαίνουσι
696 1351 925 1433 περιστάσεων,
949 1348 968 1434 ή
990 1349 1051 1435 γὰρ
1067 1347 1210 1429 ἐσθότεί)
1235 1347 1360 1430 συμβαί-

190 1465 223 1517 10
241 1474 285 1516 νει
307 1453 456 1538 κλαπῆναι
477 1453 512 1515 τὸ
535 1450 568 1514 ἓν
592 1451 737 1514 ίσότυπον
759 1451 779 1537 ή
801 1453 849 1515 καί
877 1453 928 1516 τὸν
957 1451 1096 1534 λαβόντα
1124 1450 1157 1514 ἐν
1185 1471 1360 1536 παρακατα-

239 1554 322 1640 θήκη
345 1550 473 1616 ὁδεῦσαι
495 1553 544 1616 καί
566 1554 682 1641 ἄδηλον
706 1553 782 1618 είναι
805 1557 856 1618 τὸν
879 1555 983 1634 τόπον,
1007 1553 1040 1617 ἐν
1063 1551 1091 1640 ᾦ
1113 1552 1278 1636 διατρίβει.
1314 1551 1401 1614 14.Ιέ

245 1654 344 1719 Ταῦτα
366 1655 403 1718 δὲ
425 1657 525 1718 πάντα
548 1658 703 1740 περὶτῶν
726 1656 896 1741 ἐγγράφων
929 1657 1023 1739 νόειί)
1050 1655 1222 1744 διαθηκῶν.
1274 1654 1302 1716 εί
1329 1651 1361 1715 δέ

240 1779 286 1832 τις
317 1756 463 1844 ἄγραφον
495 1758 641 1840 βούλεται
676 1763 800 1844 ποιήσαι
836 1757 988 1846 διαθήκην
1020 1758 1186 1844 (πολιτικήν
1214 1755 1362 1842 δηλονότι,

240 1859 385 1946 ἄγραφον
408 1859 469 1942 γὰρ
491 1860 509 1921 ό
531 1860 670 1942 ριάόίωτ
693 1861 749 1925 οὐκ
770 1859 926 1924 ἐπίσταται
947 1857 1112 1947 διαθήκην,
1136 1861 1212 1942 ὡς’)
1235 1861 1365 1944 σφραγὶ·
1452 1903 1453 1950 ,

191 1975 222 2025 1⁶
241 1960 302 2037 δας
330 1961 468 2026 ἀπαιτῶν
501 1962 579 2042 ἀεὶ),
613 1961 639 2024 εί
671 1960 774 2024 τοίνυν
802 1961 966 2045 παρόντων
999 1960 1077 2024 ἑπτὰ
1106 1961 1277 2047 μαρτύρων
1311 1961 1364 2045 τήν
1452 1999 1453 2008 ÷

241 2062 354 2128 αἰκείαν
375 2066 501 2151 γνώμην
524 2062 577 2126 ἐπ’
599 2062 701 2128 αὐτῶν
724 2063 914 2149 φανερῶση,
938 2063 1038 2127 τελεία
1060 2064 1109 2126 καί
1130 2063 1242 2150 ίογυρὰ
1263 2063 1284 2148 ή
1307 2083 1364 2123 τοι·

242 2165 319 2252 αότη
342 2166 475 2230 κατὰτὸ
499 2167 647 2230 πολιτικὸν
670 2166 754 2230 ἔσται
776 2165 920 2252 διαθήκη.

452 2774 500 2840 De
521 2774 653 2840 militari
674 2780 876 2842 testamento.
884 2775 909 2858 τ)
957 2774 1082 2840 'fitulus
1105 2776 1154 2839 11.

327 2927 377 2991 Ἐν
400 2933 464 3002 τοῖς
486 2927 695 3013 προλαβοῦσιν
717 2930 883 3016 εἰρήκαμεν
906 2928 973 2992 τίνα
996 2928 1111 3014 τρόπον
1132 2929 1186 2993 δεῖ
1197 2927 1369 2995 τυποῦσθαι

245 3031 298 3116 τὴν
325 3029 486 3118 διαθήκην.
536 3031 606 3094 ἀλλ’
636 3031 736 3117 ἐκείνη
763 3031 822 3113 μὲν
849 3033 871 3117 ή
901 3031 1015 3117 πολλῆς
1042 3031 1207 3114 ἀκριβείας
1235 3030 1370 3119 ἐχομένη

192 3157 227 3209 20
245 3133 453 3219 παραφυλακή
475 3133 508 3196 ἐν
530 3137 599 3209 ταῖς
621 3137 800 3215 παγανικαῖς
818 3135 931 3223 χώραν
954 3132 1018 3223 ἔχει
1045 3131 1225 3220 διαθήκαις,
1255 3133 1303 3196 ἐπί
1333 3133 1370 3196 δὲ

245 3234 306 3298 τῶν
336 3240 562 3319 στρατιωτικῶν
586 3235 746 3322 διαθηκῶν
767 3237 849 3311 ἅπας
877 3237 895 3299 ό
926 3239 1063 3308 τοιοῦτος
1092 3235 1237 3323 σχολάζει
1266 3235 1371 3316 λόγος.

245 3339 480 3426 συγκεχώρηται
501 3338 561 3422 γὰρ
585 3337 689 3414 αὐτοῖς
710 3336 745 3401 ἐκ
766 3341 829 3400 τῶν
852 3336 1029 3412 διατάξεων
1052 3338 1104 3401 διὰ
1124 3338 1180 3424 τήν
1209 3338 1243 3401 ἐν
1265 3337 1373 3420 νόμοις

246 3439 387 3523 ἀπειρίαν
409 3437 445 3502 τὸ
459 3441 537 3526 μήθ)
560 3442 637 3504 κατὰ
659 3440 819 3524 ἀκρίβειαν
841 3439 1047 3504 διατίθεσθαι.
1073 3439 1181 3525 ἀμέλει
1203 3463 1250 3503 τοι
1271 3439 1299 3502 εί
1322 3441 1373 3502 καί
1452 3513 1454 3526 Ι

245 3541 315 3615 ἐνὸς
338 3541 490 3624 παρόντος
510 3546 673 3627 μάρτυρος
694 3541 872 3621 διαθῶνται,
895 3541 948 3629 ήί)
971 3543 1020 3606 καί
1037 3544 1081 3628 μή
1096 3543 1257 3626 γράφωσιν
1271 3540 1373 3626 οἰκείᾳ

315 3780 339 3847 1)
357 3779 467 3850 πτόχοιτ
484 3779 521 3833 Μ.
646 3779 670 3844 ²)
687 3780 712 3832 d.
731 3780 774 3833 vi.
792 3778 825 3834 Β.
962 3780 986 3846 ⁸)
1008 3797 1078 3839 -ωι
1096 3779 1138 3834 Vi.
1156 3779 1189 3832 R
1209 3776 1264 3832 cod.
1281 3774 1375 3830 Sulm:

247 3864 281 3917 cf.
300 3863 348 3917 θ’.
369 3881 395 3932 p.
413 3867 493 3918 244n.
638 3867 662 3931 ⁴)
680 3865 746 3916 ἐσθ’
763 3865 810 3918 ότι
828 3866 883 3935 γὰρ
902 3864 942 3920 vi.
961 3863 993 3920 R.
1140 3867 1166 3928 ὅ)
1184 3863 1230 3915 δεῖ
1244 3861 1376 3913 νοεῖσθαι

247 3949 289 4002 vi.
308 3949 340 4002 R.
494 3951 518 4018 θ)
537 3949 591 4004 M.:
611 3949 694 4002 612¹.
714 3949 765 4004 L².
784 3950 828 4004 R:
849 3953 905 4010 πῶς
922 3951 977 4019 γὰρ
995 3951 1011 4002 δ
1029 3950 1071 4004 vi.
1088 3949 1120 4004 B.
1264 3948 1285 4014 ἵ)
1305 3947 1376 4016 περί

248 4040 446 4104 στρατιωτικῆς
464 4035 593 4106 διαθήκης
611 4034 671 4089 add.
689 4035 758 4090 libri.
837 4037 860 4101 ⁸)
878 4033 903 4090 d.
921 4034 958 4089 M.
977 4033 1028 4088 L1.
1047 4033 1112 4090 122:
1131 4035 1165 4088 τὸ
1183 4035 1257 4103 παρὰ
1271 4031 1318 4087 Vi.
1340 4031 1375 4087 R.

249 4121 273 4187 ⁹)
291 4120 316 4172 ελ
333 4120 385 4174 Μ.;
404 4120 571 4174 διατίθενται
589 4124 606 4190 ἢ
624 4120 666 4174 vi.
686 4119 717 4174 Β.
