2936 4704
520 339 753 404 -165-

97 525 279 592 nibilominus
301 531 407 591 retum
429 527 583 605 manebit,
606 532 715 606 utpote
744 544 857 592 nouum
886 526 1044 606 quendum
1075 529 1199 591 nectum

97 645 188 710 militis
219 645 415 712 noluntntem
444 651 516 728 post
544 644 832 728 emancipationem.
883 663 954 710 num
985 663 1054 712 cum
1081 645 1113 709 id
1141 662 1201 709 non

98 771 239 842 mutasset,
262 771 368 831 retum
389 765 422 830 id
445 783 514 831 esse
536 765 646 844 uoluit,
670 784 772 847 neque
793 765 904 848 cupitis
934 764 1106 830 deminutio
1127 763 1204 834 iuria

97 893 150 950 tum
170 890 389 950 testamentum
411 883 495 962 fucit,
518 903 588 950 cum
619 884 709 949 miles
739 890 872 950 testator
894 885 944 958 sit,
988 902 1080 962 nem,
1110 882 1203 949 sicuti

97 1002 206 1069 inferius
227 1021 445 1085 proponemus,
469 1003 628 1068 testatoris
650 1002 762 1084 cupitis
785 1001 956 1068 deminutio
978 1007 1203 1068 testamentum
1239 1002 1255 1050 ὅ

96 1123 200 1194 inritut3
221 1122 254 1187 in
278 1123 337 1187 hoc
359 1127 463 1187 autem
486 1141 560 1188 casu
584 1122 615 1186 id
638 1139 699 1186 non
722 1123 922 1186 obseruatur.
960 1121 1132 1188 absurdum
1157 1128 1205 1188 cst

98 1242 164 1308 enim
184 1249 405 1308 testamentum
428 1242 555 1322 quidem
579 1239 736 1319 ualidum,
765 1261 825 1307 non
853 1247 959 1308 cutem
987 1239 1203 1317 inresectum,

66 1371 84 1422 c.
98 1361 160 1426 iuris
179 1361 297 1442 regulis
319 1361 447 1426 inritum
470 1359 550 1426 fieri.
595 1361 625 1423 6.
659 1357 741 1425 Sunt
762 1359 953 1426 filiifamilias
983 1363 1037 1441 qui
1066 1366 1203 1424 castren·

96 1482 271 1564 sicquidem
302 1480 425 1564 peculia
454 1500 515 1546 non
544 1481 677 1558 hebent,
708 1482 800 1563 quusi
830 1483 935 1545 eutem
965 1479 1138 1545 castrensia
1167 1497 1204 1544 ex

97 1600 287 1668 anterioribus
300 1601 422 1683 legibus
437 1601 488 1666 uel
504 1619 541 1666 ex
552 1600 779 1682 posterioribus
791 1599 1067 1667 constitutionibus
1079 1599 1205 1675 hubent,
1226 1586 1258 1638 ¹⁰

97 1720 179 1784 ueluti
199 1739 280 1802 quoe
304 1739 342 1785 ex
364 1718 493 1785 consilio
516 1719 567 1785 uel
590 1719 798 1785 aduocatione
820 1721 871 1786 uei
894 1718 1098 1800 magistratu,
1125 1715 1207 1783 idest

97 1856 127 1902 ex
145 1840 269 1905 sunonis
292 1835 436 1922 publicis,
458 1838 536 1920 ipsis
558 1843 768 1920 praestentur.
815 1838 907 1902 otiis
929 1837 1054 1920 quidem
1082 1854 1206 1902 conces·

98 1973 155 2020 sum
174 1964 219 2023 cst
240 1959 338 2023 etiam
361 1958 393 2022 in
415 1962 572 2040 potestate
594 1957 779 2038 degentibus
803 1957 923 2021 testari.
973 1960 1022 2022 set
1051 1974 1120 2022 cum
1151 1955 1205 2019 aii-

98 2095 149 2157 quu
168 2077 318 2144 dubitatio
342 2079 381 2143 de
403 2077 441 2142 iis
469 2083 540 2143 ortu
570 2087 668 2156 esset,
697 2075 764 2142 late
793 2082 842 2142 est
871 2073 1027 2160 generalis
1057 2071 1208 2156 principis

101 2197 183 2260 nostri
213 2197 417 2272 constitutio,
449 2217 511 2280 que
545 2199 699 2262 sancitum
732 2201 782 2261 est
814 2213 936 2260 omnem
976 2192 1207 2259 filiumfamilias
1229 2197 1259 2246 1⁶

100 2321 273 2382 cremensem
300 2317 468 2382 habentem
494 2315 650 2396 peculium
686 2316 755 2381 iure
782 2317 939 2380 communi
968 2331 1060 2394 posse
1088 2310 1207 2377 testari.

99 2435 143 2513 qui
161 2435 348 2514 praedictum
371 2435 458 2517 leget
478 2435 732 2502 constitutionem
754 2434 832 2499 nibil
854 2451 960 2500 eorum
977 2449 1057 2516 quse
1073 2432 1113 2497 ad
1129 2429 1208 2496 eius·

99 2553 169 2617 modi
189 2555 236 2620 ius
260 2554 420 2637 pertinent
441 2554 609 2638 ignorabit.
