2870 4716
510 330 741 395 -328-

58 525 71 574 ι.
85 519 114 578 et
126 518 244 596 uterque
256 515 426 597 separatim
438 515 641 597 respondeat:
662 515 894 599 »spondeo«.
921 520 947 580 1.
968 517 1016 580 Ex
1030 515 1183 582 eiusmodi

84 632 320 715 stipulationibus
337 635 577 717 stipulatom'bus
595 636 725 718 singulis
737 636 871 702 solidum
884 635 1050 702 debebitur
1065 641 1097 700 et
1113 655 1184 718 pro

81 753 225 818 mittentes
241 754 355 836 singuli
370 755 401 819 in
417 754 551 820 solidum
567 755 775 836 tenebuntur;
791 757 822 820 in
838 761 973 839 utraque
988 761 1092 821 tamen
1108 754 1184 820 obli-

82 873 193 954 gatione
213 892 277 938 una
297 892 348 939 res
370 874 515 940 uertitur.
562 895 635 940 narn
658 876 737 941 alter
759 895 884 942 reorum
906 875 1078 958 stipulandi
1100 874 1185 940 debi-

81 999 143 1058 tum
162 994 335 1076 accipiendo
357 961 464 1060 correo
480 1014 538 1062 suo
560 995 686 1078 petendi
705 995 888 1062 facultatem
911 994 1028 1076 aufert3
1051 1001 1083 1062 et
1105 996 1218 1061 alter⁵

81 1131 192 1178 reorum
213 1115 416 1196 promittendi
438 1114 580 1181 debitum
602 1114 752 1181 soluendo
781 1134 924 1181 comeum
947 1135 1038 1180 suum
1061 1134 1185 1198 qnoque

51 1243 67 1292 a.
80 1233 190 1298 liberat.
241 1236 268 1296 2.
300 1233 348 1298 Ex
377 1233 500 1300 duobus
529 1241 634 1299 autem
662 1235 724 1300 reis
752 1234 956 1317 promittendi
990 1235 1070 1300 alter
1095 1254 1184 1316 pure,

80 1353 152 1418 alter
170 1354 200 1417 in
221 1352 301 1418 diem
330 1353 379 1418 uel
410 1353 470 1419 sub
498 1353 678 1419 condicione
704 1353 836 1436 obligari
865 1358 985 1436 potest3
1014 1372 1075 1419 non
1103 1355 1184 1420 enim

79 1471 106 1536 id
126 1472 183 1536 erit
203 1473 423 1554 impedimento
444 1475 610 1557 quominus
634 1476 741 1540 statim
762 1475 801 1540 ab
822 1494 858 1540 eo
880 1480 1009 1558 petetur
1031 1475 1085 1557 qui
1107 1495 1185 1557 pure

78 1595 261 1674 promiserit3
284 1613 355 1660 oum
377 1595 453 1678 quin
468 1596 494 1660 is
510 1595 582 1662 inde
605 1595 748 1678 protinus
771 1596 985 1675 conueniatur,
1001 1614 1062 1660 non
1078 1594 1183 1659 obstet
1203 1599 1237 1650 ¹⁰

78 1713 201 1779 alterum
224 1715 255 1779 in
278 1715 359 1782 diem
383 1715 434 1780 uel
456 1715 516 1782 sub
539 1715 718 1781 condicione
739 1715 929 1798 promisisse.

532 2007 735 2018 1——

270 2329 318 2396 De
339 2328 542 2412 stipulatione
563 2349 737 2396 seruorum.
783 2285 906 2396 Titulus
932 2332 980 2394 17.

152 2481 243 2549 Serui
266 2503 338 2550 oum
358 2485 476 2550 nullam
491 2484 629 2550 habeant
642 2505 809 2568 personam
825 2485 1022 2550 dominorum
1036 2480 1187 2564 quodam·

76 2601 160 2665 modo
175 2621 342 2684 personam
357 2603 582 2686 praeseferumt,
606 2610 638 2670 et
660 2605 733 2670 inde
747 2604 979 2688 deprehendere
993 2604 1067 2668 lieet
1082 2607 1188 2667 utrum

75 2719 213 2802 stipulari
235 2725 358 2805 possint
379 2742 436 2790 neo
457 2744 505 2790 ne.
551 2728 600 2790 set
620 2725 698 2790 hoec
726 2723 853 2808 quidem
874 2726 902 2790 si
924 2725 1009 2790 serui
1036 2723 1188 2805 stipulan-

76 2837 114 2903 tis
136 2839 279 2908 dominus
302 2844 431 2910 existat:
458 2863 532 2909 nam
553 2845 580 2910 si
600 2849 744 2909 mortuus
764 2843 860 2910 fuerit
886 2863 987 2927 neque
1014 2843 1117 2908 adhuo
1138 2842 1190 2906 he·
1211 2855 1241 2902 uu

74 2960 187 3027 reditas
217 2965 303 3029 adita
325 2965 383 3043 sit,
414 2962 455 3029 ad
482 2963 689 3029 hereditatem
716 2981 828 3028 seruus
850 2962 1001 3045 pertinet,
1023 2980 1104 3043 quoe
1126 2960 1190 3041 ple

74 3098 203 3163 rumque
224 3102 377 3165 personae
400 3082 538 3148 defuncti
554 3084 654 3148 uicem
673 3084 816 3148 sustinet.
852 3083 956 3160 Quare
978 3083 1005 3146 si
1027 3080 1103 3164 quid
1126 3099 1190 3144 ser-
