2870 4716
537 368 766 432 ..326-

100 571 181 629 sens,
214 552 328 618 ueluti:
365 553 518 619 »decem
547 553 642 618 mihi
670 572 807 620 aureos
835 553 941 618 dabis
968 553 1001 617 si
1028 551 1207 618 Maeuius

101 673 252 736 uiuitlc
286 691 358 738 nom
381 674 406 738 si
429 691 466 738 aa
487 673 533 738 ita
559 692 622 738 non
643 679 717 738 sunt
739 677 853 755 (noque
875 673 956 738 enim
977 672 1078 752 litium
1100 670 1208 736 consul

101 791 165 869 init,
190 811 291 875 noque
312 793 455 859 Maeuius
479 794 573 875 uiuit)
599 793 718 859 inutilis
747 800 797 859 est
823 793 998 874 stipulatio:
1028 791 1076 858 sin
1104 795 1209 857 autem
1280 807 1285 818 ·

98 913 140 976 ita
161 931 198 978 se
220 913 345 991 habent
369 914 455 979 ualet
476 915 583 980 statim
603 912 774 995 stipulatio,
798 917 831 978 et
852 912 1000 994 competit
1021 911 1112 978 actio.
1146 929 1209 976 non

100 1032 177 1096 enim
201 1033 275 1114 quia
296 1033 450 1098 nescimus
473 1051 512 1097 an
533 1033 610 1098 haec
632 1033 677 1097 ita
698 1033 770 1110 sint,
793 1033 863 1098 ideo
886 1033 993 1096 dilatio
1007 1030 1044 1096 fit
1058 1049 1094 1097 ac
1109 1045 1242 1108 morao

99 1153 262 1232 quominus
284 1160 433 1219 nascatur
455 1154 550 1230 actio;
573 1173 645 1218 nam
667 1173 748 1236 quae
766 1173 822 1236 per
836 1173 942 1219 rerum
955 1159 1102 1218 naturam
1124 1156 1209 1218 certa

99 1277 168 1335 sunt
191 1270 411 1352 obligationem
433 1290 494 1336 non
516 1277 696 1350 morantur,
724 1272 797 1338 licet
818 1273 901 1355 apud
924 1271 1142 1338 contrahentes
1164 1273 1209 1336 in·

64 1397 83 1448 ⁷·
99 1395 182 1456 certa
204 1392 275 1456 sint
311 1394 338 1454 7.
362 1391 432 1456 Non
455 1391 555 1457 solum
578 1411 629 1457 res
650 1392 682 1456 in
701 1392 919 1474 stipulationes
934 1392 1046 1457 deduci
1067 1396 1209 1473 possunt,
1335 1446 1339 1454 .

98 1509 196 1574 ueluti
217 1508 332 1576 fundus
361 1529 472 1576 seruus
501 1511 595 1588 liber3
622 1517 671 1576 set
693 1515 726 1576 et
749 1510 881 1590 factum3
910 1511 1007 1576 ueluti
1031 1511 1057 1576 si
1079 1511 1211 1592 stipuler

99 1637 133 1694 ut
152 1630 228 1694 mihi
252 1629 378 1696 domum
400 1629 543 1695 aedifices
566 1631 617 1696 uel
638 1638 675 1696 ut
695 1625 740 1695 illi
764 1630 890 1696 domum
911 1651 974 1696 non
996 1629 1148 1696 aedifices.
1177 1630 1210 1694 in
1229 1640 1261 1692 ιο

99 1751 248 1816 eiusmodi
270 1757 376 1816 autem
398 1751 663 1833 stipulationibus,
686 1751 719 1816 in
741 1770 819 1834 quas
837 1751 955 1818 factum
977 1751 1151 1826 deducitur,
1174 1755 1211 1814 ut

99 1869 214 1952 aliquid
237 1889 348 1952 nempe
369 1869 425 1934 fiat
439 1871 491 1936 uel
505 1888 566 1934 non
581 1869 646 1948 fiat
670 1871 822 1953 optimum
844 1876 894 1936 est
913 1889 1046 1952 poenam
1068 1869 1210 1934 subicere

99 1989 210 2054 ueluti:
250 1990 305 2054 »si
341 1987 514 2054 feceris«
550 1994 607 2055 aut
641 2009 737 2054 »non
776 1990 924 2056 leceris
957 1990 1047 2054 mihi
1081 1989 1209 2053 decem

99 2127 237 2174 aureos
267 2107 416 2172 dabis«.
460 2127 562 2191 poena
591 2109 672 2174 enim
699 2128 760 2174 non
783 2109 936 2186 subiecta,
965 2109 997 2172 in
1019 2109 1137 2173 incerto
1160 2112 1209 2172 est

99 2226 172 2308 quid
194 2226 306 2292 debeat
333 2227 388 2308 qui
417 2231 527 2292 contra
551 2226 661 2293 fecerit
680 2247 775 2311 qnam
802 2229 989 2310 promiscuit.
1034 2247 1104 2293 cum
1126 2227 1208 2292 enim
1228 2241 1259 2292 lo

99 2347 183 2411 inid
209 2346 295 2427 qnod
322 2347 453 2411 intereat
479 2346 795 2412 condemnandussit
822 2345 919 2430 (quod
941 2347 974 2411 in
995 2327 1114 2412 incerto
1136 2345 1208 2428 est),

100 2485 223 2532 necesse
245 2472 294 2532 ost
316 2467 414 2531 actori
436 2466 570 2548 probaro
586 2468 661 2549 quid
684 2469 750 2532 eius
773 2468 904 2532 intersit.
939 2467 1046 2548 itaque
1068 2466 1108 2530 ad
1130 2465 1209 2530 tales

100 2585 296 2651 difficultates
326 2587 473 2652 uitandas
500 2606 601 2668 poena
627 2586 808 2652 subicienda
837 2592 899 2664 est;
927 2605 1025 2668 quare
1052 2587 1078 2651 si
1112 2587 1210 2669 stipu-

100 2707 180 2770 latus
201 2704 323 2783 fuerim,
346 2711 382 2770 ut
404 2704 450 2770 ita
470 2705 576 2784 facias,
601 2707 639 2772 de
660 2725 761 2789 poena
783 2709 827 2772 sio
849 2707 993 2788 stipulari
1015 2706 1122 2772 debes:
1155 2707 1209 2772 »si

100 2825 152 2890 ita
173 2823 317 2890 factum
339 2844 412 2890 non
435 2827 526 2905 erit,
550 2832 628 2892 tum
649 2826 1093 2910 poenaenominedabis
1116 2826 1209 2891 mihi
1227 2837 1260 2889 ao

101 2945 225 3011 decem
253 2948 438 3012 aureosi«
474 2953 523 3014 set
544 2947 570 3013 si
597 2948 751 3031 quaedam
779 2946 848 3012 fieri
876 2947 1029 3028 quaedam
1059 2965 1120 3012 non
1142 2945 1210 3012 fieri

99 3083 161 3129 una
188 3067 388 3147 conceptione
415 3066 473 3131 sim
500 3066 679 3148 stipulatus
707 3084 826 3148 poenae
855 3066 996 3131 clausula
1022 3066 1089 3130 siue
1115 3071 1211 3146 caput

100 3185 273 3251 huiusmodi
289 3185 485 3252 adiciendum
501 3191 563 3252 est:
590 3187 644 3252 »si
663 3186 857 3252 aduersus
873 3205 918 3251 ea
931 3184 1074 3250 factum
1089 3185 1208 3262 erit«,

100 3323 153 3369 seu
169 3305 222 3384 ita
248 3307 302 3370 ›si
325 3305 564 3387 quideorum
585 3304 729 3371 factum
744 3324 815 3370 non
837 3307 926 3382 erit,
950 3310 1040 3369 tunc
1062 3321 1209 3384 poenae
1322 3331 1324 3338 >

101 3425 252 3492 nominc
274 3426 403 3492 decem
425 3445 563 3493 aureos
586 3426 680 3492 dare
707 3424 939 3508 spondesa«.
978 3425 1004 3488 si
1034 3421 1209 3505 stipulatio-
1226 3429 1260 3482 uo
