2864 4736
498 410 739 474 -418-

69 589 182 648 constet
204 603 255 648 me
277 583 367 648 tundi
389 585 441 649 uel
464 583 590 648 aedium
618 603 689 650 esse
717 585 877 650 dominum
906 587 953 671 (in
981 589 1095 668 quibus
1124 590 1178 654 ad-

69 709 218 773 uersarius
256 709 483 773 usumfructum
521 717 576 772 sut
614 709 798 774 seruitutem
835 710 955 775 habere
993 714 1176 798 contendit),

68 833 181 897 disens:
206 833 249 898 ‘si
271 838 381 916 paret
403 832 463 897 illi
486 833 545 898 ius
570 833 624 898 uti
646 833 721 897 frui
738 835 807 917 (aut
830 835 1074 921 seruitutem)
1097 859 1176 904 meo

66 957 174 1021 inndo
202 977 274 1021 non
297 959 403 1039 esse',
431 977 545 1041 reapse
568 959 613 1022 ita
641 958 803 1023 intendere
837 959 963 1025 uideor:
993 961 1043 1026 »si
1068 970 1178 1045 paret

66 1081 243 1146 seruitute
268 1086 332 1146 sut
354 1082 552 1146 usufructu
575 1081 741 1146 liberum
758 1102 842 1148 esse
859 1081 1015 1148 fundum
1031 1105 1176 1151 meum«.
1214 1098 1229 1149 t

64 1213 92 1270 et
111 1203 182 1270 ideo
206 1205 289 1270 aetio
313 1206 346 1270 in
372 1226 439 1270 rem
466 1225 580 1270 reuera
607 1205 804 1271 confessoris
832 1212 895 1288 est,
926 1209 986 1273 etsi
1013 1210 1177 1292 nugatorie

34 1329 99 1393 nsit
113 1336 273 1413 eoneepto.
313 1334 342 1397 3.
359 1330 415 1396 Set
430 1330 511 1395 istae
527 1331 669 1396 notiones
685 1332 718 1396 in
733 1351 809 1412 rem,
835 1352 968 1413 querum
985 1335 1176 1399 mentionem

62 1453 235 1536 habuimus,
264 1461 296 1519 et
319 1455 347 1519 si
370 1475 453 1536 quse
477 1455 594 1520 similes
618 1464 707 1535 sunt,
737 1475 776 1519 ex
800 1456 949 1538 legitimis
975 1465 1007 1521 et
1029 1458 1176 1524 eiuilibus

61 1578 159 1642 oensis
176 1577 330 1661 originem
346 1578 471 1644 ducunt.
513 1584 586 1644 sunt
608 1578 692 1644 aliae
717 1599 840 1660 quoque
865 1579 898 1643 in
921 1600 988 1645 rem
1012 1581 1092 1646 etin
1107 1602 1176 1665 per·

60 1721 178 1784 sonem,
208 1721 287 1782 quas
310 1709 437 1786 praetor
465 1722 503 1767 ex
532 1723 589 1767 sus
617 1703 775 1768 sententie
802 1703 982 1768 introduxit.
1041 1726 1121 1786 quas
1145 1712 1176 1771 et
1195 1716 1230 1768 10

60 1825 140 1908 ipsas
162 1828 376 1892 neeessariam
394 1834 442 1892 est
457 1827 610 1910 exemplis
633 1826 808 1892 ostendere.
841 1833 875 1892 ut
894 1847 969 1892 eooe
986 1828 1176 1911 permittitur

58 1950 144 2015 nobis
166 1950 324 2016 interdum
347 1951 380 2015 in
402 1971 469 2016 rem
497 1971 608 2034 ogere,
637 1952 712 2016 lieet
740 1971 804 2016 non
834 1972 894 2016 usn
922 1952 1114 2035 ceperimus,
1144 1959 1176 2016 et

57 2073 230 2140 intendere:
254 2075 301 2140 ‘si
328 2082 440 2159 paret
467 2075 504 2139 id
531 2095 651 2140 meum
677 2095 763 2140 esse
787 2075 946 2159 perinde
970 2083 1084 2158 atque
1107 2097 1175 2141 usu
1258 2121 1262 2130 ·

58 2199 239 2281 oeperim’.
295 2199 347 2264 uel
379 2219 418 2264 ex
446 2199 572 2264 diuerso
605 2200 758 2264 aduersus
795 2218 867 2264 eum
896 2200 950 2280 qui
977 2219 1044 2264 rem
1071 2219 1174 2265 meam

56 2324 234 2408 usueeperit
257 2330 289 2389 et
311 2324 475 2408 possideat
497 2345 594 2408 egere
607 2321 745 2408 'possum
774 2325 822 2389 his
846 2323 970 2389 uerbis:
997 2325 1044 2389 ‘si
1065 2331 1175 2408 peret
1195 2331 1228 2387 15

56 2446 144 2514 haue
159 2468 238 2513 rem
253 2469 370 2514 meam
391 2468 475 2514 esse
499 2449 655 2532 perinde
679 2455 796 2531 atque
821 2447 1070 2513 aduersarius
1095 2467 1174 2513 eam

26 2587 116 2637 insu
139 2594 213 2639 non
236 2575 400 2657 oeperit'.
441 2579 470 2640 4.
493 2573 534 2638 nt
555 2573 588 2638 in
611 2574 720 2658 primis
743 2573 890 2638 dieamus
914 2591 975 2654 quo
992 2591 1070 2637 essu
1093 2571 1174 2654 quis,

54 2716 119 2760 eum
142 2717 208 2763 non
231 2699 420 2782 usueeperit,
445 2718 516 2763 sese
539 2718 599 2763 usu
614 2698 737 2782 oepisse
752 2697 851 2780 fingit.
894 2703 928 2761 ut
944 2715 1019 2763 eeoe
1035 2716 1076 2760 ex
1090 2696 1175 2760 iusta

55 2840 148 2886 eausa
169 2841 239 2887 rem
262 2823 399 2888 alienam
415 2823 490 2886 mihi
505 2822 663 2888 tradidisti
679 2823 765 2887 bone
786 2821 849 2887 fide
876 2820 1054 2904 sooipienti,
1076 2820 1175 2884 ueluti

54 2965 91 3009 ex
113 2967 215 3012 eausa
245 2947 411 3031 emptionis
434 2954 488 3011 eut
516 2946 695 3012 donationis
718 2951 774 3010 eut
796 2946 880 3010 dotis
907 2950 962 3010 eut
984 2944 1170 3027 legatorum.
1192 2952 1229 3003 20

53 3071 187 3138 triennio
215 3071 291 3136 mihi
318 3092 397 3155 opus
421 3075 491 3137 erat
513 3071 554 3136 sd
577 3091 643 3136 rem
666 3091 726 3136 usu
750 3069 956 3154 sapiendum
986 3088 1081 3149 quam
1104 3087 1174 3132 eum

55 3193 176 3262 duobus
193 3197 284 3262 annis
299 3196 522 3280 possedissem,
541 3196 741 3279 possessione
757 3195 825 3259 eius
841 3193 950 3276 aliquo
968 3213 1047 3257 eesu
1063 3190 1174 3256 excidi.

54 3319 205 3386 direotum
243 3320 276 3384 in
312 3340 380 3384 rem
414 3319 569 3385 sotionem
607 3326 718 3384 eontra
756 3335 979 3402 possessorem
1011 3315 1174 3379 intendere

54 3462 190 3524 nequeo,
215 3449 321 3527 utpote
345 3443 400 3524 qui
427 3462 490 3507 non
517 3443 729 3526 usueeperim;
758 3440 905 3525 proditae
935 3438 1018 3503 enim
1046 3436 1173 3502 suntin

53 3587 116 3631 rem
139 3567 295 3649 notiones,
318 3567 501 3650 utquisque
517 3586 646 3651 pereas
662 3566 833 3631 dominium
858 3564 921 3630 sibi
944 3562 1091 3626 uindicet.
1126 3567 1175 3626 set
1193 3569 1228 3622 25

54 3693 126 3771 quie
149 3711 230 3757 sene
253 3691 364 3756 durum
388 3698 457 3756 erat
480 3711 518 3756 eo
542 3711 619 3756 eesu
642 3690 797 3755 notionem
820 3687 898 3752 mihi
922 3707 986 3752 non
1010 3684 1093 3766 dari,
1119 3683 1174 3765 qui
