3092 4702
578 347 789 414 ..13-

280 639 331 706 De
352 635 493 737 legitima
513 643 715 722 patronorum
738 637 847 706 tutela.
891 635 1015 704 ‘titulus
1038 639 1089 702 ll.

210 824 364 892 Libertus
397 823 449 892 uel
481 824 596 892 liberta
625 828 731 891 tutore
763 821 945 906 indigebant
971 824 1047 906 quia
1073 823 1249 908 impuberes

129 945 232 1012 adhue
265 951 366 1010 erant.
422 943 492 1026 quis
518 960 628 1011 eorum
656 949 742 1010 tutor
768 943 853 1010 erit?
879 959 919 1010 an
948 948 1036 1010 tutor
1062 948 1249 1012 mento

130 1063 246 1132 datus?
273 1062 400 1130 minimo
422 1080 513 1143 sane3
539 1059 696 1130 eiusmodi
717 1063 799 1129 euim
821 1065 957 1130 tutorem
978 1064 1006 1130 is
1026 1059 1176 1147 relinquit
1197 1063 1252 1147 qul

130 1184 326 1264 impuberem
346 1183 380 1248 iu
401 1188 557 1266 potestate
578 1182 713 1264 habeat3
735 1181 769 1248 hi
790 1188 895 1249 autem
917 1184 949 1249 in
964 1180 1083 1250 nulllus
1096 1187 1252 1265 potestate

131 1309 213 1381 sunt
237 1309 349 1385 utpote
371 1303 425 1384 qui
445 1303 509 1368 sint
531 1321 569 1368 ex
591 1301 748 1369 seruitute
770 1303 952 1370 manumissi
973 1308 1005 1369 et
1019 1304 1090 1370 ideo
1106 1308 1252 1386 parentes
1284 1315 1304 1370 o

131 1423 248 1489 hahere
270 1440 332 1488 nou
354 1419 585 1504 intellegantur.
629 1439 668 1488 au
691 1421 844 1512 adgnatos
865 1427 987 1490 tutores
1008 1419 1190 1490 habebunt?
1204 1426 1253 1488 set

131 1541 290 1625 quomodo
310 1541 338 1606 is
360 1541 416 1622 qui
436 1543 582 1624 parentes
604 1561 667 1609 nou
694 1542 806 1616 habet,
836 1559 874 1607 ex
900 1549 1082 1609 transuerso
1104 1547 1253 1624 oognatos

134 1662 286 1729 habebit?
307 1680 379 1728 nam
402 1681 440 1729 ex
461 1661 524 1729 illis
545 1661 580 1728 hi
604 1661 807 1730 descendunt.
850 1662 926 1746 quid
955 1662 1053 1746 igitur
1078 1661 1156 1729 iuris
1184 1660 1254 1730 esti

132 1783 182 1847 lex
203 1781 266 1848 ΧΠ
289 1781 467 1848 tabularum
490 1787 641 1864 patronos
662 1787 928 1865 patronorumque
949 1781 1063 1849 liberos
1083 1781 1125 1849 ad
1147 1799 1254 1849 eorum

134 1902 267 1968 tutelam
289 1907 391 1968 uocat
425 1900 560 1968 diximus
583 1899 723 1968 enimin
745 1899 959 1984 superioribus
981 1897 1136 1969 libertatis
1158 1901 1256 1969 datio·
1274 1919 1308 1972 no

134 2039 205 2088 nem
228 2040 308 2088 onus
332 2020 420 2104 sequi
443 2019 570 2088 tutelae
616 2021 731 2088 dicitur
753 2027 786 2088 et
806 2020 877 2106 ipsa
897 2019 1038 2103 legitime
1063 2021 1162 2088 tutela
1183 2021 1257 2104 quis

136 2141 205 2224 legs
226 2139 290 2208 XII
312 2140 490 2208 mularum
512 2141 646 2208 inuenta
667 2147 724 2212 est
747 2145 798 2206 set
817 2142 878 2208 erit
899 2140 953 2223 qni
974 2137 1074 2206 diost:
1102 2155 1173 2206 oum
1194 2136 1258 2206 ΧΠ

136 2260 316 2328 tabularum
338 2259 437 2326 uerba
451 2257 647 2342 perlegerim,
670 2259 822 2326 eiusmodi
847 2259 966 2326 utens
985 2257 1173 2326 mentionem
1194 2273 1256 2326 non

135 2379 253 2444 inueni.
282 2385 332 2445 set
352 2379 576 2463 respondemus
601 2379 746 2460 quamuis
778 2357 854 2446 non‘
870 2377 1050 2446 nominatim
1075 2377 1126 2446 lex
1152 2373 1192 2446 de
1218 2393 1256 2445 aa

137 2497 292 2578 loquatur,
313 2495 413 2580 liquet
433 2495 465 2564 id
489 2505 594 2564 tumen
624 2517 661 2564 ex
683 2493 750 2566 XII
776 2497 954 2565 tabularum
984 2503 1097 2566 urente.
1140 2495 1257 2582 legitur
1275 2509 1308 2562 lo

138 2614 220 2682 enim
246 2617 281 2682 in
310 2615 445 2698 quadam
475 2637 583 2684 eanum
610 2623 715 2701 parte:
744 2616 895 2700 siquis
921 2619 1145 2686 intestatus
1172 2614 1257 2686 sine

136 2734 289 2802 liberis
311 2735 503 2814 decessit,
525 2735 695 2819 adgnati
715 2735 883 2804 heredes
908 2743 1039 2804 sunto.
1088 2743 1121 2804 et
1148 2753 1257 2804 rursus

136 2853 170 2919 in
194 2855 257 2920 alie
278 2853 414 2936 quodam
436 2862 541 2938 parm:
570 2855 605 2920 si
633 2856 723 2936 qais
753 2859 883 2922 tutore
902 2855 1070 2940 indiget,
1092 2855 1258 2940 adgnati

136 2978 296 3040 tutores
318 2981 449 3041 sunto.
487 2975 642 3058 adgnatos
664 2976 772 3059 igitur,
794 2991 873 3058 quos
899 2974 986 3042 luero
1006 2972 1191 3042 hereditatis
1213 2973 1259 3042 di·

136 3093 232 3172 tauit,
252 3093 372 3159 tutelae
393 3111 518 3178 quoque
540 3112 637 3160 onere
663 3094 786 3162 adiecit
833 3093 911 3162 haee
932 3111 1007 3162 uero
1035 3095 1074 3162 de
1099 3091 1257 3178 ingenuis:
1274 3091 1311 3146 2⁰

136 3213 179 3278 ad
203 3211 331 3280 libertos
354 3219 459 3279 autem
480 3214 653 3296 procedens
666 3214 792 3282 sitlos:
815 3215 849 3280 si
871 3214 1042 3281 libertus
1063 3211 1258 3280 liberisue

135 3330 228 3396 sine
254 3331 396 3399 liberis
421 3333 613 3400 intestati
643 3331 863 3400 moriantur
895 3331 1059 3416 patroni
1086 3331 1259 3422 liberine

134 3455 401 3531 patronorum
423 3453 479 3518 eis
500 3453 669 3519 heredes
695 3460 822 3518 sunto.
866 3453 905 3518 de
927 3452 1027 3520 tutela
1054 3459 1160 3520 autern
1182 3449 1259 3518 nihil

135 3587 177 3633 ea
196 3569 267 3652 lege
288 3575 435 3651 canotum
456 3565 506 3638 set'
527 3589 597 3638 oum
619 3578 766 3654 patronos
789 3571 829 3639 ad
855 3569 1088 3638 similitudinem
1110 3571 1259 3655 adgnato-

135 3705 217 3753 rum
236 3687 282 3754 lex
304 3688 344 3754 ad
366 3691 591 3757 successionem
610 3691 782 3769 uocauerit,
804 3695 1030 3772 cousequenter
1043 3696 1167 3758 ueteres
1182 3689 1258 3774 legis
1276 3709 1311 3762 no

134 3812 276 3873 mentem
305 3809 430 3891 assequi
459 3808 621 3875 studentes
649 3811 757 3875 eodem
779 3810 870 3876 modo
892 3809 986 3876 etiam
1006 3810 1121 3878 tutelas
1143 3811 1184 3876 ed
1206 3827 1259 3876 eos

137 3924 302 4006 pertinere
322 3927 477 3995 dixerunt.
524 3927 710 4012 plerumque
731 3929 812 3996 enim
835 3929 888 3996 ubi
911 3931 1116 3997 successionis
1144 3935 1193 3996 est
1214 3929 1260 3995 ln·

1010 4237 1057 4290 10'
