2864 4736
520 394 761 457 —431-

89 568 168 632 litem
196 567 369 648 babebam;
399 567 471 632 misi
501 567 532 632 ei
564 568 704 632 libellum
735 565 802 630 eius
831 584 984 646 summae,
1014 583 1095 645 quae
1122 563 1199 628 mihi

88 710 196 756 reuera
220 690 401 755 debebatur.
447 692 551 774 uiator
574 698 693 775 autem,
711 663 776 772 'qui
799 710 912 755 aureos
935 690 964 753 ll
988 688 1199 772 sportularum

88 815 208 880 nomine
232 815 384 896 consequi
407 815 558 898 debebat,
581 815 655 880 VIII
678 835 791 881 aureos
816 813 947 897 accepit.
994 819 1106 896 agetur
1129 832 1199 876 cnm

88 959 122 1004 eo
145 959 186 1004 ex
208 941 280 1022 lege
304 939 493 1005 condicticia
515 946 547 1005 et
562 941 772 1024 quadruplum
787 939 860 1004 VIII
877 958 1043 1003 aureorum
1065 942 1197 1022 petetur.

44 1067 134 1130 2626.
156 1063 303 1128 Diximus
328 1064 468 1130 actiones
484 1064 560 1128 furti
577 1085 637 1130 nec
652 1065 820 1145 manifesti,
845 1063 930 1128 serui
945 1062 1093 1146 corrupti,
1117 1061 1199 1144 legis
1237 1072 1261 1124 l>

87 1189 222 1270 aquiliae
246 1195 278 1253 et
301 1188 435 1272 depositi
459 1189 547 1273 dupli
570 1189 863 1255 condemnationem
887 1186 1019 1252 habere:
1042 1186 1200 1251 interdum

87 1314 179 1378 etiam
195 1313 372 1396 legatorum
387 1313 502 1379 fideiue
519 1315 754 1379 commissorum
764 1313 958 1398 petitionem,
975 1331 1057 1394 quae
1069 1329 1200 1376 uenera-

86 1438 200 1503 bilibus
229 1439 307 1503 locis
334 1439 446 1504 relicta
473 1440 542 1504 sint.
589 1440 670 1504 inter
697 1439 755 1504 has
782 1445 889 1504 tamen
917 1438 1057 1502 actiones
1085 1456 1125 1500 ea
1152 1441 1202 1500 est

86 1563 271 1644 diberentia,
297 1562 380 1644 quod
402 1564 477 1628 furti
492 1584 550 1630 nec
565 1565 725 1629 manifesti
741 1564 888 1646 seruique
905 1562 1043 1646 corrupti
1060 1561 1200 1627 actiones

86 1688 261 1753 omnimodo
286 1687 374 1772 dupli
397 1693 482 1772 sunt;
507 1689 575 1754 siue
599 1689 669 1770 quis
686 1688 834 1754 infitietur
856 1687 925 1753 siue
940 1687 1092 1768 fateatur;
1117 1686 1199 1749 actIo
1221 1661 1263 1744 lo

84 1832 159 1877 uero
185 1813 266 1895 legis
290 1815 430 1897 aquiliae
453 1821 485 1880 et
500 1814 634 1898 depositi
657 1814 690 1878 in
712 1813 884 1898 praedictis
901 1813 1028 1878 casibus
1045 1812 1199 1875 aduersus

83 1937 253 2002 infitiantes
277 1938 491 2024 duplicantur3
515 1939 669 2004 aduersus
694 1957 770 2003 uero
794 1937 978 2002 confitentes
999 1937 1032 2001 in
1054 1935 1202 2019 simplum

82 2062 265 2128 redduntur.
319 2064 353 2127 in
382 2063 489 2145 legato
520 2068 625 2128 autem
653 2062 796 2128 ecclesiis
825 2062 938 2128 aliisue
965 2061 1200 2127 uenerabilibus

83 2186 160 2252 locis
184 2187 295 2252 relicto
319 2207 381 2252 non
405 2188 506 2252 solum
523 2208 593 2253 cnm
610 2189 680 2268 quis
696 2188 855 2268 infitiatur,
880 2186 968 2270 dupli
984 2194 1031 2250 est
1047 2186 1201 2251 aduersus

84 2331 154 2376 cum
179 2311 414 2394 condemnatio,
442 2319 491 2376 set
514 2313 608 2378 etiam
633 2333 703 2376 cum
726 2331 800 2376 reus
823 2311 946 2376 tamdiu
973 2311 1077 2376 differt
1098 2309 1200 2375 relicti
1221 2315 1262 2366 15-

84 2439 287 2520 solutionem,
320 2439 420 2503 donec
448 2439 538 2504 iussu
572 2439 815 2524 competentium
849 2439 1090 2520 magistratuum
1125 2455 1198 2500 con·

84 2563 240 2628 ueniatur.
268 2563 300 2626 in
316 2563 515 2630 confitentem
532 2581 609 2628 uero
625 2569 657 2628 et
673 2569 843 2644 antequam
858 2563 946 2626 iussu
961 2561 1201 2644 magistratuum

33 2697 71 2751 at.
82 2687 293 2752 conueniatur
327 2687 502 2752 soluentem
537 2687 642 2772 simpli
675 2685 824 2751 redditur.
870 2688 921 2752 27.
944 2687 1028 2750 Inter
1060 2683 1201 2750 actiones

82 2818 200 2893 autem,
236 2832 318 2892 quae
354 2811 523 2897 quadrupli
555 2811 846 2877 condemnationem
881 2809 1012 2892 habent,
1047 2809 1126 2891 haec
1154 2817 1203 2874 est

81 2937 274 3019 differentia,
298 2958 372 3001 nam
396 2937 478 3002 actio
502 2937 546 3002 de
570 2955 613 3001 eo
638 2937 735 3018 quod
758 2943 877 3000 metus
902 2955 1017 3000 cansa
1041 2955 1079 3000 eo
1099 2935 1203 2999 differt
1221 2933 1266 2986 201

81 3083 101 3125 a
125 3061 254 3144 ceteris,
280 3061 364 3144 quod
379 3061 475 3126 tacite
492 3061 560 3126 eius
580 3067 695 3125 natura
717 3060 908 3141 continetur;
932 3064 968 3122 ut
983 3059 1010 3123 si
1025 3079 1098 3124 reus
1114 3059 1202 3122 iussn

80 3185 199 3252 iudicis
228 3206 294 3251 rem
322 3187 424 3273 ipsam
452 3185 485 3250 ui
513 3186 653 3250 ablatam
685 3183 831 3250 restituat
863 3183 979 3266 actori,
1008 3183 1201 3247 absoluatnr.

80 3311 170 3393 quod
195 3311 227 3375 tn
251 3311 365 3376 ceteris
389 3311 564 3376 actionibus
593 3309 724 3375 nonita
752 3314 813 3391 est;
841 3309 874 3374 in
902 3307 965 3372 illis
993 3307 1074 3371 enim
1103 3306 1201 3370 omni-

79 3436 179 3502 modo
217 3435 349 3517 quisque
377 3437 409 3500 in
438 3435 649 3520 quadruplum
683 3435 923 3500 condemnatur:
959 3431 1052 3498 sicuti
1086 3437 1134 3494 est
1170 3429 1202 3494 in

80 3560 212 3626 duabus
232 3561 265 3625 in
284 3560 402 3625 lactum
422 3559 598 3626 actionibus
622 3569 654 3625 et
676 3561 709 3624 in
729 3558 926 3625 condictione
950 3578 989 3622 ex
1013 3558 1094 3639 lege,
1119 3575 1201 3636 quae
1220 3558 1266 3610 25.

79 3687 243 3751 aduersus
259 3691 457 3750 executorem
474 3685 632 3769 competit,
657 3684 711 3767 qui
726 3683 884 3767 sportulas
901 3681 1050 3766 legitimis
1065 3681 1202 3746 maiores
