2932 4704
541 331 753 396 -38..

105 536 235 585 excusem
259 535 444 600 possumus,
466 519 534 585 siue
560 519 591 582 in
621 523 779 598 potestate
805 516 885 596 siut,
916 519 985 584 siue
1012 515 1209 600 emancipsti.

104 638 126 703 si
145 637 218 704 enim
240 644 306 703 tres
328 638 444 703 liberos
473 635 544 720 quis
573 635 760 718 superstites
790 636 909 702 Romec
936 635 1067 712 hebent,
1097 634 1149 701 uei
1178 635 1211 700 in

104 755 183 822 itelin
201 763 367 839 quattuor,
390 756 442 821 uei
463 757 496 822 in
518 755 689 839 prouinciis
717 755 872 838 quinque,
900 773 977 821 senc
1005 773 1025 820 s
1052 753 1153 821 tutele
1179 759 1212 820 et

103 893 168 942 curu
192 875 335 941 excusari
364 877 481 958 poterit
506 875 648 957 exemplo
677 881 853 941 ceterorum
876 891 1055 954 muncrum,
1084 891 1157 939 num
1179 881 1212 939 ct

102 995 215 1060 tutelam
250 1004 283 1060 et
314 1013 421 1062 curum
453 994 572 1078 placuit
602 994 687 1058 iuter
719 992 844 1075 publice
876 1011 1006 1060 munera
1044 992 1210 1060 recenseri.
1245 999 1263 1049 t

101 1113 226 1196 sioptiui
250 1113 341 1179 liberi
363 1113 404 1178 ed
426 1113 638 1179 excusandum
661 1131 723 1178 non
739 1120 881 1195 prosunt,
905 1118 954 1178 set
967 1112 1130 1178 neturules
1145 1121 1213 1180 ten·

101 1239 220 1312 tnm,ut
244 1232 451 1332 dictumest,
478 1231 553 1298 lioet
578 1231 611 1296 in
641 1230 842 1326 ndoptionem
871 1232 937 1297 deti
964 1229 1037 1296 sint
1081 1239 1212 1313 nepotes

100 1369 131 1416 m
153 1350 214 1417 iiiio
244 1350 433 1434 proderunt,
463 1351 566 1416 medie
595 1349 741 1418 defuncte
768 1367 919 1432 persone,
946 1367 1019 1415 num
1046 1348 1079 1413 in
1107 1347 1211 1416 locum

99 1469 186 1550 putris
207 1472 393 1543 succedent3
424 1489 461 1536 ex
491 1468 555 1534 filie
586 1479 692 1536 eutem
721 1468 954 1536 excusationem
981 1487 1044 1534 non
1072 1475 1213 1548 precetu-

99 1590 176 1656 bunt
217 1589 311 1654 liberi
334 1595 439 1655 eutem
462 1589 544 1654 sicut
570 1589 633 1654 dixi
660 1596 784 1654 tentum
813 1589 999 1671 superstites
1028 1587 1211 1668 proderunt,
1231 1600 1264 1652 10

99 1726 152 1772 non
170 1707 265 1774 etium
288 1706 442 1787 defuncti,
471 1707 527 1773 sed
549 1707 577 1771 si
604 1709 636 1772 in
664 1708 747 1773 bello
774 1707 942 1789 perierint,
963 1705 1141 1786 quaesitum
1163 1715 1213 1773 est

99 1843 133 1890 ou
151 1826 286 1908 prosint:
310 1831 343 1891 et
364 1825 483 1908 placuit
505 1824 562 1892 hos
589 1831 712 1892 tuntum
742 1826 831 1892 nobis
861 1826 1093 1892 exemptionem
1123 1845 1211 1909 pree·

98 1951 187 2019 sture,
206 1945 264 2026 qui
285 1945 316 2010 iu
339 1945 406 2011 scie
428 1952 462 2012 et
482 1945 513 2010 in
534 1946 604 2028 ipso
623 1941 769 2012 conflictu
798 1945 976 2012 occiderint
1028 1962 1099 2012 cum
1129 1945 1211 2011 enim

98 2080 147 2140 pro
167 2083 200 2129 re
218 2063 349 2146 publicu
369 2064 536 2146 perierint,
563 2066 805 2148 inperpetuum
832 2083 889 2148 per
916 2083 1021 2130 rerum
1049 2071 1212 2148 gesturum

64 2202 82 2250 1.
98 2179 217 2260 glutitum
241 2184 350 2248 uiuere
371 2181 607 2266 intelleguntur.
658 2187 686 2247 1.
719 2181 799 2251 Item
829 2183 923 2249 diuus
950 2181 1076 2250 Marcus
1105 2183 1137 2248 iu
1166 2201 1211 2249 se·
1231 2199 1264 2250 lo

96 2302 256 2368 mestribus
280 2301 371 2368 iussit
398 2321 470 2368 eum
498 2303 553 2385 qui
582 2323 633 2370 res
661 2302 730 2370 iisci
758 2301 973 2380 administret,
1004 2301 1103 2368 donec
1132 2303 1210 2368 eius·

95 2420 170 2484 modi
187 2422 492 2488 administrationem
515 2422 650 2487 retineat
670 2440 691 2487 e
711 2421 813 2487 totels
834 2430 867 2486 et
888 2439 965 2488 curn
986 2420 1139 2486 excusum.
1179 2429 1212 2486 et

95 2540 168 2604 ratio
189 2540 360 2606 manifeste
381 2547 439 2606 est
484 2557 611 2606 necesse
633 2547 683 2605 est
704 2539 786 2606 enim
814 2545 870 2604 cut
896 2538 970 2605 dum
998 2538 1117 2622 pupilio
1139 2538 1211 2605 scir

94 2660 239 2740 uenimus,
263 2659 374 2726 mcum
395 2657 534 2736 loedere,
557 2666 614 2725 eut
635 2659 710 2724 dum
740 2658 815 2724 fisco
845 2656 1051 2738 consulimus,
1077 2657 1211 2740 pupillo-

57 2784 156 2843 trum
177 2779 249 2845 iure
270 2778 438 2846 offendere.
483 2779 512 2842 2.
545 2775 625 2843 Item
647 2777 703 2860 qui
724 2776 914 2862 reipublicee
939 2793 1035 2842 ceusu
1054 2775 1171 2842 obsunt
1192 2793 1264 2844 eno

92 2898 184 2964 tutela
205 2906 240 2964 ct
271 2915 347 2964 cure
374 2903 577 2972 excusentur,
606 2915 667 2962 non
695 2897 796 2962 solum
824 2895 949 2973 future,
978 2903 1028 2961 sct
1052 2893 1211 2978 praesenti

89 3035 217 3101 quoque,
234 3019 308 3084 licet
322 3023 488 3098 postquem
504 3014 619 3094 uliquis
638 3033 672 3081 se
686 3013 902 3094 immiscuerit,
917 3012 1001 3081 idest
1016 3031 1081 3080 rem
1103 3031 1210 3095 geren-

91 3137 155 3200 dum
177 3137 363 3218 susceperit,
388 3134 531 3200 mensori
554 3153 615 3200 non
638 3136 748 3202 sulcet.
801 3134 855 3214 qui
877 3145 983 3200 eutem
1012 3132 1211 3199 administru-

89 3254 200 3324 tionem
223 3256 415 3336 susceperit,
439 3253 554 3321 deinde
579 3253 770 3334 reipublicae
799 3271 895 3320 ceusu
924 3253 1036 3318 obesse
1062 3250 1210 3331 coeperit,

89 3374 286 3441 excusatione
308 3379 433 3452 utetur,
461 3381 493 3438 et
522 3379 653 3440 eotenus
683 3378 783 3438 semet
811 3372 937 3453 impunc
963 3391 983 3436 c
1010 3389 1045 3436 re
1071 3366 1263 3452 gemuisse

88 3493 246 3560 obstinere
267 3495 394 3576 poterit,
416 3500 573 3576 quatenus
599 3489 791 3572 reipublicae
817 3507 912 3556 cause
941 3487 1053 3555 aberit.
1104 3493 1137 3550 et
1165 3486 1211 3552 in·

131 4209 236 4261 Theoph.
251 4211 364 4251 Autem
378 4221 421 4250 rec·
433 4205 524 4249 Ferriui.
