2936 4704
526 393 755 456 -166-

191 681 311 759 Quibus
339 698 401 745 non
431 689 480 746 est
508 682 693 763 permissum
723 687 947 747 testamentum
976 681 1088 748 iacere.

543 801 665 866 Titulus
691 801 739 863 12.

169 986 298 1064 Quidam
321 985 463 1051 homines
486 993 656 1061 testantur,
684 985 810 1067 quidam
842 993 947 1052 autem
976 1005 1047 1052 non.
1098 995 1131 1054 et
1159 989 1204 1052 di-

101 1107 212 1170 cendum
234 1113 283 1170 est
305 1105 345 1170 de
367 1105 405 1168 iis
427 1106 481 1184 qni
504 1105 614 1170 testari
638 1113 782 1185 possunt:
806 1113 855 1170 set
877 1123 947 1170 cum
970 1105 991 1170 ii
1009 1105 1114 1186 plures
1129 1107 1202 1180 sint,

101 1225 281 1306 dispiciamus
305 1223 392 1305 prius
416 1225 454 1288 de
477 1224 515 1288 iis
545 1223 600 1304 qui
626 1225 735 1289 testari
766 1233 938 1305 nequeant,
968 1225 1022 1307 qui
1052 1235 1084 1291 et
1111 1226 1202 1308 pauci

100 1351 168 1422 sunt,
188 1350 222 1408 nt
240 1343 316 1409 inde
338 1351 459 1410 ceteros
481 1361 656 1408 noscamus.
701 1350 733 1409 et
760 1345 792 1408 in
820 1344 928 1424 primis
956 1345 1065 1428 nequit
1092 1347 1203 1410 testari

99 1463 304 1538 filiusfamilias,
327 1483 399 1530 nam
422 1471 642 1530 testamentum
666 1471 716 1528 est
742 1465 892 1531 bonorum
920 1464 1082 1546 dispositio
1109 1481 1202 1546 quae
1237 1489 1253 1538 s

99 1582 408 1660 daun3fi1iusiamilias
430 1591 536 1651 antem
559 1585 678 1667 nequit,
701 1591 795 1665 prout
818 1584 897 1660 uult,
920 1603 979 1648 sua
1001 1585 1084 1650 bona
1100 1585 1203 1667 dispo·

98 1721 168 1778 nere,
188 1711 235 1768 set
256 1703 336 1768 adeo
358 1706 467 1769 testari
491 1705 676 1784 prohibetur
697 1712 733 1769 nt
754 1705 780 1767 si
804 1723 862 1786 ego
885 1711 976 1786 pater
1002 1721 1093 1778 suus,
1120 1705 1203 1769 sicut

98 1821 152 1884 fieri
173 1823 257 1900 solet,
279 1841 351 1886 eum
374 1823 505 1904 diligens
529 1823 706 1903 permittam
734 1821 777 1899 ei,
809 1823 892 1888 sicut
919 1822 1010 1900 uelit,
1038 1824 1078 1889 de
1107 1823 1187 1888 bono

100 1959 154 2005 rum
175 1960 309 2006 meorum
337 1951 428 2024 parte
457 1943 584 2020 testari,
613 1960 674 2007 non
702 1941 809 2007 ualeat
834 1942 919 2022 quod
948 1942 988 2007 ab
1018 1960 1054 2007 eo
1085 1941 1201 2007 iactum

98 2060 140 2122 sit
188 2079 245 2126 non
279 2062 374 2125 debet
409 2061 490 2125 onim
520 2062 636 2141 priuati
666 2061 798 2124 hominis
827 2059 973 2126 uoluntas
1004 2063 1071 2126 iure
1099 2063 1254 2144 poti0r10

98 2195 162 2244 asse
196 2188 268 2244 sunt
289 2180 344 2259 qni
366 2180 439 2244 licet
460 2179 560 2246 alieno
582 2180 643 2244 iuri
666 2180 798 2245 subiecti
821 2179 899 2259 sint,
930 2181 1040 2245 testari
1070 2180 1201 2262 possint,

98 2298 179 2364 ueluti
209 2304 262 2380 qui
295 2307 456 2367 castrense
484 2300 638 2380 peculium
667 2300 792 2366 habent
845 2301 878 2366 id
906 2307 1011 2366 autern
1042 2300 1084 2366 ab
1112 2300 1202 2366 initio

98 2417 281 2486 militantibus
305 2427 427 2484 tantum
450 2435 630 2484 concessum
650 2425 699 2483 est
714 2426 779 2483 tarn
795 2438 833 2483 ex
848 2420 1039 2484 auctoritate
1056 2418 1200 2500 Augusti,

97 2555 175 2616 qnam
187 2539 320 2616 Neruae,
345 2557 462 2604 necnon
481 2540 591 2621 optimi
613 2539 809 2620 imperatoris
831 2537 967 2604 Traiani.
992 2543 1102 2618 postea
1125 2557 1201 2603 uero

96 2658 257 2723 constitutio
282 2657 433 2723 Hadriani
456 2660 549 2724 etiarn
573 2661 730 2724 ueteranis
752 2657 784 2722 id
808 2675 901 2740 aegre
916 2655 1090 2724 ferentibus
1115 2655 1201 2721 fidis-
1222 2673 1253 2725 rs

95 2775 209 2841 familias
241 2780 351 2842 testari
385 2777 547 2844 concessit.
610 2785 642 2841 et
675 2776 703 2841 si
737 2775 867 2842 iecerint
906 2793 1013 2841 omnes
1048 2775 1200 2841 eiusmodi

96 2911 227 2972 mmonae
249 2898 289 2962 de
311 2897 464 2961 castrensi
486 2895 608 2978 peculio
630 2900 861 2972 testamentum,
885 2875 923 2960 id'
939 2895 979 2962 ab
1003 2895 1043 2960 iis
1066 2897 1201 2978 scriptus

96 3015 171 3079 heres
190 3017 337 3098 accipiam
360 3017 408 3080 sin
431 3022 536 3080 autam
558 3013 699 3080 incestari
721 3012 931 3091 decesserint,
959 3033 1063 3096 neque
1085 3012 1200 3079 liberos

96 3133 225 3200 habentos
247 3152 349 3216 neque
371 3133 485 3200 frenes
499 3133 694 3216 superstites,
717 3133 788 3198 iure
805 3131 969 3210 communi,
993 3133 1085 3197 sicuti
1100 3131 1199 3213 quod·

96 3250 158 3316 iihet
185 3271 377 3334 paganorum
409 3253 586 3335 peculium,
623 3253 663 3318 ad
698 3271 806 3318 eorum
840 3257 987 3334 parentas
1020 3250 1199 3333 pertinebit.
1218 3271 1253 3324 ao

95 3387 152 3434 cnm
171 3372 249 3437 enirn
269 3373 342 3452 quis
364 3373 468 3454 legum
490 3389 643 3438 nouarum
663 3369 814 3438 beneficio
837 3341 964 3436 minime
992 3377 1118 3447 utatur,
1148 3389 1201 3434 uc·

96 3489 143 3552 teri
172 3491 229 3556 iuri
260 3493 349 3558 locus
376 3491 448 3558 erit
499 3491 571 3557 olim
600 3490 726 3576 quidem
753 3509 846 3558 omne
873 3489 1049 3574 peculium,
1076 3493 1201 3554 mortuo

94 3605 155 3686 filio,
174 3612 252 3691 patri
274 3612 497 3694 quaerebatur.
542 3610 647 3692 plnres
669 3609 867 3676 differentiae
895 3614 969 3676 sunt
999 3608 1084 3672 inter
1106 3625 1200 3690 paga·
