2898 4712
541 355 773 420 -225-

106 543 150 619 sit,
170 541 306 626 accipiet
326 542 457 625 perinde
478 561 515 608 ee
534 543 561 607 si
582 542 721 609 condicio
743 542 891 617 extiterit,
913 543 961 606 sin
983 541 1095 621 minus,
1117 541 1215 608 ueluti

66 663 282 728 uoondioionc
303 661 465 728 deficiente
486 660 573 728 nulle
593 662 744 745 legatorio
767 663 849 727 ectio
870 661 1005 728 debitur.
1049 661 1101 726 32.
1129 659 1215 728 Heec

103 782 262 862 inprimis
283 791 447 864 perspecte
468 782 594 847 hahens.
638 779 717 848 Cum
743 780 777 847 in
805 798 898 846 nnsm
927 779 1118 862 eandemque
1146 799 1215 863 per·

103 917 208 965 sonam
242 900 357 967 actoris
386 902 492 984 reique
517 900 588 966 iure
610 907 811 980 concurrent,
837 897 1019 966 confusione
1044 900 1118 964 inde
1145 909 1214 967 orte

104 1020 294 1100 extinguitur
325 1020 417 1086 ectio.
471 1039 561 1087 nemo
593 1021 674 1085 enim
709 995 861 1086 aduersus
888 1019 1091 1099 semetipsum
1120 1037 1213 1101 egere
1247 1020 1266 1071 ⁵

103 1149 211 1219 potest
258 1138 326 1205 eius
347 1156 471 1222 quoque
492 1136 669 1204 meminisse
695 1139 798 1218 iuuet,
828 1139 911 1221 quod
938 1137 1042 1222 penho
1070 1140 1214 1220 superius

103 1259 248 1336 diximus,
278 1259 391 1354 deterri
417 1258 522 1338 legate
549 1258 578 1322 si
599 1275 679 1338 pure
701 1259 804 1324 sinte
831 1268 931 1323 morte
959 1259 1139 1338 testatoris,
1165 1259 1213 1324 ein

102 1388 202 1444 entem
225 1380 286 1444 suh
308 1379 487 1444 condicione
509 1377 618 1443 relicte
639 1378 711 1455 sint
733 1396 753 1442 e
775 1377 962 1443 condicionis
985 1385 1110 1444 euentu.
1143 1395 1213 1443 oum

101 1497 172 1564 haec
195 1497 256 1564 tibi
278 1506 442 1580 perspecte
464 1499 535 1576 sint,
558 1498 630 1564 uide
651 1515 732 1580 quoe
753 1498 826 1564 inde
846 1505 1027 1580 sequentur.
1051 1515 1120 1563 cum
1142 1496 1213 1580 quis

101 1629 291 1694 moreretur,
314 1637 362 1684 me
383 1619 499 1685 herede
520 1619 675 1696 instituto,
703 1615 810 1685 Sticho
832 1636 924 1684 neruo
945 1635 1014 1684 meo
1036 1619 1171 1699 legatum
1194 1633 1213 1680 u
1232 1621 1267 1673 10

102 1756 146 1802 me
166 1737 305 1818 reliquit
332 1739 494 1818 quaeritur
516 1757 557 1803 eu
580 1746 664 1803 recte
685 1739 822 1820 regnem
844 1738 895 1816 sit,
918 1739 949 1802 in
972 1737 1109 1802 eiusdem
1131 1737 1212 1801 enim

101 1873 261 1936 personum
284 1858 399 1924 actoris
421 1863 453 1922 ct
473 1857 519 1922 rei
541 1855 612 1922 iure
633 1862 833 1923 concurmnt:
856 1875 913 1938 ego
935 1857 1017 1930 enim
1039 1874 1112 1922 reus
1133 1871 1211 1933 sum,

102 1983 207 2056 utpote
229 1977 337 2055 heres3
359 1994 416 2058 ego
438 1983 543 2042 eutem
559 1985 657 2054 octor,
680 1983 789 2058 utpote
804 1975 948 2041 dominus
969 1974 1119 2058 legatarii.
1142 1992 1212 2039 cum

101 2095 202 2174 itaque
223 2096 256 2159 in
279 2114 328 2160 me
350 2096 396 2160 rei
423 2103 456 2160 et
482 2097 595 2161 actoris
622 2095 693 2161 iure
720 2103 919 2172 concurrunt,
950 2093 1032 2160 nodo
1053 2091 1212 2160 contundi·

102 2221 159 2278 tur.
202 2221 278 2278 sunt
299 2220 402 2281 tumen
423 2214 476 2295 qui
499 2213 604 2279 dicent
625 2213 721 2296 legati
744 2213 930 2280 deletionem
952 2231 1021 2280 esee
1048 2221 1211 2294 expectari·
1230 2222 1262 2274 m

105 2331 182 2411 dem,
204 2351 274 2398 cum
298 2333 417 2398 scilicet
438 2332 534 2414 iegati
561 2333 644 2400 ectio
665 2340 841 2414 competere
861 2331 996 2413 incipiet.
1040 2339 1073 2396 et
1094 2332 1120 2396 ei
1142 2330 1210 2414 qui·

101 2452 166 2515 dem
189 2459 262 2517 tunc
285 2452 434 2534 temporie
456 2452 587 2528 ¹heredis
609 2461 642 2517 et
670 2451 812 2543 legatarii
840 2470 990 2534 personae
1017 2451 1133 2516 inerint
1161 2467 1210 2516 ee-

100 2579 225 2651 pmeme
247 2569 328 2654 (fieri
348 2571 428 2636 enim
450 2579 554 2654 potest
575 2581 612 2637 nt
633 2572 706 2637 uiuo
726 2579 878 2638 msmmre
892 2567 1033 2636 Stichum
1055 2571 1208 2660 hominem

100 2708 201 2756 meum
215 2692 429 2756 menumitmm
445 2701 500 2756 eut
513 2691 671 2773 nendum),
693 2709 763 2757 cum
778 2691 943 2756 distinctae
962 2689 1026 2756 sint
1047 2707 1207 2773 personae,

99 2807 327 2876 confirmabitur
342 2812 487 2891 tegetum.
537 2811 585 2875 sin
616 2820 720 2876 eutem
747 2811 906 2876 testatoris
934 2808 1044 2875 mortis
1070 2817 1208 2890 tempore
1224 2822 1261 2874 eo

99 2947 209 2994 seruus
228 2929 398 3012 legatarius
420 2927 453 2994 in
476 2948 544 2995 mee
564 2935 721 3012 potestate
743 2929 890 2994 inuentus
917 2927 1026 3006 tuerit,
1055 2928 1209 3010 extingui·

98 3057 149 3113 tnr
171 3051 307 3132 legatum
329 3057 458 3132 propter
479 3067 571 3131 quem
592 3047 811 3132 proposuimus
832 3047 994 3114 rohonem.
1043 3047 1120 3139 heec
1141 3047 1208 3127 qui·

100 3169 167 3262 dem
190 3170 216 3233 si
236 3189 314 3252 pure
336 3168 478 3235 relietum
500 3170 550 3234 sit.
574 3171 600 3234 si
614 3189 691 3236 nero
705 3171 764 3236 sub
781 3169 970 3247 condicione,
991 3185 1052 3234 non
1074 3163 1207 3248 emplius
