2864 4736
453 349 766 446 ,‘444—

95 521 120 584 si
143 539 218 603 ergo
242 520 329 586 iussu
352 520 469 584 domini
492 541 612 584 mecum
636 522 795 603 negotium
824 528 913 603 gerat
940 541 1050 586 seruus
1073 523 1203 587 etmihi

94 645 261 727 obligetur,
301 645 454 710 actionem
492 646 617 709 habebo
656 665 725 709 cum
764 646 889 710 dominc
926 646 1033 727 ‘quod
1071 647 1201 728 iussu’3

94 769 320 850 quodammodo
349 770 431 834 enim
455 790 524 834 cum
547 789 585 833 eo
614 770 798 834 contrahere
821 770 931 835 uideor
954 771 1083 851 eiusque
1110 771 1202 836 fidem

92 893 179 975 sequi
211 901 339 978 propter
370 895 437 959 eius
469 895 596 958 iussum.
642 895 673 958 iu
706 895 839 959 solidum
872 903 976 960 autem
1009 895 1087 961 baec
1120 897 1202 961 actio

60 1020 195 1100 2.‘quod
218 1020 332 1084 iussu’
358 1019 648 1084 condemnationem
671 1020 776 1084 habet.
825 1024 853 1086 2.
877 1020 926 1082 Ad
949 1020 1040 1084 huius
1069 1022 1201 1086 actionis
1240 1034 1256 1086 5

91 1144 321 1210 similitudinem
367 1145 446 1210 duas
485 1165 608 1226 quoque
642 1145 737 1226 alias,
778 1146 890 1226 quibus
926 1147 1059 1211 solidum
1094 1167 1200 1230 perse-

90 1269 220 1352 quimur,
244 1276 370 1352 praetor
398 1270 556 1352 pollicitus
584 1277 645 1348 est,
671 1292 801 1351 quarum
825 1273 926 1336 altera
958 1273 1202 1354 exercitoria,

89 1394 189 1458 altera
227 1394 420 1458 institoria
458 1395 645 1478 appellatur.
706 1397 939 1461 exercitoria
984 1403 1057 1462 tunc
1099 1398 1202 1461 locum

89 1518 197 1598 babet,
241 1539 310 1582 cum
353 1519 422 1600 quis
465 1539 588 1583 seruum
630 1541 719 1583 suum
762 1521 945 1603 magistrum
987 1522 1078 1585 nauis
1124 1543 1200 1586 suae

87 1643 283 1725 praeposuit,
323 1649 353 1708 et
392 1643 511 1724 aliquid
544 1665 612 1708 oum
651 1664 688 1708 eo
728 1645 781 1726 qui
816 1653 864 1710 est
898 1646 1096 1728 praepositus
1135 1648 1201 1711 eius
1222 1656 1256 1707 10

86 1766 132 1830 rei
160 1767 279 1849 gratia,
315 1768 365 1830 cui
399 1768 597 1850 praepositus
633 1776 696 1849 est,
732 1777 924 1834 contractum
958 1777 1013 1834 est.
1059 1772 1089 1834 in
1122 1771 1201 1835 eius·

86 1890 170 1955 modi
187 1898 291 1956 autem
315 1912 391 1956 casu
415 1892 446 1955 iu
471 1893 603 1956 solidum
627 1894 845 1958 exercitoriam
869 1895 1025 1958 actionem
1049 1895 1200 1960 aduersus

85 2014 245 2080 dominum
283 2017 416 2080 habebo.
476 2023 508 2080 et
545 2017 616 2081 ideo
653 2019 905 2082 ‘exercitoria'
945 2025 1087 2098 uocatur,
1126 2020 1200 2099 quia

85 2142 295 2206 ‘exercitor'
322 2143 520 2225 appellatur
564 2143 605 2223 is,
651 2142 692 2207 ad
739 2163 829 2222 quem
874 2145 1062 2209 cottidianus
1108 2145 1198 2208 nauis

84 2274 235 2345 quaestus
280 2267 423 2349 pertinet.
480 2267 676 2331 institoria
713 2275 786 2333 tunc
831 2269 933 2333 locum
972 2270 1081 2350 habet,
1128 2290 1199 2333 cum
1220 2281 1252 2330 15

85 2391 153 2472 quis
188 2392 338 2455 tabernae
369 2392 448 2455 forte
477 2398 530 2455 aut
558 2393 685 2456 cuilibet
717 2394 924 2474 negotiationi
952 2414 1076 2458 seruum
1110 2415 1199 2458 suum

83 2515 319 2598 praeposuerit;
343 2537 416 2580 nam
440 2517 467 2580 si
491 2516 565 2596 quid
589 2537 658 2580 oum
681 2537 719 2582 eo
744 2519 810 2582 eius
834 2519 881 2582 rei
904 2539 1011 2598 causa,
1037 2521 1086 2582 cui
1110 2540 1200 2602 prae-

83 2640 208 2722 positus
231 2647 287 2720 est,
311 2646 503 2704 contractum
527 2641 632 2722 luerit,
658 2641 800 2706 dominus
827 2643 1016 2707 insolidum
1044 2645 1201 2708 institoria

83 2765 210 2828 actione
228 2764 436 2828 conuenietnr.
473 2764 545 2829 ideo
563 2773 667 2830 autem
682 2765 900 2831 ‘institoria'
915 2768 1102 2851 appellatur,
1127 2770 1201 2849 quia

82 2889 125 2970 ei,
150 2889 207 2970 qui
229 2870 495 2972 negotiationibus
521 2899 770 2974 praeponuntur,
795 2893 1013 2957 ‘institores'
1039 2903 1200 2958 uocantur.
1220 2901 1255 2951 20

33 3014 136 3078 uafla
161 3014 267 3078 Locus
291 3021 395 3079 autem
419 3023 467 3079 est
482 3015 657 3080 institoriae
682 3023 713 3081 et
734 3017 941 3082 exercitoriae
966 3019 1081 3082 actioni
1105 3019 1200 3082 etiam

82 3139 110 3202 si
132 3139 269 3203 liberum
293 3139 362 3220 quis
385 3139 541 3204 hominem
570 3151 624 3204 ant
648 3142 785 3206 alienum
816 3163 941 3207 seruum
970 3144 1043 3208 naui
1073 3149 1127 3208 aut
1154 3151 1200 3207 ta·

82 3265 204 3328 bornae
228 3271 282 3328 aut
305 3265 433 3329 cuilibet
456 3265 661 3347 negotiationi
686 3267 918 3349 praeposuerit;
948 3289 1020 3331 nam
1048 3268 1098 3332 hic
1128 3289 1201 3348 quo-

82 3407 144 3469 que
186 3389 297 3453 eadem
336 3389 505 3469 aequitatis
542 3390 623 3454 ratio
662 3391 883 3456 exercitoriam
923 3392 974 3455 uel
1012 3392 1198 3456 institoriam

82 3513 244 3577 actionem
270 3513 423 3577 aduersus
451 3534 531 3594 cum,
565 3515 617 3594 qui
647 3516 838 3598 praeposuit,
873 3517 934 3579 dat.
980 3537 1052 3579 nam
1085 3515 1111 3580 is
1145 3518 1199 3596 qui
1219 3527 1260 3577 25-

82 3637 225 3718 aliquem
248 3637 412 3721 praeponit
434 3638 557 3702 uidetur
580 3646 692 3721 aperta
715 3660 793 3704 uoce
816 3640 995 3703 declarare:
1021 3641 1115 3704 »huno
1140 3661 1199 3722 ego

49 3773 71 3824 3.
81 3762 271 3846 praeposui:
304 3763 357 3842 qui
386 3764 472 3827 uolet
501 3784 571 3827 cum
601 3783 639 3827 eo
673 3765 861 3828 contrahat«.
915 3767 943 3830 3.
966 3765 1140 3828 Introduxit
1172 3771 1203 3829 et

82 3887 184 3952 aliam
207 3887 363 3952 actionem
385 3893 522 3971 praetor,
548 3907 629 3968 quae
654 3887 858 3952 tributoria
882 3896 1020 3953 uocatur.
1066 3909 1200 3969 namque

81 4013 113 4100 si
133 4032 247 4077 seruus
271 4032 358 4076 meus
381 4012 414 4076 in
437 4013 649 4095 peculiaribus
673 4012 737 4076 suis
761 4013 918 4078 mercibus
939 4014 1126 4095 negotietur,
1150 4033 1200 4077 me
