2870 4716
550 337 585 348 —
632 301 777 366 347-

103 485 218 563 crdtas,
249 491 359 551 contra
385 507 477 569 quem
500 489 577 554 uelit
598 490 629 553 in
652 489 787 554 solidum
809 509 911 572 agere.
955 498 1004 558 set
1026 513 1063 558 ex
1086 495 1223 575 epistula

101 604 256 669 Hadriani
277 605 476 689 imperatoris
500 610 696 691 compellitur
718 610 855 675 creditor
877 630 896 677 a
915 613 1045 694 singulis
1061 613 1222 681 fideiusso

100 724 199 803 ribus,
223 725 277 807 qui
300 725 363 792 litis
386 733 582 793 contestatae
604 734 744 811 tempore
766 702 917 795 soluendo
939 733 1015 812 sint,
1039 741 1146 815 partes
1169 753 1223 816 pe-

99 849 177 910 tere.
224 843 356 928 ideoque
384 847 411 910 si
439 848 509 928 quis
535 867 573 912 ex
595 845 830 914 fideiussoribus
858 869 895 915 eo
923 857 1064 935 tempore
1093 873 1154 918 non
1177 855 1222 919 in-

100 964 249 1029 ueniatur
276 965 440 1044 soluendo,
469 967 536 1032 eius
562 968 751 1034 insoluentia
773 975 894 1036 ceteros
923 978 1041 1037 onerat
1087 977 1124 1037 ut
1151 981 1254 1039 eceet

99 1087 241 1170 quinque
263 1093 354 1153 erant
371 1087 580 1168 fideiussores,
604 1091 715 1156 eumC
738 1091 824 1156 aurei
840 1091 1043 1157 deberentur:
1067 1093 1093 1158 si
1115 1112 1223 1158 omnes

98 1206 253 1273 soluendo
286 1209 365 1288 sint,
403 1210 518 1292 singuli
550 1229 607 1292 pro
641 1211 700 1276 XX
727 1212 831 1277 aureis
865 1212 1110 1277 conueniuntur:
1148 1231 1221 1277 cum

99 1347 216 1393 uerum
238 1348 275 1393 ex
297 1331 341 1396 eis
363 1351 445 1396 unus
468 1350 529 1396 non
551 1333 594 1397 sit
616 1331 781 1410 soluendo,
811 1333 877 1398 eius
899 1332 1088 1398 insoluentia
1110 1333 1223 1398 ceteris

99 1446 253 1513 damnum
276 1447 391 1530 adiert;
418 1469 476 1517 nec
502 1451 584 1517 enim
612 1471 631 1516 a
653 1457 805 1534 quattuor
832 1452 892 1517 illis
921 1451 1051 1533 singulis
1075 1449 1148 1529 XX,
1175 1455 1224 1517 set

98 1569 192 1633 XXV
219 1569 306 1634 aurei
334 1577 490 1653 petentur.
540 1577 589 1639 set
615 1573 642 1637 si
671 1580 744 1655 post
770 1572 834 1638 litis
863 1571 1124 1638 contestationem
1152 1578 1276 1636 con-10

98 1689 206 1770 tingat
227 1709 325 1755 unum
348 1709 384 1756 ex
406 1692 445 1756 iis
467 1710 530 1756 non
551 1691 702 1757 soluendo
724 1691 801 1764 fieri,
824 1691 894 1772 eius,
914 1691 1104 1758 insoluentia
1126 1690 1224 1756 oredi-

99 1809 164 1873 tori
187 1828 250 1874 non
273 1807 508 1877 fideiussoribus
530 1812 662 1877 nocebit.
708 1818 757 1877 set
778 1817 810 1878 et
831 1813 857 1876 si
880 1812 950 1893 quis
974 1829 1044 1876 cum
1066 1829 1129 1875 uno
1150 1809 1225 1877 fide·

97 1929 227 1995 iussore
248 1949 344 2012 agens
367 1931 501 1997 solidum
524 1937 742 2015 consequatur,
765 1933 859 1998 buius
881 1933 978 1998 solius
1002 1930 1225 1997 detrimentum

98 2049 180 2128 erit,
209 2051 415 2132 nequeenim
438 2053 466 2117 ei
489 2073 559 2118 cum
590 2053 702 2118 ceteris
724 2051 960 2118 fideiussoribus
983 2070 1077 2132 agere
1099 2052 1226 2132 permit

100 2173 209 2248 tetur,
232 2189 334 2252 neque
356 2189 426 2236 cum
449 2192 503 2238 reo
525 2173 700 2256 principali,
729 2193 800 2239 cum
822 2191 884 2237 non
906 2171 1057 2237 soluendo
1081 2173 1139 2248 sit,
1166 2171 1296 2236 uti-15.

99 2289 177 2354 liter
199 2289 376 2368 contendet,
400 2295 433 2356 et
454 2293 565 2358 merito
581 2292 707 2375 quidem
730 2291 883 2357 eiusmodi
898 2290 1064 2356 fideiussor
1086 2290 1145 2356 sibi
1166 2290 1224 2355 im-

100 2409 242 2491 putabit,
267 2429 337 2476 cum
359 2413 499 2493 potuerit
514 2417 687 2478 conuentus
702 2431 740 2477 ex
754 2407 889 2493 epistula
909 2409 975 2474 diui
996 2409 1150 2475 Hadriani
1173 2409 1226 2476 ad·

101 2530 211 2594 iuuari
233 2535 266 2594 et
287 2527 409 2596 efficere
431 2535 468 2597 ut
488 2551 545 2614 pro
568 2532 677 2597 eadem
700 2537 796 2613 atque
817 2531 849 2595 in
872 2535 992 2596 ceteros
1015 2534 1115 2612 parte,
1137 2531 1170 2595 in
1192 2549 1226 2596 se

60 2658 83 2709 5.
103 2650 190 2715 actio
214 2635 350 2714 daretur.
397 2653 424 2714 5.
456 2650 671 2717 Fideiussores
697 2651 743 2716 ita
771 2650 903 2732 obligari
930 2668 992 2714 non
1014 2655 1162 2732 possunt,
1190 2655 1227 2716 ut

101 2774 175 2856 plus
201 2772 344 2840 debeant
368 2790 462 2853 quam
486 2771 637 2850 debetis,
660 2790 717 2854 pro
740 2788 803 2852 quo
826 2770 1014 2852 obligantur.
1057 2789 1130 2836 nam
1152 2767 1226 2835 fide·
1243 2771 1277 2822 2⁰

101 2895 267 2959 iussorum
290 2892 439 2975 obligatio
461 2893 598 2959 accessio
620 2897 677 2971 est,
701 2911 802 2974 neque
817 2892 888 2974 plus
904 2891 936 2956 in
958 2891 1135 2956 accessione
1157 2909 1227 2956 esse

37 3065 40 3068 .
102 3017 214 3095 potest
235 3031 329 3094 quam
345 3013 377 3078 in
393 3032 427 3078 re
448 3011 620 3095 principali.
654 3016 687 3076 at
709 3031 746 3076 ex
769 3010 894 3076 diuerso
914 3015 951 3075 ut
965 3011 1069 3076 minus
1092 3010 1228 3076 debeant

102 3131 239 3214 obligari
267 3138 414 3213 possunt:
446 3137 479 3198 et
504 3133 612 3214 itaque
640 3131 667 3196 si
695 3129 975 3213 principaliorem
1004 3130 1024 3194 i.
1048 3149 1074 3194 e.
1104 3128 1227 3194 debitor

102 3252 213 3318 decem
236 3269 350 3316 aureos
378 3250 453 3317 dare
478 3250 645 3334 spondeat,
674 3251 813 3332 quinque
835 3250 875 3315 ab
897 3248 1134 3316 fideiussoribus
1157 3248 1226 3314 dari

102 3377 191 3438 reete
219 3371 423 3453 stipulamm,
451 3375 512 3450 set,
540 3369 567 3435 si
594 3389 667 3436 reus
693 3369 874 3452 principalis
896 3368 1035 3452 quinque
1061 3366 1224 3450 spondeat,
1243 3365 1276 3418 2⁵

104 3491 274 3558 fideiussor
295 3509 357 3555 non
386 3495 470 3556 recte
495 3489 529 3555 in
555 3489 662 3558 decem
689 3489 850 3572 accipitur.
895 3489 971 3553 item
993 3488 1021 3554 si
1046 3505 1119 3552 reus
1141 3487 1225 3570 prin-

104 3612 214 3696 cipalis
238 3629 317 3694 pure
339 3609 534 3693 promiserit,
565 3607 729 3676 fideiussor
751 3609 811 3674 sub
840 3607 1019 3674 condicione
1040 3605 1225 3689 promittere

104 3739 220 3817 potest.
256 3737 291 3798 at
312 3749 350 3797 ex
365 3731 490 3797 diuerso
510 3731 537 3797 si
558 3731 737 3815 principalis
753 3730 811 3796 snb
834 3729 1013 3795 condicione
1034 3725 1224 3810 promiserit,
