<?xml version="1.0" encoding="UTF-8"?>
<!DOCTYPE html PUBLIC "-//W3C//DTD XHTML 1.0 Transitional//EN"
    "http://www.w3.org/TR/xhtml1/DTD/xhtml1-transitional.dtd">
<html xmlns="http://www.w3.org/1999/xhtml" xml:lang="en" lang="en">
 <head>
  <title>
</title>
<meta http-equiv="Content-Type" content="text/html;charset=utf-8" />
  <meta name='ocr-system' content='tesseract 3.04.00' />
  <meta name='ocr-capabilities' content='ocr_page ocr_carea ocr_par ocr_line ocrx_word'/>
</head>
<body>
  <div class='ocr_page' id='page_1' title='image "./institutionumgr02linggoog_0076.png"; bbox 0 0 2960 4704; ppageno 0'>
   <div class='ocr_carea' id='block_1_1' title="bbox 558 369 771 432">
    <p class='ocr_par' dir='ltr' id='par_1_1' title="bbox 558 369 771 432">
     <span class='ocr_line' id='line_1_1' title="bbox 558 369 771 432; baseline -0.009 -16"><span class='ocrx_word' id='word_1_1' title='bbox 558 369 771 432; x_wconf 72' lang='lat'>,21-</span> 
     </span>
    </p>
   </div>
   <div class='ocr_carea' id='block_1_2' title="bbox 78 553 1284 2663">
    <p class='ocr_par' dir='ltr' id='par_1_2' title="bbox 111 553 1229 635">
     <span class='ocr_line' id='line_1_2' title="bbox 111 553 1229 635; baseline -0.001 -16"><span class='ocrx_word' id='word_1_2' title='bbox 111 557 237 621; x_wconf 90' lang='lat' dir='ltr'><strong>liberum</strong></span> <span class='ocrx_word' id='word_1_3' title='bbox 262 557 356 621; x_wconf 87' lang='lat' dir='ltr'><strong>nasci.</strong></span> <span class='ocrx_word' id='word_1_4' title='bbox 402 554 519 620; x_wconf 80' lang='lat' dir='ltr'><strong>sufficit</strong></span> <span class='ocrx_word' id='word_1_5' title='bbox 541 556 622 620; x_wconf 89' lang='lat' dir='ltr'><strong>enim</strong></span> <span class='ocrx_word' id='word_1_6' title='bbox 646 555 676 619; x_wconf 90' lang='lat' dir='ltr'><strong>ei</strong></span> <span class='ocrx_word' id='word_1_7' title='bbox 706 555 758 635; x_wconf 90' lang='lat' dir='ltr'><strong>qui</strong></span> <span class='ocrx_word' id='word_1_8' title='bbox 790 555 821 618; x_wconf 97' lang='lat' dir='ltr'><strong>in</strong></span> <span class='ocrx_word' id='word_1_9' title='bbox 847 559 956 620; x_wconf 88' lang='lat' dir='ltr'><strong>uentre</strong></span> <span class='ocrx_word' id='word_1_10' title='bbox 983 559 1031 618; x_wconf 90' lang='lat' dir='ltr'><strong>est</strong></span> <span class='ocrx_word' id='word_1_11' title='bbox 1054 553 1104 618; x_wconf 86' lang='lat' dir='ltr'><strong>uel</strong></span> <span class='ocrx_word' id='word_1_12' title='bbox 1126 553 1229 618; x_wconf 88' lang='lat' dir='ltr'><strong>medio</strong></span> 
     </span>
    </p>

    <p class='ocr_par' dir='ltr' id='par_1_3' title="bbox 78 651 1284 2663">
     <span class='ocr_line' id='line_1_3' title="bbox 78 651 1230 755; baseline 0.001 -22"><span class='ocrx_word' id='word_1_13' title='bbox 78 685 95 733; x_wconf 89' lang='lat'><strong>1.</strong></span> <span class='ocrx_word' id='word_1_14' title='bbox 111 681 245 755; x_wconf 88' lang='lat' dir='ltr'><strong>tempore</strong></span> <span class='ocrx_word' id='word_1_15' title='bbox 266 674 397 741; x_wconf 86' lang='lat' dir='ltr'><strong>liberam</strong></span> <span class='ocrx_word' id='word_1_16' title='bbox 420 675 517 741; x_wconf 87' lang='lat' dir='ltr'><strong>inisse</strong></span> <span class='ocrx_word' id='word_1_17' title='bbox 539 679 689 738; x_wconf 82' lang='lat' dir='ltr'><strong>matrem:</strong></span> <span class='ocrx_word' id='word_1_18' title='bbox 713 673 797 754; x_wconf 90' lang='lat' dir='ltr'><strong>quod</strong></span> <span class='ocrx_word' id='word_1_19' title='bbox 819 679 851 738; x_wconf 87' lang='lat' dir='ltr'><strong>et</strong></span> <span class='ocrx_word' id='word_1_20' title='bbox 873 651 984 738; x_wconf 82' lang='lat' dir='ltr'><strong>uerum</strong></span> <span class='ocrx_word' id='word_1_21' title='bbox 1007 679 1064 738; x_wconf 88' lang='lat' dir='ltr'><strong>est.</strong></span> <span class='ocrx_word' id='word_1_22' title='bbox 1114 675 1140 734; x_wconf 92' lang='lat' dir='ltr'><strong>l.</strong></span> <span class='ocrx_word' id='word_1_23' title='bbox 1168 669 1230 749; x_wconf 84' lang='lat' dir='ltr'><strong>Qui</strong></span> 
     </span>
     <span class='ocr_line' id='line_1_4' title="bbox 111 789 1231 874; baseline -0.004 -18"><span class='ocrx_word' id='word_1_24' title='bbox 111 795 260 874; x_wconf 86' lang='lat' dir='ltr'><strong>ingennus</strong></span> <span class='ocrx_word' id='word_1_25' title='bbox 283 800 332 858; x_wconf 89' lang='lat' dir='ltr'><strong>est</strong></span> <span class='ocrx_word' id='word_1_26' title='bbox 357 800 468 868; x_wconf 87' lang='lat' dir='ltr'><strong>natus,</strong></span> <span class='ocrx_word' id='word_1_27' title='bbox 496 792 570 859; x_wconf 85' lang='lat' dir='ltr'><strong>licet</strong></span> <span class='ocrx_word' id='word_1_28' title='bbox 599 810 675 858; x_wconf 89' lang='lat' dir='ltr'><strong>snae</strong></span> <span class='ocrx_word' id='word_1_29' title='bbox 706 793 896 858; x_wconf 87' lang='lat' dir='ltr'><strong>condicionis</strong></span> <span class='ocrx_word' id='word_1_30' title='bbox 925 791 1054 874; x_wconf 85' lang='lat' dir='ltr'><strong>ignarus</strong></span> <span class='ocrx_word' id='word_1_31' title='bbox 1084 789 1231 856; x_wconf 88' lang='lat' dir='ltr'><strong>seruierit</strong></span> 
     </span>
     <span class='ocr_line' id='line_1_5' title="bbox 110 910 1228 992; baseline -0.002 -16"><span class='ocrx_word' id='word_1_32' title='bbox 110 930 143 977; x_wconf 89' lang='lat' dir='ltr'><strong>ac</strong></span> <span class='ocrx_word' id='word_1_33' title='bbox 167 919 279 992; x_wconf 83' lang='lat' dir='ltr'><strong>pastea</strong></span> <span class='ocrx_word' id='word_1_34' title='bbox 301 911 395 977; x_wconf 85' lang='lat' dir='ltr'><strong>inerit</strong></span> <span class='ocrx_word' id='word_1_35' title='bbox 415 913 634 990; x_wconf 70' lang='lat' dir='ltr'><strong>manumissus</strong></span> <span class='ocrx_word' id='word_1_36' title='bbox 657 910 777 976; x_wconf 91' lang='lat' dir='ltr'><strong>nulium</strong></span> <span class='ocrx_word' id='word_1_37' title='bbox 794 931 831 976; x_wconf 85' lang='lat' dir='ltr'><strong>ex</strong></span> <span class='ocrx_word' id='word_1_38' title='bbox 848 910 1091 978; x_wconf 82' lang='lat' dir='ltr'><strong>manumissione</strong></span> <span class='ocrx_word' id='word_1_39' title='bbox 1113 911 1228 975; x_wconf 88' lang='lat' dir='ltr'><strong>incom-</strong></span> 
     </span>
     <span class='ocr_line' id='line_1_6' title="bbox 109 1027 1282 1113; baseline -0.001 -19"><span class='ocrx_word' id='word_1_40' title='bbox 109 1031 230 1095; x_wconf 87' lang='lat' dir='ltr'><strong>modum</strong></span> <span class='ocrx_word' id='word_1_41' title='bbox 260 1033 383 1097; x_wconf 77' lang='lat' dir='ltr'><strong>sentiet</strong></span> <span class='ocrx_word' id='word_1_42' title='bbox 429 1032 461 1096; x_wconf 88' lang='lat' dir='ltr'><strong>id</strong></span> <span class='ocrx_word' id='word_1_43' title='bbox 483 1032 565 1096; x_wconf 91' lang='lat' dir='ltr'><strong>enim</strong></span> <span class='ocrx_word' id='word_1_44' title='bbox 596 1031 721 1113; x_wconf 85' lang='lat' dir='ltr'><strong>saepius</strong></span> <span class='ocrx_word' id='word_1_45' title='bbox 750 1029 975 1111; x_wconf 85' lang='lat' dir='ltr'><strong>principalibus</strong></span> <span class='ocrx_word' id='word_1_46' title='bbox 1003 1029 1231 1096; x_wconf 88' lang='lat' dir='ltr'><strong>constitutioni·</strong></span> <span class='ocrx_word' id='word_1_47' title='bbox 1265 1027 1282 1076; x_wconf 79' lang='lat'><strong>5</strong></span> 
     </span>
     <span class='ocr_line' id='line_1_7' title="bbox 110 1147 1230 1234; baseline 0.001 -21"><span class='ocrx_word' id='word_1_48' title='bbox 110 1151 163 1214; x_wconf 90' lang='lat' dir='ltr'><strong>bus</strong></span> <span class='ocrx_word' id='word_1_49' title='bbox 184 1158 315 1216; x_wconf 84' lang='lat' dir='ltr'><strong>cantum</strong></span> <span class='ocrx_word' id='word_1_50' title='bbox 338 1159 396 1229; x_wconf 86' lang='lat' dir='ltr'><strong>est,</strong></span> <span class='ocrx_word' id='word_1_51' title='bbox 419 1152 607 1234; x_wconf 80' lang='lat' dir='ltr'>ingenuitati</span> <span class='ocrx_word' id='word_1_52' title='bbox 630 1152 749 1218; x_wconf 84' lang='lat' dir='ltr'><strong>scilicet</strong></span> <span class='ocrx_word' id='word_1_53' title='bbox 776 1150 1050 1217; x_wconf 82' lang='lat' dir='ltr'><strong>manumissionem</strong></span> <span class='ocrx_word' id='word_1_54' title='bbox 1081 1169 1141 1214; x_wconf 90' lang='lat' dir='ltr'><strong>nnn</strong></span> <span class='ocrx_word' id='word_1_55' title='bbox 1164 1147 1230 1215; x_wconf 86' lang='lat' dir='ltr'><strong>nifi-</strong></span> 
     </span>
     <span class='ocr_line' id='line_1_8' title="bbox 109 1269 1231 1351; baseline -0.001 -18"><span class='ocrx_word' id='word_1_56' title='bbox 109 1287 183 1348; x_wconf 79' lang='lat' dir='ltr'><strong>care,</strong></span> <span class='ocrx_word' id='word_1_57' title='bbox 206 1287 290 1349; x_wconf 84' lang='lat' dir='ltr'><strong>quae</strong></span> <span class='ocrx_word' id='word_1_58' title='bbox 313 1289 508 1351; x_wconf 79' lang='lat' dir='ltr'><strong>superuacuo</strong></span> <span class='ocrx_word' id='word_1_59' title='bbox 529 1270 614 1336; x_wconf 87' lang='lat' dir='ltr'><strong>iacta</strong></span> <span class='ocrx_word' id='word_1_60' title='bbox 636 1272 686 1336; x_wconf 88' lang='lat' dir='ltr'><strong>eit.</strong></span> <span class='ocrx_word' id='word_1_61' title='bbox 733 1277 765 1336; x_wconf 90' lang='lat' dir='ltr'><strong>et</strong></span> <span class='ocrx_word' id='word_1_62' title='bbox 786 1270 941 1350; x_wconf 85' lang='lat' dir='ltr'><strong>quomado</strong></span> <span class='ocrx_word' id='word_1_63' title='bbox 963 1269 1116 1349; x_wconf 82' lang='lat' dir='ltr'><strong>contingit</strong></span> <span class='ocrx_word' id='word_1_64' title='bbox 1137 1276 1174 1334; x_wconf 89' lang='lat' dir='ltr'><strong>ut</strong></span> <span class='ocrx_word' id='word_1_65' title='bbox 1196 1269 1231 1332; x_wconf 90' lang='lat' dir='ltr'><strong>ii·</strong></span> 
     </span>
     <span class='ocr_line' id='line_1_9' title="bbox 109 1387 1231 1472; baseline -0.002 -18"><span class='ocrx_word' id='word_1_66' title='bbox 109 1390 160 1454; x_wconf 86' lang='lat' dir='ltr'><strong>ber</strong></span> <span class='ocrx_word' id='word_1_67' title='bbox 181 1390 275 1455; x_wconf 90' lang='lat' dir='ltr'><strong>homo</strong></span> <span class='ocrx_word' id='word_1_68' title='bbox 299 1391 561 1456; x_wconf 81' lang='lat' dir='ltr'><strong>manumittatur?</strong></span> <span class='ocrx_word' id='word_1_69' title='bbox 584 1391 724 1472; x_wconf 79' lang='lat' dir='ltr'><strong>example</strong></span> <span class='ocrx_word' id='word_1_70' title='bbox 746 1409 814 1455; x_wconf 88' lang='lat' dir='ltr'><strong>rem</strong></span> <span class='ocrx_word' id='word_1_71' title='bbox 836 1389 1039 1455; x_wconf 87' lang='lat' dir='ltr'><strong>illustremus.</strong></span> <span class='ocrx_word' id='word_1_72' title='bbox 1078 1387 1231 1454; x_wconf 87' lang='lat' dir='ltr'><strong>habebam</strong></span> 
     </span>
     <span class='ocr_line' id='line_1_10' title="bbox 108 1507 1232 1592; baseline 0 -20"><span class='ocrx_word' id='word_1_73' title='bbox 108 1507 236 1574; x_wconf 88' lang='lat' dir='ltr'><strong>liberam</strong></span> <span class='ocrx_word' id='word_1_74' title='bbox 259 1510 416 1592; x_wconf 89' lang='lat' dir='ltr'><strong>quandam</strong></span> <span class='ocrx_word' id='word_1_75' title='bbox 438 1509 600 1575; x_wconf 89' lang='lat' dir='ltr'><strong>mulierem</strong></span> <span class='ocrx_word' id='word_1_76' title='bbox 623 1527 704 1592; x_wconf 86' lang='lat' dir='ltr'><strong>qnae</strong></span> <span class='ocrx_word' id='word_1_77' title='bbox 726 1510 925 1575; x_wconf 85' lang='lat' dir='ltr'><strong>ministrabat</strong></span> <span class='ocrx_word' id='word_1_78' title='bbox 947 1508 1031 1573; x_wconf 89' lang='lat' dir='ltr'><strong>mihi.</strong></span> <span class='ocrx_word' id='word_1_79' title='bbox 1066 1525 1232 1590; x_wconf 87' lang='lat' dir='ltr'><strong>quaecum</strong></span> 
     </span>
     <span class='ocr_line' id='line_1_11' title="bbox 109 1627 1283 1710; baseline 0 -18"><span class='ocrx_word' id='word_1_80' title='bbox 109 1629 287 1710; x_wconf 82' lang='lat' dir='ltr'><strong>peperisset,</strong></span> <span class='ocrx_word' id='word_1_81' title='bbox 311 1628 500 1704; x_wconf 83' lang='lat' dir='ltr'><strong>anniculum,</strong></span> <span class='ocrx_word' id='word_1_82' title='bbox 524 1629 613 1695; x_wconf 87' lang='lat' dir='ltr'><strong>uerbi</strong></span> <span class='ocrx_word' id='word_1_83' title='bbox 635 1630 747 1710; x_wconf 83' lang='lat' dir='ltr'><strong>gratia,</strong></span> <span class='ocrx_word' id='word_1_84' title='bbox 770 1647 903 1710; x_wconf 87' lang='lat' dir='ltr'><strong>puerum</strong></span> <span class='ocrx_word' id='word_1_85' title='bbox 926 1627 1104 1710; x_wconf 88' lang='lat' dir='ltr'><strong>relinquens</strong></span> <span class='ocrx_word' id='word_1_86' title='bbox 1127 1627 1232 1693; x_wconf 87' lang='lat' dir='ltr'><strong>deces-</strong></span> <span class='ocrx_word' id='word_1_87' title='bbox 1252 1627 1283 1678; x_wconf 90' lang='lat'><strong>¹⁰</strong></span> 
     </span>
     <span class='ocr_line' id='line_1_12' title="bbox 110 1745 1232 1831; baseline 0 -23"><span class='ocrx_word' id='word_1_88' title='bbox 110 1745 156 1810; x_wconf 90' lang='lat' dir='ltr'><strong>sit.</strong></span> <span class='ocrx_word' id='word_1_89' title='bbox 199 1745 307 1827; x_wconf 88' lang='lat' dir='ltr'><strong>paullo</strong></span> <span class='ocrx_word' id='word_1_90' title='bbox 330 1753 402 1828; x_wconf 87' lang='lat' dir='ltr'><strong>pest</strong></span> <span class='ocrx_word' id='word_1_91' title='bbox 423 1767 481 1829; x_wconf 85' lang='lat' dir='ltr'><strong>ego</strong></span> <span class='ocrx_word' id='word_1_92' title='bbox 504 1766 628 1831; x_wconf 87' lang='lat' dir='ltr'><strong>qunque</strong></span> <span class='ocrx_word' id='word_1_93' title='bbox 650 1749 780 1814; x_wconf 84' lang='lat' dir='ltr'><strong>decessi.</strong></span> <span class='ocrx_word' id='word_1_94' title='bbox 815 1749 907 1815; x_wconf 87' lang='lat' dir='ltr'><strong>heres</strong></span> <span class='ocrx_word' id='word_1_95' title='bbox 929 1755 1034 1813; x_wconf 90' lang='lat' dir='ltr'><strong>autem</strong></span> <span class='ocrx_word' id='word_1_96' title='bbox 1057 1764 1232 1813; x_wconf 78' lang='lat' dir='ltr'><strong>mensuum</strong></span> 
     </span>
     <span class='ocr_line' id='line_1_13' title="bbox 109 1863 1232 1951; baseline 0.004 -25"><span class='ocrx_word' id='word_1_97' title='bbox 109 1864 138 1928; x_wconf 94' lang='lat' dir='ltr'><strong>in</strong></span> <span class='ocrx_word' id='word_1_98' title='bbox 158 1863 337 1930; x_wconf 83' lang='lat' dir='ltr'><strong>hereditate</strong></span> <span class='ocrx_word' id='word_1_99' title='bbox 364 1883 495 1946; x_wconf 86' lang='lat' dir='ltr'><strong>puerum</strong></span> <span class='ocrx_word' id='word_1_100' title='bbox 525 1867 715 1947; x_wconf 83' lang='lat' dir='ltr'><strong>inuenisset,</strong></span> <span class='ocrx_word' id='word_1_101' title='bbox 744 1869 870 1951; x_wconf 87' lang='lat' dir='ltr'><strong>putauit</strong></span> <span class='ocrx_word' id='word_1_102' title='bbox 899 1887 970 1934; x_wconf 85' lang='lat' dir='ltr'><strong>eum</strong></span> <span class='ocrx_word' id='word_1_103' title='bbox 998 1885 1126 1934; x_wconf 88' lang='lat' dir='ltr'><strong>seruum</strong></span> <span class='ocrx_word' id='word_1_104' title='bbox 1154 1883 1232 1938; x_wconf 87' lang='lat' dir='ltr'><strong>esse,</strong></span> 
     </span>
     <span class='ocr_line' id='line_1_14' title="bbox 112 1983 1231 2065; baseline 0.001 -20"><span class='ocrx_word' id='word_1_105' title='bbox 112 1987 140 2046; x_wconf 88' lang='lat' dir='ltr'><strong>et</strong></span> <span class='ocrx_word' id='word_1_106' title='bbox 164 1983 232 2064; x_wconf 87' lang='lat' dir='ltr'><strong>ipse</strong></span> <span class='ocrx_word' id='word_1_107' title='bbox 261 2000 342 2064; x_wconf 88' lang='lat' dir='ltr'><strong>puer</strong></span> <span class='ocrx_word' id='word_1_108' title='bbox 371 2001 442 2048; x_wconf 85' lang='lat' dir='ltr'><strong>enm</strong></span> <span class='ocrx_word' id='word_1_109' title='bbox 471 1984 674 2060; x_wconf 75' lang='lat' dir='ltr'><strong>admouisset,</strong></span> <span class='ocrx_word' id='word_1_110' title='bbox 702 2003 791 2050; x_wconf 88' lang='lat' dir='ltr'><strong>suam</strong></span> <span class='ocrx_word' id='word_1_111' title='bbox 818 1985 1029 2051; x_wconf 83' lang='lat' dir='ltr'><strong>condicionem</strong></span> <span class='ocrx_word' id='word_1_112' title='bbox 1057 1984 1231 2065; x_wconf 81' lang='lat' dir='ltr'><strong>ignorabat.</strong></span> 
     </span>
     <span class='ocr_line' id='line_1_15' title="bbox 112 2101 1233 2186; baseline 0.002 -20"><span class='ocrx_word' id='word_1_113' title='bbox 112 2102 251 2179; x_wconf 87' lang='lat' dir='ltr'><strong>setius,</strong></span> <span class='ocrx_word' id='word_1_114' title='bbox 285 2101 335 2166; x_wconf 87' lang='lat' dir='ltr'><strong>cui</strong></span> <span class='ocrx_word' id='word_1_115' title='bbox 361 2103 479 2167; x_wconf 84' lang='lat' dir='ltr'><strong>ueritas</strong></span> <span class='ocrx_word' id='word_1_116' title='bbox 508 2108 583 2167; x_wconf 92' lang='lat' dir='ltr'><strong>nota</strong></span> <span class='ocrx_word' id='word_1_117' title='bbox 615 2111 678 2181; x_wconf 83' lang='lat' dir='ltr'><strong>est,</strong></span> <span class='ocrx_word' id='word_1_118' title='bbox 712 2108 841 2185; x_wconf 85' lang='lat' dir='ltr'><strong>prepter</strong></span> <span class='ocrx_word' id='word_1_119' title='bbox 866 2102 991 2169; x_wconf 88' lang='lat' dir='ltr'><strong>heredis</strong></span> <span class='ocrx_word' id='word_1_120' title='bbox 1024 2102 1233 2186; x_wconf 81' lang='lat' dir='ltr'><strong>ignorantiam</strong></span> 
     </span>
     <span class='ocr_line' id='line_1_16' title="bbox 112 2219 1284 2304; baseline 0.004 -19"><span class='ocrx_word' id='word_1_121' title='bbox 112 2227 140 2285; x_wconf 86' lang='lat' dir='ltr'><strong>st</strong></span> <span class='ocrx_word' id='word_1_122' title='bbox 170 2219 271 2302; x_wconf 90' lang='lat' dir='ltr'><strong>ipsius</strong></span> <span class='ocrx_word' id='word_1_123' title='bbox 305 2221 394 2303; x_wconf 87' lang='lat' dir='ltr'><strong>pueri</strong></span> <span class='ocrx_word' id='word_1_124' title='bbox 433 2240 571 2288; x_wconf 88' lang='lat' dir='ltr'><strong>errorem</strong></span> <span class='ocrx_word' id='word_1_125' title='bbox 612 2221 680 2288; x_wconf 87' lang='lat' dir='ltr'><strong>eius</strong></span> <span class='ocrx_word' id='word_1_126' title='bbox 723 2221 949 2304; x_wconf 82' lang='lat' dir='ltr'><strong>ingenuitatem</strong></span> <span class='ocrx_word' id='word_1_127' title='bbox 988 2241 1050 2288; x_wconf 92' lang='lat' dir='ltr'><strong>non</strong></span> <span class='ocrx_word' id='word_1_128' title='bbox 1090 2223 1232 2302; x_wconf 89' lang='lat' dir='ltr'><strong>mutauit,</strong></span> <span class='ocrx_word' id='word_1_129' title='bbox 1254 2237 1284 2290; x_wconf 79' lang='grc' dir='ltr'><strong>ιι</strong></span> 
     </span>
     <span class='ocr_line' id='line_1_17' title="bbox 112 2339 1234 2410; baseline 0.005 -8"><span class='ocrx_word' id='word_1_130' title='bbox 112 2339 180 2405; x_wconf 85' lang='lat' dir='ltr'><strong>licet</strong></span> <span class='ocrx_word' id='word_1_131' title='bbox 201 2340 295 2405; x_wconf 89' lang='lat' dir='ltr'><strong>heres</strong></span> <span class='ocrx_word' id='word_1_132' title='bbox 317 2357 404 2405; x_wconf 87' lang='lat' dir='ltr'><strong>meus</strong></span> <span class='ocrx_word' id='word_1_133' title='bbox 427 2341 638 2407; x_wconf 89' lang='lat' dir='ltr'><strong>beniuolentia</strong></span> <span class='ocrx_word' id='word_1_134' title='bbox 660 2349 764 2409; x_wconf 84' lang='lat' dir='ltr'><strong>motus</strong></span> <span class='ocrx_word' id='word_1_135' title='bbox 786 2361 856 2409; x_wconf 87' lang='lat' dir='ltr'><strong>eum</strong></span> <span class='ocrx_word' id='word_1_136' title='bbox 885 2344 1114 2410; x_wconf 87' lang='lat' dir='ltr'><strong>manumiserit:</strong></span> <span class='ocrx_word' id='word_1_137' title='bbox 1141 2343 1234 2409; x_wconf 86' lang='lat' dir='ltr'><strong>liber·</strong></span> 
     </span>
     <span class='ocr_line' id='line_1_18' title="bbox 112 2457 1234 2547; baseline 0.005 -25"><span class='ocrx_word' id='word_1_138' title='bbox 112 2463 157 2522; x_wconf 88' lang='lat' dir='ltr'><strong>tas</strong></span> <span class='ocrx_word' id='word_1_139' title='bbox 172 2457 256 2523; x_wconf 89' lang='lat' dir='ltr'><strong>enim</strong></span> <span class='ocrx_word' id='word_1_140' title='bbox 272 2473 469 2541; x_wconf 86' lang='lat' dir='ltr'><strong>superuacuo</strong></span> <span class='ocrx_word' id='word_1_141' title='bbox 485 2461 570 2539; x_wconf 84' lang='lat' dir='ltr'><strong>data,</strong></span> <span class='ocrx_word' id='word_1_142' title='bbox 593 2463 639 2527; x_wconf 88' lang='lat' dir='ltr'><strong>uti</strong></span> <span class='ocrx_word' id='word_1_143' title='bbox 663 2462 781 2528; x_wconf 83' lang='lat' dir='ltr'><strong>dictum</strong></span> <span class='ocrx_word' id='word_1_144' title='bbox 805 2471 862 2539; x_wconf 69' lang='lat' dir='ltr'><strong>est,</strong></span> <span class='ocrx_word' id='word_1_145' title='bbox 884 2471 1012 2547; x_wconf 87' lang='lat' dir='ltr'><strong>prepter</strong></span> <span class='ocrx_word' id='word_1_146' title='bbox 1034 2463 1145 2530; x_wconf 78' lang='lat' dir='ltr'><strong>falsam</strong></span> <span class='ocrx_word' id='word_1_147' title='bbox 1168 2483 1234 2532; x_wconf 86' lang='lat' dir='ltr'><strong>ser-</strong></span> 
     </span>
     <span class='ocr_line' id='line_1_19' title="bbox 114 2579 1055 2663; baseline 0.003 -20"><span class='ocrx_word' id='word_1_148' title='bbox 114 2579 219 2646; x_wconf 88' lang='lat' dir='ltr'><strong>nitntis</strong></span> <span class='ocrx_word' id='word_1_149' title='bbox 242 2580 430 2663; x_wconf 86' lang='lat' dir='ltr'><strong>opinionem,</strong></span> <span class='ocrx_word' id='word_1_150' title='bbox 451 2581 653 2662; x_wconf 85' lang='lat' dir='ltr'><strong>ingenuitatis</strong></span> <span class='ocrx_word' id='word_1_151' title='bbox 676 2585 842 2651; x_wconf 80' lang='lat' dir='ltr'><strong>nentatem</strong></span> <span class='ocrx_word' id='word_1_152' title='bbox 864 2603 925 2650; x_wconf 90' lang='lat' dir='ltr'><strong>non</strong></span> <span class='ocrx_word' id='word_1_153' title='bbox 948 2582 1055 2650; x_wconf 89' lang='lat' dir='ltr'><strong>laedit.</strong></span> 
     </span>
    </p>
   </div>
   <div class='ocr_carea' id='block_1_3' title="bbox 443 3188 898 3258">
    <p class='ocr_par' dir='ltr' id='par_1_4' title="bbox 443 3188 898 3258">
     <span class='ocr_line' id='line_1_20' title="bbox 443 3188 898 3258; baseline 0.009 -6"><span class='ocrx_word' id='word_1_154' title='bbox 443 3189 489 3254; x_wconf 89' lang='lat' dir='ltr'><strong>De</strong></span> <span class='ocrx_word' id='word_1_155' title='bbox 510 3188 676 3255; x_wconf 84' lang='lat' dir='ltr'><strong>libertinis.</strong></span> <span class='ocrx_word' id='word_1_156' title='bbox 720 3191 844 3258; x_wconf 87' lang='lat' dir='ltr'><strong>Titulus</strong></span> <span class='ocrx_word' id='word_1_157' title='bbox 869 3192 898 3258; x_wconf 87' lang='lat'><strong>5.</strong></span> 
     </span>
    </p>
   </div>
   <div class='ocr_carea' id='block_1_4' title="bbox 112 3337 1285 3670">
    <p class='ocr_par' dir='ltr' id='par_1_5' title="bbox 112 3337 1285 3670">
     <span class='ocr_line' id='line_1_21' title="bbox 194 3337 1285 3428; baseline 0.01 -26"><span class='ocrx_word' id='word_1_158' title='bbox 194 3337 337 3405; x_wconf 76' lang='lat' dir='ltr'><strong>Diximus</strong></span> <span class='ocrx_word' id='word_1_159' title='bbox 359 3340 485 3420; x_wconf 91' lang='lat' dir='ltr'><strong>quinam</strong></span> <span class='ocrx_word' id='word_1_160' title='bbox 515 3342 578 3407; x_wconf 90' lang='lat' dir='ltr'><strong>sint</strong></span> <span class='ocrx_word' id='word_1_161' title='bbox 609 3344 753 3428; x_wconf 81' lang='lat' dir='ltr'><strong>ingenui3</strong></span> <span class='ocrx_word' id='word_1_162' title='bbox 781 3345 842 3411; x_wconf 91' lang='lat' dir='ltr'><strong>iam</strong></span> <span class='ocrx_word' id='word_1_163' title='bbox 873 3352 922 3410; x_wconf 90' lang='lat' dir='ltr'><strong>est</strong></span> <span class='ocrx_word' id='word_1_164' title='bbox 950 3351 986 3410; x_wconf 90' lang='lat' dir='ltr'><strong>ut</strong></span> <span class='ocrx_word' id='word_1_165' title='bbox 1013 3345 1052 3410; x_wconf 86' lang='lat' dir='ltr'><strong>de</strong></span> <span class='ocrx_word' id='word_1_166' title='bbox 1079 3345 1234 3413; x_wconf 88' lang='lat' dir='ltr'><strong>libertinis</strong></span> <span class='ocrx_word' id='word_1_167' title='bbox 1250 3353 1285 3406; x_wconf 73' lang='lat'><strong>2⁰</strong></span> 
     </span>
     <span class='ocr_line' id='line_1_22' title="bbox 112 3454 1234 3543; baseline 0.016 -25"><span class='ocrx_word' id='word_1_168' title='bbox 112 3454 322 3538; x_wconf 83' lang='lat' dir='ltr'><strong>dispiciamus.</strong></span> <span class='ocrx_word' id='word_1_169' title='bbox 367 3458 531 3526; x_wconf 87' lang='lat' dir='ltr'><strong>libertinus</strong></span> <span class='ocrx_word' id='word_1_170' title='bbox 553 3461 680 3543; x_wconf 86' lang='lat' dir='ltr'><strong>estqui</strong></span> <span class='ocrx_word' id='word_1_171' title='bbox 702 3483 740 3529; x_wconf 84' lang='lat' dir='ltr'><strong>ex</strong></span> <span class='ocrx_word' id='word_1_172' title='bbox 767 3465 852 3530; x_wconf 85' lang='lat' dir='ltr'><strong>iusta</strong></span> <span class='ocrx_word' id='word_1_173' title='bbox 881 3467 1038 3532; x_wconf 86' lang='lat' dir='ltr'><strong>seruitute</strong></span> <span class='ocrx_word' id='word_1_174' title='bbox 1067 3472 1234 3536; x_wconf 89' lang='lat' dir='ltr'><strong>manumis-</strong></span> 
     </span>
     <span class='ocr_line' id='line_1_23' title="bbox 112 3557 1235 3670; baseline 0.014 -32"><span class='ocrx_word' id='word_1_175' title='bbox 112 3591 162 3640; x_wconf 86' lang='lat' dir='ltr'><strong>sus</strong></span> <span class='ocrx_word' id='word_1_176' title='bbox 190 3582 251 3642; x_wconf 86' lang='lat' dir='ltr'><strong>est.</strong></span> <span class='ocrx_word' id='word_1_177' title='bbox 302 3578 384 3644; x_wconf 89' lang='lat' dir='ltr'><strong>adde</strong></span> <span class='ocrx_word' id='word_1_178' title='bbox 412 3585 445 3646; x_wconf 93' lang='lat' dir='ltr'><strong>et</strong></span> <span class='ocrx_word' id='word_1_179' title='bbox 477 3557 668 3662; x_wconf 76' lang='lat' dir='ltr'><strong>»legitima«.</strong></span> <span class='ocrx_word' id='word_1_180' title='bbox 719 3593 768 3651; x_wconf 87' lang='lat' dir='ltr'><strong>est</strong></span> <span class='ocrx_word' id='word_1_181' title='bbox 794 3587 893 3668; x_wconf 79' lang='lat' dir='ltr'><strong>igitur</strong></span> <span class='ocrx_word' id='word_1_182' title='bbox 918 3587 1085 3656; x_wconf 87' lang='lat' dir='ltr'><strong>libertinus</strong></span> <span class='ocrx_word' id='word_1_183' title='bbox 1112 3590 1167 3670; x_wconf 87' lang='lat' dir='ltr'><strong>qni</strong></span> <span class='ocrx_word' id='word_1_184' title='bbox 1196 3609 1235 3655; x_wconf 81' lang='lat' dir='ltr'><strong>ex</strong></span> 
     </span>
    </p>
   </div>
   <div class='ocr_carea' id='block_1_5' title="bbox 112 3692 1235 3908">
    <p class='ocr_par' dir='ltr' id='par_1_6' title="bbox 112 3692 1235 3908">
     <span class='ocr_line' id='line_1_24' title="bbox 112 3692 1235 3779; baseline 0.018 -23"><span class='ocrx_word' id='word_1_185' title='bbox 112 3692 193 3760; x_wconf 89' lang='lat' dir='ltr'><strong>insta</strong></span> <span class='ocrx_word' id='word_1_186' title='bbox 214 3694 416 3779; x_wconf 81' lang='lat' dir='ltr'><strong>legitimaque</strong></span> <span class='ocrx_word' id='word_1_187' title='bbox 439 3701 593 3767; x_wconf 85' lang='lat' dir='ltr'><strong>seruitute</strong></span> <span class='ocrx_word' id='word_1_188' title='bbox 614 3709 662 3770; x_wconf 91' lang='lat' dir='ltr'><strong>est</strong></span> <span class='ocrx_word' id='word_1_189' title='bbox 684 3707 902 3772; x_wconf 85' lang='lat' dir='ltr'><strong>manumissus.</strong></span> <span class='ocrx_word' id='word_1_190' title='bbox 946 3708 1088 3775; x_wconf 90' lang='lat' dir='ltr'><strong>additum</strong></span> <span class='ocrx_word' id='word_1_191' title='bbox 1111 3715 1161 3776; x_wconf 91' lang='lat' dir='ltr'><strong>est</strong></span> <span class='ocrx_word' id='word_1_192' title='bbox 1182 3712 1235 3775; x_wconf 89' lang='lat' dir='ltr'><strong>de·</strong></span> 
     </span>
     <span class='ocr_line' id='line_1_25' title="bbox 112 3809 1235 3908; baseline 0.017 -33"><span class='ocrx_word' id='word_1_193' title='bbox 112 3809 243 3879; x_wconf 85' lang='lat' dir='ltr'><strong>finitioni</strong></span> <span class='ocrx_word' id='word_1_194' title='bbox 270 3815 389 3880; x_wconf 72' lang='lat' dir='ltr'><strong>»iusta«</strong></span> <span class='ocrx_word' id='word_1_195' title='bbox 414 3823 449 3882; x_wconf 91' lang='lat' dir='ltr'><strong>nt</strong></span> <span class='ocrx_word' id='word_1_196' title='bbox 476 3837 547 3885; x_wconf 89' lang='lat' dir='ltr'><strong>eum</strong></span> <span class='ocrx_word' id='word_1_197' title='bbox 577 3821 709 3888; x_wconf 87' lang='lat' dir='ltr'><strong>eximam</strong></span> <span class='ocrx_word' id='word_1_198' title='bbox 737 3825 791 3904; x_wconf 90' lang='lat' dir='ltr'><strong>qui</strong></span> <span class='ocrx_word' id='word_1_199' title='bbox 817 3824 995 3908; x_wconf 82' lang='lat' dir='ltr'><strong>ignorantia</strong></span> <span class='ocrx_word' id='word_1_200' title='bbox 1025 3846 1103 3896; x_wconf 89' lang='lat' dir='ltr'><strong>snae</strong></span> <span class='ocrx_word' id='word_1_201' title='bbox 1129 3829 1235 3895; x_wconf 89' lang='lat' dir='ltr'><strong>nondi-</strong></span> 
     </span>
    </p>
   </div>
   <div class='ocr_carea' id='block_1_6' title="bbox 0 0 1484 4704">
    <p class='ocr_par' dir='ltr' id='par_1_7' title="bbox 0 0 1484 4704">
     <span class='ocr_line' id='line_1_26' title="bbox 0 0 1484 4704; baseline 0 0"><span class='ocrx_word' id='word_1_202' title='bbox 0 0 1484 4704; x_wconf 95' lang='lat' dir='ltr'><strong> </strong></span> 
     </span>
    </p>
   </div>
  </div>
 </body>
</html>
