2920 4750
531 330 772 392 -479—

98 502 281 585 possideam,
306 510 361 567 aut
384 503 465 567 olam
489 505 530 566 ab
547 503 610 567 alio
628 503 817 587 abripuerim
838 511 893 567 aut
909 503 1052 586 precario
1069 504 1205 585 aliquem

97 627 322 710 possessionem
346 627 535 710 rogauerim,
560 628 637 692 nihil
661 634 765 692 autem
789 627 943 692 eiusmodi
966 627 998 691 in
1021 633 1053 693 te
1069 628 1209 709 fecerim,

52 751 125 814 rbiu
163 751 319 816 interdicti
358 771 456 816 eausa
494 771 554 834 ego
593 757 624 816 te
664 752 795 816 niueam.
847 754 902 818 lb.
925 753 1095 817 Interdioto
1133 772 1210 817 uero

98 875 240 940 ‘utrubi’
266 875 293 940 is
316 876 422 958 uinoit,
447 877 501 956 qui
524 877 675 940 maiorem
698 883 820 960 partem
844 877 927 958 anni,
951 878 1004 960 qui
1027 883 1112 942 retro
1128 897 1211 942 oom-

95 999 227 1082 putatur,
252 1001 407 1083 possedit:
432 1006 466 1065 ut
489 1019 562 1065 eooe
586 1001 715 1084 possedi
731 1021 791 1084 ego
807 1021 932 1066 menses
955 1001 1023 1082 Vll,
1047 1009 1081 1066 tn
1105 1009 1210 1067 autem
1247 1015 1262 1066 5

96 1145 216 1190 menses
239 1129 267 1187 V
289 1133 479 1209 postremos:
504 1146 565 1208 ego
590 1127 721 1190 uincam.
768 1133 867 1191 restat
889 1127 992 1210 igitur,
1020 1133 1063 1207 ut,
1087 1148 1211 1210 posses-

95 1239 181 1314 sione
205 1251 280 1313 mihi
302 1251 462 1330 restituta,
492 1259 525 1314 tu
549 1258 637 1315 autor
660 1251 716 1316 fias
742 1259 773 1315 et
795 1251 1034 1334 probationibus
1063 1253 1211 1316 onereris.

49 1381 143 1440 tudo.
168 1375 255 1440 Haeo
290 1395 365 1440 uero
395 1376 468 1440 olim
505 1376 703 1458 optinebant;
738 1376 832 1440 hodie
866 1382 970 1440 autem
1006 1377 1097 1440 aliter
1132 1377 1210 1442 haeo

94 1502 309 1582 obseruantur,
334 1521 404 1565 oum
427 1501 515 1564 nulla
538 1501 716 1566 differentia
739 1502 770 1564 in
789 1502 1000 1585 possessionis
1024 1503 1209 1583 quaestione

94 1626 172 1689 inter
207 1633 371 1706 utrumque
407 1625 604 1690 interdictum
639 1627 798 1690 manserit.
844 1627 871 1690 is
896 1626 978 1689 enim
1001 1626 1112 1706 uinoit,
1142 1627 1209 1690 siue
1230 1637 1270 1688 10·

92 1751 216 1814 mobilis
240 1751 307 1814 siue
331 1750 500 1814 immobilis
523 1770 574 1814 res
599 1751 649 1829 sit,
675 1751 728 1832 qui
751 1770 809 1815 neo
832 1752 864 1814 ui
888 1771 945 1814 neo
963 1751 1043 1815 olaru
1059 1771 1117 1815 neo
1141 1771 1209 1834 pre-

93 1876 177 1939 cario
211 1877 251 1938 ab
287 1875 470 1940 aduersario
506 1875 649 1960 possidet
681 1895 750 1938 oum
781 1875 819 1939 lis
853 1882 1054 1939 contestatur.
1102 1876 1209 1956 itaque

91 1999 226 2082 amplius
243 2019 304 2063 non
321 2001 499 2080 quaerimus
516 2001 584 2080 quis
601 2000 786 2082 possederit,
804 2019 873 2063 oum
890 1999 1087 2064 interdictum
1104 1999 1209 2063 datum

92 2133 153 2205 est,
195 2130 249 2187 aut
281 2125 350 2205 quis
388 2125 540 2189 maiorem
577 2131 700 2208 partem
740 2125 814 2188 anni
852 2124 987 2207 proximi
1024 2123 1209 2207 possederit.

60 2251 120 2312 ab.
143 2247 347 2312 Possidemus
371 2255 476 2312 autem
498 2269 563 2312 non
586 2249 686 2312 solum
711 2268 767 2332 per
790 2257 913 2313 nosmet
940 2249 1041 2331 ipsos,
1071 2255 1125 2313 aut
1152 2268 1210 2331 per
1229 2262 1270 2313 15-

91 2391 161 2451 eos,
192 2391 270 2451 quos
298 2372 330 2436 in
358 2379 515 2456 potestate
540 2374 704 2452 habemuS,
732 2381 780 2437 set
807 2379 838 2437 et
861 2393 918 2456 per
946 2373 1040 2454 alios,
1070 2373 1209 2452 quinon

90 2503 162 2559 sunt
186 2496 351 2560 innostra
378 2504 549 2580 potestate:
581 2497 672 2562 siouti
700 2504 747 2561 est
771 2496 812 2578 is,
842 2497 895 2579 qui
922 2497 1050 2561 iundum
1075 2519 1095 2560 a
1118 2498 1208 2562 nobis

90 2620 291 2702 eonduxerit,
327 2629 359 2685 et
381 2622 566 2703 inquilinus,
601 2623 651 2686 nel
675 2623 743 2701 ille,
779 2621 864 2706 apud
892 2641 983 2702 quem
1011 2643 1077 2686 rem
1106 2642 1208 2686 meam

90 2745 291 2828 deposuerim
315 2747 367 2810 uel
392 2747 443 2810 oui
462 2767 532 2812 eam
557 2746 831 2811 commodauerim.
868 2745 929 2828 ipsi
952 2745 1034 2809 enim
1058 2754 1209 2811 natura-

87 2869 180 2934 liter
211 2869 385 2953 possident,
420 2890 480 2954 ego
513 2879 620 2935 autem
652 2871 837 2935 oiuiliter.
891 2877 922 2934 et
954 2870 1013 2934 hoo
1045 2877 1094 2934 est
1126 2870 1208 2951 quod
1228 2883 1262 2934 20

87 2995 187 3076 uulgo
213 2995 324 3059 dieitur
347 2997 580 3078 possessionem
603 3016 661 3078 per
681 2995 776 3058 alium
792 2994 922 3060 retineri
943 3015 1046 3077 posse,
1070 2995 1123 3076 qui
1138 3015 1207 3059 meo

85 3119 216 3184 nomine
240 3139 306 3184 rem
330 3119 478 3185 detineat.
517 3121 622 3184 animo
642 3125 747 3184 autem
762 3127 866 3203 potest
890 3120 959 3200 quis
975 3121 1207 3203 possessionem

86 3245 236 3324 retinere,
260 3244 334 3308 lioet
350 3265 451 3325 nequa
467 3245 546 3329 ipse,
563 3264 665 3324 neque
682 3244 808 3308 nomine
825 3243 893 3308 eius
910 3244 991 3308 alius
1011 3263 1077 3308 rem
1093 3250 1207 3324 teneat,

85 3387 224 3449 eamque
240 3388 302 3432 nou
320 3369 424 3433 animo
440 3368 679 3449 derelinquendi
695 3369 879 3450 deseruerit,
904 3375 953 3433 set
975 3389 1014 3432 ea
1037 3373 1150 3446 mente,
1175 3374 1207 3431 nt

85 3513 198 3556 rursus
223 3492 264 3556 ad
288 3513 357 3557 earu
381 3499 570 3558 reuertatur:
599 3514 673 3557 uam
696 3501 728 3558 et
751 3494 796 3557 ita
823 3493 947 3558 uidetur
973 3491 1207 3575 possessionem
1226 3503 1268 3556 251-

85 3617 235 3681 retinere.
280 3617 313 3681 id
337 3637 412 3682 uero
441 3617 557 3683 aooidit
585 3619 617 3681 iu
644 3618 748 3682 fundis
778 3623 809 3682 et
836 3616 975 3700 praediis
1003 3616 1205 3699 suburbanis;

85 3761 125 3805 ea
156 3741 242 3805 enim
271 3741 425 3806 hibernali
452 3748 594 3825 tempore
621 3743 824 3822 relinquimus
852 3747 981 3834 propter
1007 3740 1207 3804 incommoda

84 3866 308 3950 habitationis,
343 3887 383 3931 ea
404 3875 510 3931 tamen
533 3874 651 3948 mente,
688 3873 733 3946 ut,
769 3886 837 3930 sum
860 3873 984 3950 tempus
1013 3858 1204 3946 ibuitauerit,
