2870 4716
529 323 759 388 -323-

77 525 154 570 cnm
180 524 355 572 sermonem
377 525 433 588 per
459 507 748 589 interpretationem
768 506 943 574 transferri:
971 511 1093 574 ceterae
1123 525 1200 576 uero

77 625 370 722 transferebantur,
386 625 483 692 ueluti
499 626 556 692 hoc
572 626 680 692 modo:
707 627 954 709 »promittisi
969 627 1201 708 promitto«,

76 745 266 826 ὑμολογεῑςς
299 745 457 827 ὁμολογῶ,
496 743 771 827 »fideipromittisi
808 745 1029 827 fideipromitto
1042 771 1073 824 ‹,
1108 746 1204 812 πίστει

75 863 237 941 relevium
264 861 357 926 πίστει
388 863 515 943 κελεύω,
552 863 680 930 »dabis?
707 865 818 938 dabo«,
842 866 970 942 δώοειςς
998 864 1105 943 δώσω,
1142 864 1203 929 rfa—

75 981 169 1046 cies?
190 981 333 1060 faciam«,
357 983 511 1067 ποιήσειςς
536 986 662 1070 ποιήσω.
697 983 739 1047 Et
759 982 835 1046 nihil
856 983 1008 1048 intererat
1031 989 1136 1047 utrum
1157 982 1237 1047 la-rt

75 1101 148 1163 tina
183 1119 222 1164 an
251 1119 365 1183 graeca
393 1100 443 1165 uel
472 1101 584 1181 queuis
614 1101 676 1165 alia
697 1101 819 1182 lingua,
848 1101 947 1167 ueluti
970 1103 1120 1185 Syrorum
1147 1121 1201 1168 seu

76 1220 322 1304 Aegyptiorum,
343 1219 505 1301 stipulatio
527 1221 750 1301 conciperetur,
773 1221 891 1285 scilicet
909 1240 980 1286 cum
994 1226 1127 1304 uterque
1149 1223 1205 1288 sti-

76 1340 263 1420 pulantium
284 1359 323 1404 ea
352 1357 433 1420 quae
462 1339 641 1404 dicerentur
662 1345 768 1420 posset
794 1339 983 1422 intellegere.
1028 1359 1132 1422 neque
1153 1359 1205 1408 ne·

77 1477 171 1524 cesse
185 1465 255 1524 erat
265 1457 374 1524 eadem
385 1458 491 1539 lingua
503 1463 672 1540 utrumque
683 1460 738 1536 nti,
751 1464 800 1524 set
810 1459 985 1525 sufficiebat
995 1460 1021 1524 si
1033 1477 1204 1540 congruen-

77 1583 129 1642 ter
146 1579 193 1642 ad
207 1579 484 1660 interrogationem
500 1577 750 1660 responderetur.
784 1583 821 1642 ut
842 1597 913 1643 ecce
927 1579 953 1643 si
969 1598 1019 1644 me
1041 1579 1086 1644 ita
1107 1580 1203 1645 inter-
1226 1593 1256 1644 ιο

77 1697 264 1778 rogaueris:
296 1700 567 1780 »promittisie
592 1719 720 1781 possum
743 1701 945 1783 respondere3
973 1703 1129 1784 ὁμολοοῶς
1151 1701 1203 1766 uel

77 1823 197 1882 contra
225 1817 251 1882 si
281 1837 330 1884 me
357 1821 404 1885 ita
432 1820 690 1902 interrogaueris:
718 1822 893 1904 ὁμολογεῖς
920 1839 1049 1904 possum
1075 1839 1202 1902 respon-

78 1937 173 2003 dere:
201 1939 446 2020 »promitto«.
491 1941 628 2006 Possunt
649 1959 724 2006 nero
746 1945 779 2006 et
801 1939 863 2024 duo
885 1939 997 2006 Graeci
1029 1941 1128 2006 latina
1148 1941 1205 2006 lin·

79 2075 146 2138 gna
170 2057 340 2122 uerborum
367 2057 588 2140 obligationem
611 2058 809 2138 contrahere,
833 2059 932 2124 ueluti
962 2061 1204 2141 »promittisr

80 2177 308 2258 promitto«.
354 2177 438 2242 Haec
466 2183 571 2243 autem
600 2178 762 2244 sollemnia
787 2178 886 2243 uerba
914 2178 987 2244 olim
1016 2179 1141 2261 quidem
1168 2179 1200 2244 in
1226 2188 1255 2243 lt

80 2314 144 2360 usu
177 2294 323 2373 fnenmt3
356 2301 466 2377 postea
498 2315 574 2362 uero
604 2297 717 2362 Leonis
750 2297 932 2362 constitutio
961 2298 1200 2380 stipulationum

81 2414 249 2480 sollemnia
271 2414 369 2479 uerba
389 2415 533 2493 sustulit,
564 2431 696 2480 sensum*
711 2421 744 2480 et
765 2421 986 2481 consonantem
1009 2416 1200 2482 intellectum

82 2534 123 2598 ab
154 2539 289 2616 utraque
318 2540 408 2615 parte
437 2533 634 2612 desiderans,
669 2535 756 2600 nulla
783 2535 952 2601 uerborum
981 2535 1200 2602 obseruatione

44 2667 66 2715 2.
85 2654 248 2735 requisita.
294 2655 323 2718 2.
353 2652 576 2734 Stipulationes
606 2671 682 2718 uero
712 2658 768 2717 aut
795 2673 874 2735 pure
902 2659 956 2718 aut
985 2653 1017 2718 in
1045 2653 1127 2719 diem
1148 2658 1205 2718 aut
1297 2655 1299 2660 '

84 2773 145 2838 sub
168 2772 348 2838 condicione
370 2771 457 2837 finnt.
503 2792 595 2854 pure
616 2773 728 2838 ueluti:
752 2771 802 2838 OC
824 2791 968 2838 aureos
989 2772 1086 2837 mihi
1108 2772 1204 2837 dare
1221 2794 1255 2846 oo

85 2892 280 2973 spondes?
309 2911 346 2956 en
373 2911 436 2972 oua
464 2892 666 2973 stipulatione
696 2891 803 2956 statim
832 2891 942 2972 petitio
971 2891 1119 2957 nascitur.
1163 2892 1204 2956 in
1291 2871 1293 2875 ’

86 3009 200 3087 diem,
228 3029 300 3075 cum
329 3009 394 3074 dies
425 3009 559 3075 adicitur
580 3009 790 3090 stipulationi,
813 3027 875 3090 quo
897 3009 1029 3090 pecunia
1050 3009 1202 3087 soluatur,

87 3130 202 3194 ueluti:
243 3129 395 3194 »decem
429 3147 568 3194 aureos
601 3129 790 3210 proximis
828 3127 1012 3194 kalendis
1049 3127 1203 3194 martiis

88 3249 177 3314 mihi
201 3248 292 3314 dare
314 3247 528 3330 spondes?‹
554 3247 586 3311 id
608 3252 722 3326 antem,
746 3246 830 3329 qnod
845 3248 876 3311 in
899 3246 980 3311 diem
1002 3247 1199 3329 stipulamur,

89 3371 197 3434 statim
218 3367 346 3451 quidem
368 3366 515 3442 debetur,
541 3371 589 3430 set
610 3366 674 3447 peti
696 3366 784 3447 prius
805 3383 900 3447 quam
923 3364 1029 3429 ueniat
1051 3365 1117 3430 dies
1139 3383 1201 3429 non
1220 3379 1253 3430 ao

91 3493 204 3570 potest,
226 3506 263 3552 ac
285 3506 324 3552 ne
347 3505 383 3552 eo
404 3486 473 3570 ipso
493 3484 618 3566 quidem
634 3484 838 3549 kalendarum
860 3484 919 3562 die,
943 3488 1029 3549 totus
1051 3483 1132 3548 enim
1154 3482 1204 3548 hic
1301 3481 1304 3490 '

93 3606 156 3672 dies
180 3608 212 3671 in
235 3606 366 3672 arbitrio
393 3605 606 3687 promittentis
634 3608 695 3678 est,
726 3622 766 3668 an
795 3603 917 3668 soluere
943 3601 1028 3667 uelit.
1073 3601 1204 3667 sienim

95 3732 212 3808 septem
234 3727 284 3792 uel
300 3732 370 3792 octo
385 3725 482 3791 horae
496 3725 579 3790 illius
603 3723 664 3788 diei
685 3723 808 3804 elapsae
823 3721 948 3800 luerint,
972 3739 1028 3787 nec
1050 3740 1122 3787 reus
1144 3721 1209 3787 sol-

95 3846 184 3922 uerit,
208 3846 345 3910 nondum
367 3847 400 3910 in
422 3862 511 3910 mora
524 3843 710 3923 intelhgitnr
724 3859 800 3918 esse,
824 3859 894 3906 cum
915 3841 1016 3922 possit
1036 3841 1132 3906 etiam
1154 3839 1208 3904 de·

96 3966 173 4030 cima
197 3966 275 4031 hora
295 3967 426 4034 soluere.
458 3971 534 4031 tunc
556 3981 631 4027 uero
654 3963 684 4026 in
707 3981 795 4027 mora
816 3981 885 4027 esse
905 3959 1042 4038 uidetur,
1066 3977 1137 4026 cum
1158 3963 1207 4022 to-
1222 3963 1259 4012 30

97 4093 146 4152 tus
178 4087 245 4151 dies
270 4087 387 4170 primns
417 4082 621 4150 kalendarum
649 4081 832 4146 martiamm
861 4080 1037 4159 transierit,
1067 4078 1143 4144 nihil
1169 4095 1207 4144 eo
