2936 4704
543 330 773 394 -140--

20 525 22 590 ξ
107 519 202 580 autem
226 517 330 580 omnia
351 515 497 598 colligere
520 517 593 582 licet
615 516 645 582 ei
671 515 726 599 qui
754 515 822 582 dns
850 519 1078 586 secretissimas
1108 523 1221 588 consti·

107 631 233 698 tutiones
255 633 435 715 perspiciat.
499 633 579 700 iliud
601 639 707 700 autem
730 633 891 700 sciendum
913 643 972 713 est,
995 637 1055 701 etsi
1077 637 1220 717 plenissi-

108 769 166 817 mae
185 753 254 816 sint
276 751 469 832 donationes,
492 771 575 834 quae
597 753 687 818 iuxta
708 752 902 836 praedictum
925 754 1051 820 modum
1066 752 1152 834 fiant,
1175 756 1219 822 in·

106 876 205 952 gratus
235 877 342 938 eutem
371 890 448 954 erga
476 871 706 939 benefactorem
736 873 881 938 soumis
911 874 942 939 in
972 892 1065 956 quem
1094 874 1221 942 donetio

107 989 220 1055 coninte
250 990 294 1055 sit
321 990 485 1071 probetur,
515 989 769 1056 constitutionem
799 991 949 1074 principis
978 994 1079 1058 nostri
1108 993 1219 1076 permi-
1255 993 1272 1044 ὅ

106 1109 174 1174 sisse
193 1107 293 1174 certis
315 1129 353 1176 ex
375 1111 497 1190 causis,
528 1129 610 1193 quae
631 1111 888 1194 ingratitudinem
910 1111 1140 1192 praeseferant,
1166 1131 1221 1178 aas

107 1245 246 1294 reuocare
268 1229 321 1303 ita
345 1235 381 1294 ut
403 1247 494 1295 nemo
516 1230 571 1312 qui
598 1229 741 1296 beneficii
763 1248 858 1296 causa
884 1248 935 1295 res
964 1248 1038 1296 suas
1064 1231 1097 1295 in
1124 1231 1220 1298 abum

107 1347 272 1422 contulerit,
294 1347 442 1413 iniuriam
462 1349 505 1414 eti
519 1354 660 1415 acturam
682 1348 723 1414 ab
744 1348 795 1413 his
816 1349 965 1430 patiatur,
988 1349 1104 1431 quibus
1126 1349 1222 1416 dona·

106 1468 186 1532 uerit
232 1468 341 1532 modos
363 1470 469 1533 entem
492 1467 727 1550 ingratitudinis
749 1475 783 1533 et
807 1467 961 1547 actiones,
984 1487 1041 1550 per
1063 1486 1143 1552 quas
1165 1469 1219 1535 do

107 1584 239 1650 nationes
265 1586 499 1665 rescindantur,
522 1604 614 1652 nosse
634 1583 709 1651 licet
730 1585 758 1651 ei
781 1587 835 1668 qui
857 1587 1110 1653 constitutionem
1133 1607 1220 1670 prae-
1238 1601 1270 1652 ιο

73 1701 211 1784 ,dictam
230 1703 323 1786 leget
380 1705 409 1768 3.
449 1705 509 1770 Est
530 1712 563 1770 et
584 1704 669 1770 aliud
691 1725 790 1787 genus
812 1706 895 1772 inter
917 1705 1008 1772 uiuos
1030 1707 1217 1786 donationis,

106 1822 179 1902 quod
200 1822 408 1904 prudentibus
430 1821 558 1905 quidem
579 1823 721 1905 ignotum
744 1831 827 1904 erat,
849 1823 1088 1891 constitutiones
1110 1833 1216 1892 autem

106 1939 269 2022 principum
306 1941 516 2022 prudentibus
558 1943 748 2008 recentiores
785 1940 1037 2009 introduxerunt.
1101 1943 1218 2010 dicitnr

107 2064 201 2124 autem
222 2065 295 2125 ante
317 2061 444 2142 nuptias
466 2059 622 2155 donabo„
650 2079 718 2126 eam
742 2077 875 2142 sponsus
904 2060 937 2126 in
969 2078 1115 2142 sponsam
1146 2079 1218 2126 oon·

20 2255 21 2258 ¹
108 2174 170 2253 tert,
189 2177 317 2244 tamtam
340 2179 372 2243 in
400 2197 434 2244 se
463 2179 675 2245 condicionem
704 2179 886 2258 habentem,
916 2184 953 2244 ut
978 2185 1045 2245 tum
1075 2185 1146 2244 rata
1175 2183 1218 2244 sit
1236 2187 1268 2238 lo

108 2313 169 2360 cum
194 2297 423 2363 matrimonium
452 2303 615 2378 sequatur.
666 2298 798 2379 ideoque
826 2297 983 2380 appellata
1011 2303 1060 2362 est
1088 2296 1217 2362 donetio

108 2420 172 2478 ante
192 2417 325 2497 nuptias,
348 2416 424 2497 quia
445 2422 519 2482 ente
543 2417 776 2483 matrimonium
798 2416 988 2483 celebratum
1010 2414 1116 2495 fieret,
1139 2435 1217 2482 nun·

107 2548 191 2610 quem
210 2553 285 2600 uero
307 2541 379 2615 post
408 2536 543 2616 nuptias.
594 2537 720 2614 penitus
748 2535 830 2600 enim
858 2535 958 2601 omnis
990 2533 1118 2600 donatio
1145 2553 1218 2600 eon·

106 2655 202 2717 stante
220 2652 418 2718 matrimonio
441 2653 523 2718 inter
545 2653 651 2718 uirum
674 2659 707 2718 et
728 2671 855 2719 uxorem
877 2654 978 2718 uetita
993 2659 1051 2720 est
1079 2657 1130 2719 eet
1150 2651 1216 2719 lata

107 2777 149 2834 est
168 2773 348 2838 constitutio
370 2773 464 2839 diuae
478 2775 647 2839 memoriae
661 2769 783 2851 Iustini,
805 2790 868 2853 qua
883 2771 1084 2855 permittitur,
1107 2772 1215 2854 (sicuti
1232 2779 1267 2832 eo

106 2892 294 2958 auctoribus
316 2893 524 2974 prodentibus
547 2909 728 2958 concessum
751 2896 821 2957 erat
834 2895 996 2957 constante
1018 2891 1214 2956 matrimonio

106 3008 202 3074 dotem
221 3029 346 3094 augere,
368 3009 467 3077 ueluti
490 3013 515 3076 si
538 3011 594 3075 dos
617 3010 691 3075 date
712 3008 808 3075 fuerit
822 3027 989 3074 aureorum
1005 3015 1139 3088 centum,
1162 3025 1213 3091 po-

107 3135 182 3191 terat
208 3137 237 3194 et
263 3137 337 3210 post
364 3127 539 3197 celebratas
570 3130 697 3208 nuptias
725 3148 802 3195 uror
829 3126 955 3195 adicere
984 3133 1132 3210 quantam
1160 3145 1215 3192 uo-

105 3244 207 3311 luisset
229 3249 392 3330 pecuniam
419 3255 452 3314 ct
479 3248 584 3314 dotem
611 3267 744 3328 augere,
778 3253 811 3314 et
838 3265 928 3312 nemo
954 3247 987 3312 id
1017 3247 1215 3313 donationem

106 3365 249 3449 uocabat),
271 3367 316 3432 ita
338 3373 371 3432 et
392 3373 465 3430 ante
488 3367 613 3446 nuptias
635 3365 834 3431 donationem
849 3365 918 3430 niro
934 3383 1060 3445 augere,
1082 3381 1215 3447 cumque
1231 3369 1266 3422 2⁶

106 3499 249 3564 unapars
272 3503 390 3566 augere
411 3490 529 3565 posset,
553 3489 585 3550 et
605 3482 698 3549 alteri
720 3484 752 3548 id
775 3482 910 3549 faciendi
937 3483 1049 3550 tribuit
1077 3487 1212 3565 potesta·

106 3607 170 3665 tem
212 3611 256 3669 set
277 3621 348 3668 cum
371 3603 448 3669 baec
471 3603 653 3669 constitutio
676 3600 899 3684 disposuisset,
920 3601 1144 3668 inconueniens
1166 3617 1213 3668 re-

107 3720 240 3786 manebat
259 3738 370 3788 nomen
397 3722 585 3788 »donatio
606 3729 702 3787 ante
724 3722 920 3804 nuptias«.
944 3719 1109 3788 dicebatur
1131 3721 1212 3786 enim

108 3843 190 3902 ante
211 3843 372 3921 nuptias
394 3847 427 3905 et
447 3856 529 3920 quae
551 3844 638 3920 post
658 3838 823 3921 nuptias
852 3838 959 3913 fieret;
986 3846 1019 3905 et
1045 3838 1118 3906 ideo
1139 3839 1214 3920 piis·

108 3954 197 4021 simus
222 3960 362 4042 princeps
388 3967 496 4025 noster
522 3961 607 4041 leges
636 3959 815 4041 plenissimo
843 3959 897 4025 fini
926 3960 1052 4026 tradere
1080 3961 1209 4040 cupiens
1227 3969 1262 4022 eo
