2926 4708
538 323 771 388 -210-

91 529 160 578 oum
183 512 217 578 iu
240 511 330 579 bouis
353 509 418 578 tois
448 509 525 594 siti)
552 509 656 594 polum
688 515 748 576 oet
795 527 837 578 en
868 527 945 578 uero
977 508 1046 577 eino
1077 508 1213 593 pretinm

91 632 240 716 consequi
262 628 404 714 poteris?
427 631 526 698 etsie
548 629 742 713 distinguere
762 635 896 714 oportet.
940 629 967 696 si
995 628 1121 714 quidem
1143 643 1213 694 eom

91 749 248 834 emptione
269 749 461 832 quaesieris,
484 768 522 816 ex
543 753 732 815 testamento
761 767 832 814 eum
858 747 975 816 herede
1001 765 1077 832 eges
1099 751 1136 814 nt
1157 749 1215 816 tibi

90 870 224 952 pretium
249 869 363 936 solunt
407 867 585 935 sinentem
612 886 650 934 ex
678 867 846 935 donatione
873 869 941 934 eins
968 867 1015 935 rei
1044 867 1213 935 dominium

91 990 225 1071 adeptus
248 1007 294 1070 es,
314 989 367 1056 uel
390 1008 429 1054 ex
450 987 565 1071 legato,
589 987 724 1068 pretinm
746 993 854 1070 petere
875 1004 937 1052 uon
952 985 1072 1070 poteris
1086 991 1216 1069 propter
1249 987 1267 1042 ὅ

92 1108 251 1188 reguiam
274 1124 355 1188 qnoe
376 1105 423 1173 eit
451 1126 489 1174 ex
518 1106 641 1172 duobus
668 1103 834 1172 ineuntiuis
863 1106 966 1174 oensis
995 1105 1126 1174 eundem
1147 1122 1214 1172 rem

92 1225 217 1310 saepius
240 1225 365 1308 odquui
386 1245 447 1292 non
470 1244 574 1309 posse.
618 1227 728 1294 endem
757 1225 880 1294 notione
906 1225 933 1292 ei
955 1222 1078 1292 Poimen
1107 1231 1139 1290 et
1161 1222 1215 1292 Se·

91 1346 211 1411 eundue
235 1345 367 1410 enodem
391 1361 457 1409 rem
472 1316 748 1428 mihiiegnneriut
770 1344 883 1410 deinde
897 1345 1098 1422 decesserint,
1120 1361 1214 1430 quoe·

91 1466 168 1530 nitur
189 1482 232 1528 nn
256 1465 298 1530 eb
320 1463 489 1546 utriusque
510 1462 680 1530 heredibus
701 1462 840 1544 tegetum
869 1468 978 1546 petere
999 1479 1136 1546 possum.
1181 1463 1214 1528 et

92 1585 187 1666 magis
212 1591 263 1649 est
285 1589 321 1650 ut
343 1583 370 1649 si
393 1603 433 1649 ex
455 1583 548 1648 unius
570 1588 758 1650 testamento
781 1583 842 1648 iem
864 1557 922 1648 sim
944 1587 1153 1660 remundus,
1176 1599 1214 1646 ex
1234 1591 1267 1644 ιο

91 1704 186 1771 nitere
210 1709 402 1770 testamento
426 1721 528 1786 neque
548 1701 648 1785 ipsum
670 1721 737 1770 rem
759 1702 888 1786 (qnippe
910 1719 991 1786 quoe
1012 1702 1075 1768 iem
1096 1702 1129 1768 in
1144 1719 1213 1768 mee

92 1823 229 1888 dominio
251 1822 305 1904 sit)
328 1839 431 1904 neque
454 1822 591 1902 pretium
612 1838 799 1905 consequen
821 1839 892 1888 eum
913 1837 980 1888 rem
1001 1839 1040 1886 ex
1057 1819 1214 1887 lucretius

92 1959 183 2006 enusu
197 1941 345 2008 habeam.
366 1942 393 2007 ni
416 1947 518 2008 tumen
542 1960 580 2008 ex
601 1959 663 2008 uno
684 1948 871 2008 testamento
893 1939 1141 2008 aestimationem
1163 1955 1214 2006 no·

53 2078 76 2131 n.
92 2061 234 2143 ceperim,
257 2060 367 2143 procul
389 2060 485 2126 dubio
507 2079 545 2126 eu
567 2058 666 2126 altero
688 2077 754 2126 rem
782 2075 965 2142 persequor.
1009 2057 1038 2121 7.
1072 2057 1142 2122 Non
1164 2073 1214 2122 so·

93 2177 154 2244 inm
174 2196 259 2261 quoe
280 2181 312 2245 in
338 2199 444 2246 rernm
471 2186 585 2246 notura
612 2186 702 2259 sunt,
730 2185 780 2246 sot
808 2180 902 2245 etium
928 2196 1010 2261 quoe
1038 2196 1099 2244 non
1129 2179 1213 2256 snut,
1233 2193 1265 2246 lo

92 2296 197 2362 tuturo
217 2303 323 2364 eutem
346 2306 513 2382 sperentur
526 2301 618 2365 'reete
639 2299 789 2381 legemus.
834 2297 932 2365 ueluti
954 2297 1085 2376 innotus,
1106 2294 1213 2380 quiin

92 2415 146 2483 illo
169 2415 267 2484 fundo
294 2415 362 2482 neti
390 2425 485 2484 eruut
513 2425 571 2484 ent
596 2418 681 2499 quod
715 2437 754 2484 ex
779 2417 834 2484 illo
862 2415 976 2484 moilla
1003 2421 1113 2482 netum
1142 2413 1212 2480 erit

53 2543 76 2595 e
93 2535 123 2600 8.
145 2533 177 2600 Si
199 2535 322 2603 dnobus
344 2554 438 2603 unum
461 2536 652 2618 eandemque
673 2554 740 2603 rem
754 2536 925 2619 legeuerim
939 2534 1009 2601 nine
1023 2531 1211 2600 ooninuetim

93 2655 164 2720 sine
184 2653 372 2733 disiunctim
396 2659 484 2737 petet
505 2659 611 2721 numm
634 2660 768 2735 uterque
790 2655 927 2736 tegetum
949 2655 981 2721 in
1004 2653 1084 2719 dues
1105 2659 1212 2736 pentes

92 2773 181 2840 inter
201 2791 252 2840 eos
273 2772 413 2856 legatum
435 2772 604 2840 diuidetnr.
648 2776 677 2839 si
698 2791 775 2839 nero
796 2772 877 2838 alter
905 2770 1046 2848 deficiet,
1074 2775 1131 2838 out
1158 2787 1212 2836 uo·
1230 2795 1266 2848 ω
